1884 3112
10 1699 13 1702 .
0 1646 17 1668 2*
0 1540 14 1632 m
0 1378 21 1552 &neum
0 1157 21 1375 tsswwrss-,fawm
0 814 26 1159 2³-zssssssvmwm
18 931 19 934 „

592 249 885 299 ‘HELENA
925 253 1187 301 PARIDI.
1524 259 1611 320 317

256 344 349 394 Nec
369 342 564 412 spolium
583 345 728 394 nostri
751 357 880 413 turpe
902 347 1088 414 pudoris
1109 347 1238 396 habe.

193 424 258 474 At
275 425 428 474 Venus
447 424 534 472 hoc
558 436 686 491 pacta
707 436 776 473 est
794 444 804 472 :
825 436 869 473 et
890 425 938 472 in
962 424 1058 474 altae
1078 424 1267 474 vallibus
1290 425 1379 475 ldae
1466 462 1469 465 -
1552 441 1614 474 ιι5

257 503 368 552 Tres
394 501 479 552 tibi
497 521 542 552 se
566 502 712 552 nudas
736 502 976 552 exhibuere
1002 504 1108 551 Deae
1130 521 1140 550 :

193 579 383 646 Unaque
408 598 545 646 quum
564 598 771 643 regnum,
794 578 904 628 belli
923 578 1046 627 daret
1069 577 1205 627 altera
1220 577 1422 639 laudem

197 668 208 677 ”
258 657 538 724 Tyndaridos
561 658 744 723 conjux,
771 657 900 706 tertia
924 656 1060 713 dixit,
1085 656 1183 704 eris.

197 734 385 784 Credere
408 735 480 783 vix
501 734 705 802 equidem
726 733 914 783 caelestia
935 751 1123 800 corpora
1145 752 1329 800 possum

260 811 464 860 Arbitrio
487 811 672 860 formam
691 811 983 878 supposuisse
1005 822 1095 859 tuo.
1557 836 1619 860 120

197 889 347 955 thue
365 889 426 938 sit
443 888 534 938 ‘h'oc
555 908 728 947 verum,
754 900 873 937 certe
898 907 999 955 pars
1023 886 1159 936 altera
1179 887 1283 936 ficta
1303 899 1388 947 est,

259 965 427 1014 Judicii
448 965 641 1033 pretium
666 985 754 1032 qua
777 965 879 1014 data
902 965 1027 1014 dicor
1048 985 1145 1028 ego.

195 1045 300 1094 Non
321 1056 390 1093 est
412 1055 534 1093 tanta
555 1043 668 1092 mihi
689 1042 851 1092 fiducia
874 1043 1097 1110 corporis,
1122 1054 1175 1090 ut
1195 1061 1265 1091 me

261 1122 478 1182 Maxima,
503 1134 613 1172 teste
636 1123 751 1179 Dea,
779 1121 897 1170 dona
919 1121 1054 1170 fuisse
1078 1132 1244 1187 putem.

199 1199 423 1249 Contenta
445 1212 512 1249 est
534 1199 675 1249 oculis
697 1199 931 1248 hominum
954 1218 1050 1248 mea
1070 1199 1213 1247 forma
1235 1197 1446 1265 probari:
1561 1212 1623 1248 125

262 1278 503 1327 Laudatrix
526 1279 676 1326 Venus
698 1289 765 1326 est
784 1276 1004 1325 invidiosa
1026 1276 1148 1324 mihi.

199 1354 289 1404 Sed
309 1354 424 1403 nihil
447 1354 622 1404 infirmo
645 1374 655 1404 :
674 1354 798 1404 faveo
824 1373 1004 1422 quoque
1028 1353 1236 1403 laudibus
1260 1353 1385 1412 istis;

197 1468 237 1503 in
251 1467 320 1504 hoe
338 1467 447 1503 verbo
462 1467 513 1504 vis
523 1494 534 1512 ,
555 1474 591 1503 et
606 1468 721 1513 major
733 1494 742 1511 ‚
770 1479 878 1512 quam

197 1521 237 1556 in
250 1520 471 1566 labefactare.
489 1520 572 1555 Vid.
588 1515 727 1556 Manut.
745 1520 788 1555 ad
804 1519 877 1555 Cic.

198 1583 247 1618 v,
263 1573 307 1608 ad
324 1572 446 1608 Famil.
466 1573 515 1608 13.
541 1573 672 1608 Bunm.

245 1626 318 1660 115.
333 1626 429 1661 Elin
437 1627 526 1660 altae.
543 1625 648 1660 Forte
659 1651 669 1668 ‚
681 1628 728 1658 ut.
743 1624 877 1659 Hmns.

198 1677 312 1719 Altis,
331 1677 463 1712 Levan.
479 1683 515 1712 et
528 1677 698 1712 Bet-nens.
710 1689 811 1711 unus.

245 1729 318 1765 115.
343 1730 535 1764 Exhibuere
565 1730 659 1764 Deoe.
683 1731 878 1773 Exposuem

198 1794 274 1817 non
296 1781 414 1817 minus
435 1781 613 1828 eleganter
632 1781 765 1816 Moreti
781 1781 878 1816 alter.

198 1834 288 1870 Mox
298 1860 309 1879 ,
333 1835 544 1882 Tyndaridos
555 1833 652 1880 prior
664 1833 807 1868 Moreti.
819 1833 879 1868 Sic

199 1888 356 1922 .AE'olidos
367 1893 404 1922 et
417 1886 550 1922 similia.
561 1885 685 1921 Graeco
698 1898 808 1920 more.
829 1886 878 1919 H.

201 1938 246 1974 In
261 1939 369 1974 verbo
384 1951 550 1984 exponere
571 1939 726 1974 subesset
750 1937 879 1982 aliquid

201 1990 354 2026 oboeoeni
365 2003 496 2026 sensus.
508 1989 678 2035 Quinctil.
691 1989 790 2024 Decl.
801 1999 877 2032 xw,

200 2056 231 2078 c.
241 2043 262 2078 3
272 2055 282 2078 ε
290 2043 419 2078 Halm
425 2045 575 2078 omnibus
583 2045 739 2087 exposita
753 2045 881 2075 morla-

200 2098 301 2137 lt'bus.
326 2095 374 2131 Et
390 2109 464 2142 cap.
482 2110 499 2142 7
519 2108 527 2131 :
546 2097 715 2139 Exposita
733 2096 882 2128 ebn'ela-

201 2151 292 2184 tibus
301 2175 310 2189 ‚
322 2150 464 2183 addicta
471 2151 684 2193 petulantitln
698 2153 734 2182 et
744 2146 881 2192 passim.

205 2200 329 2246 Quare
338 2201 476 2236 retineo
482 2203 686 2242 exhibuisse3
696 2212 780 2234 narn
787 2198 884 2233 idem

203 2259 305 2288 notat
312 2253 406 2299 quod
418 2253 618 2298 ostendere,
627 2252 761 2299 publice
767 2263 884 2285 mons·

204 2312 310 2341 trare.
322 2305 430 2351 Epist.
442 2317 505 2340 xrx
514 2332 524 2350 ,
537 2305 582 2349 34
592 2318 600 2340 :
612 2306 780 2339 Exbt'bui!
781 2305 884 2348 pulso

204 2359 319 2393 sidera
334 2360 431 2392 clara
443 2359 510 2392 die.
541 2357 672 2392 Bmuu.

253 2423 267 2444 ι
276 2423 325 2458 19.
337 2411 493 2445 Cea-sua
498 2422 646 2454 corpora.
657 2409 803 2444 Numina
812 2408 885 2458 qui·

207 2461 290 2497 dam
297 2474 305 2497 :
313 2474 450 2506 corpora
459 2461 575 2507 scripti
582 2460 751 2507 plerique,
765 2467 801 2495 et
811 2460 886 2506 pri-

206 2513 463 2550 maeeditiones.
479 2513 609 2549 Noster
625 2513 715 2548 Met.
731 2524 792 2558 xv,
803 2512 885 2548 662:

452 2591 484 2599 ...
494 2574 646 2607 'ramusque
659 2573 767 2599 videbor
777 2591 788 2605 ‚

207 2625 240 2650 In
252 2629 381 2668 quantun
392 2623 459 2648 verti
470 2623 580 2648 celesti·
592 2631 705 2656 corpora
715 2621 819 2648 debent.

209 2673 382 2719 Exoerpta
397 2672 566 2708 Vossiana
578 2698 587 2716 ,
600 2668 764 2717 pectora5
781 2671 887 2708 etiam

206 2725 310 2762 bene.
326 2725 385 2761 sic
401 2725 457 2760 lib.
468 2735 499 2760 11
513 2751 523 2768 ,
546 2724 652 2759 Trist.
668 2723 711 2758 de
726 2723 832 2770 Aug.:

209 2784 261 2811 ras
274 2792 335 2817 ergo
345 2789 384 2811 est
393 2783 481 2820 aliqua
494 2782 605 2811 celestia
612 2787 728 2818 pectora
738 2781 806 2808 faui.

943 1467 1015 1502 Ubi
1030 1466 1134 1502 etiam
1154 1478 1339 1512 perperam
1354 1465 1392 1499 in
1415 1464 1623 1510 quibusdam

942 1519 1051 1555 MSS.
1071 1526 1122 1553 est
1135 1545 1144 1562 ,
1170 1521 1316 1562 numina.
1333 1517 1468 1552 Hssms.

989 1585 1061 1605 121.
1083 1572 1191 1615 thue
1208 1573 1257 1604 sil
1270 1572 1334 1604 hoc
1355 1582 1478 1603 verum.
1497 1569 1556 1604 Sic
1581 1581 1596 1604 1
1608 1596 1619 1613 ‚

942 1623 1048 1658 Pont.
1067 1633 1123 1656 vn
1136 1648 1145 1665 ,
1170 1635 1210 1669 19
1226 1635 1235 1657 ι
1257 1623 1365 1666 thue
1379 1624 1429 1655 sil
1442 1623 1484 1656 id
1497 1635 1622 1668 vetum.

941 1676 1065 1711 Senec.
1078 1675 1187 1720 Epist.
1198 1686 1266 1708 Lxx
1279 1687 1287 1708 :
1310 1675 1359 1707 Ut
1365 1677 1415 1708 sit
1423 1676 1487 1708 hoc
1495 1687 1622 1716 verum,

940 1741 1007 1763 non
1024 1731 1118 1762 omni
1123 1730 1234 1771 prelio
1254 1729 1328 1761 vila
1343 1727 1486 1760 emenda
1499 1730 1561 1760 est.
1580 1726 1624 1762 B.

989 1796 1002 1816 1
1009 1781 1061 1816 23.
1077 1783 1152 1816 Non
1162 1785 1218 1815 cst
1227 1784 1326 1814 lanta
1336 1781 1491 1814 mibietc.
1507 1780 1623 1814 Fran-

941 1833 1013 1869 cius
1037 1832 1188 1867 malebat
1205 1845 1214 1866 :
1238 1833 1314 1868 Non
1333 1833 1420 1866 mihi
1437 1835 1536 1865 tanta
1557 1835 1627 1867 mei

930 1887 1066 1932 fiducia
1086 1886 1243 1928 corporis.

991 1938 1063 1972 126.
1080 1939 1272 1971 Laudatrezc
1290 1937 1401 1970 Venus
1417 1941 1482 1970 etc.
1494 1934 1557 1970 Me
1572 1934 1627 1970 lae-

945 1992 1016 2035 dit,
1034 1990 1119 2025 dum
1137 1989 1254 2025 laudat
1266 2015 1276 2033 ‚
1297 1990 1440 2031 Venus;
1457 1987 1625 2023 velsrau-

945 2044 1029 2079 dem
1061 2051 1160 2089 parat
1174 2070 1184 2086 ,
1214 2049 1251 2078 et
1278 2042 1428 2077 insidias.
1467 2041 1627 2086 Quidam

946 2097 1042 2132 enim
1066 2097 1249 2135 insidiosa,
1277 2093 1418 2139 legunt,
1440 2092 1535 2138 quod
1552 2106 1627 2128 non

946 2151 994 2185 ita
1017 2149 1221 2195 respuerim.
1251 2166 1295 2174 -—
1318 2148 1500 2182 Invidiosa.
1527 2148 1627 2181 Insi-

947 2205 1046 2238 diosa
1069 2202 1106 2236 in
1130 2213 1203 2235 uno
1219 2199 1391 2234 Vaticano
1405 2224 1414 2242 ,
1443 2205 1478 2232 et
1503 2197 1539 2232 in
1566 2210 1629 2232 ora

948 2253 1089 2288 alterius
1097 2265 1105 2287 :
1113 2252 1232 2298 placet.
1244 2249 1350 2286 Clor.
1364 2249 1469 2284 Multi
1479 2248 1627 2293 codices,

947 2309 1123 2342 insidiosa.
1135 2307 1322 2346 Ins-idiota,
1341 2303 1512 2338 Bernens.
1526 2315 1629 2338 unus.

997 2375 1068 2406 ¹27·
1093 2361 1164 2395 Sed
1175 2361 1265 2394 nihil
1285 2360 1422 2404 itfirmo.
1451 2357 1494 2391 In
1521 2357 1632 2391 altero

949 2413 1159 2450 eorumdem
1183 2412 1353 2447 librorum
1366 2438 1376 2455 ,
1402 2412 1567 2456 infirmor,·
1592 2409 1630 2444 iu

949 2467 1107 2513 margine
1123 2478 1207 2501 vero
1222 2492 1232 2509 ‚
1258 2472 1294 2501 et
1308 2466 1343 2500 in
1358 2465 1466 2500 altero
1483 2470 1551 2507 est,
1567 2466 1631 2498 in-

939 2523 1053 2568 ficior.
1065 2518 1186 2554 Glossa
1203 2516 1374 2552 Puteanei
1395 2516 1470 2550 libri
1484 2540 1494 2558 ‚
1511 2516 1552 2549 id
1561 2518 1629 2555 est,

951 2576 1123 2615 vitupero:
1140 2569 1217 2604 libri
1226 2568 1328 2604 multi
1341 2594 1350 2612 ,
1366 2569 1529 2614 infirmor:
1541 2577 1632 2611 quo-

951 2622 1059 2658 modo
1074 2628 1110 2656 et
1124 2621 1148 2656 J
1151 2621 1241 2655 ureti
1259 2620 1439 2664 Excerpta.
1470 2619 1608 2651 lusinuo
1619 2643 1630 2658 ‚

952 2674 1130 2710 Palatinus
1158 2685 1167 2707 t
1191 2685 1235 2707 an
1250 2698 1260 2716 ,
1290 2672 1447 2706 insimulo
1476 2668 1633 2704 scriben-

953 2725 1040 2759 dum
1055 2724 1070 2759 ?
1094 2724 1178 2759 Duo
1195 2723 1270 2766 alii,
1282 2722 1422 2767 offendo
1436 2734 1447 2756 ,⁶
1462 2721 1553 2755 sorte
1566 2731 1632 2765 pro

953 2776 1118 2823 offendor.
1142 2776 1246 2814 Unus
1261 2771 1485 2813 Lovaniensis
1499 2777 1534 2809 et
1550 2771 1630 2808 va-
