1884 3112
333 261 420 321 298

760 260 1116 306 EPISTOLA
1161 263 1306 310 XVI.

392 348 479 398 Sed
501 366 676 398 revocas
700 349 854 398 oculos
877 352 1082 417 protinus
1104 353 1200 419 ipsa
1215 368 1354 403 meos·

329 426 452 490 Quid
472 425 642 485 faciam,
669 425 827 475 dubito
848 445 859 475 ε
885 427 1014 476 dolor
1036 440 1103 477 est
1125 449 1247 480 meus
1267 431 1342 481 illa
1363 432 1527 494 videre;

395 503 480 552 Sed
505 502 632 552 dolor
645 490 678 552 *a
702 503 810 553 facie
831 505 971 571 major
993 505 1145 555 abesse
1170 519 1256 557 tua.
1483 502 1486 504 ’

329 579 432 643 Qua
452 578 554 628 licet
574 591 620 627 et
640 599 824 646 possum
839 617 851 639 ‚
877 580 1022 630 luctor
1044 583 1181 633 celare
1205 585 1426 636 furorem:

1672 603 1736 638 235

387 654 474 703 Sed
499 666 642 704 tamen
666 668 850 723 apparet
874 657 1174 709 dissimulatus
1197 681 1331 711 amor.

324 733 415 781 Nec
440 732 523 781 tibi
546 733 679 782 verba
697 733 849 783 damus
870 754 879 783 :
900 737 1035 785 sentis
1059 756 1155 786 mea
1176 734 1382 800 vulnera,
1409 740 1571 799 sentis;
1615 771 1620 810 ξ

384 808 533 874 Atque
556 810 725 859 utinam
749 810 834 859 soli
857 812 947 860 sint
969 831 1020 861 ea
1040 825 1147 862 nota
1170 815 1281 863 tibi!

321 883 421 932 Ah!
449 885 653 950 quoties,
670 885 859 935 lacrimis
882 889 1182 950 venientibus,
1210 911 1286 940 ora
1308 892 1480 952 reflexi,

389 960 456 1008 Ne
482 979 654 1010 causam
675 963 803 1011 fletus
827 978 1038 1030 quaereret
1060 965 1133 1015 ille
1150 968 1261 1016 mei!

325 1035 422 1084 Ah!
446 1038 620 1103 quoties
636 1039 845 1104 juvenum
862 1043 1033 1109 narravi
1056 1055 1192 1109 potus
1216 1063 1407 1104 amoreS,

387 1114 461 1162 Ad
484 1114 632 1163 vultus
655 1115 846 1166 referens
870 1119 1044 1182 singula
1066 1121 1200 1170 verba
1223 1133 1324 1170 tuos
1337 1110 1355 1170 !'

321 1189 626 1258 Indiciumque
649 1193 735 1241 mei
757 1193 861 1242 ficto
887 1197 970 1244 sub
994 1198 1172 1247 nomine
1196 1197 1307 1257 feci;

387 1265 467 1314 Ille
492 1286 596 1330 ego,
623 1269 661 1316 si
682 1271 846 1329 nescis,
871 1291 998 1321 verus
1020 1286 1188 1323 amator
1210 1294 1339 1323 eram.

319 1341 446 1405 Quin
470 1344 621 1403 etiam,
646 1357 698 1394 ut
718 1366 895 1413 possem
917 1350 1063 1399 verbis
1087 1350 1394 1417 petulantibus
1417 1352 1505 1410 uti,

382 1421 486 1469 Non
508 1421 640 1471 semel
664 1424 853 1474 ebrietas
876 1439 943 1475 est
967 1427 1170 1477 simulata
1191 1428 1314 1476 mihi.

318 1499 503 1548 Prodita
524 1513 652 1558 sunt,
676 1504 877 1561 memini,
905 1505 1052 1553 tunica
1076 1517 1151 1553 tua
1173 1517 1353 1572 pectora
1375 1505 1491 1564 laxa,

380 1577 528 1643 Atque
555 1578 694 1627 oculis
717 1580 884 1628 aditum
909 1581 1029 1629 nuda
1052 1580 1209 1629 dedere
1232 1581 1365 1639 meis;

316 1652 502 1700 Pectora
523 1653 591 1702 vel
614 1655 738 1720 puris
761 1656 959 1714 nivibus,
985 1654 1054 1704 vel
1076 1655 1208 1714 lacte;
1236 1668 1443 1723 tuamque

388 1729 629 1796 Complexo
653 1739 834 1779 matrem
858 1731 1111 1780 candidiora
1132 1733 1255 1780 Jove.

315 1803 435 1852 Dum
458 1817 616 1871 stupeo
639 1806 763 1866 visis,
789 1826 890 1855 nam
911 1807 1072 1874 pocula
1093 1807 1207 1856 forte
1229 1808 1454 1866 tenebam,

358 1939 433 1973 235.
468 1940 543 1982 Qua
567 1940 651 1973 licet
673 1943 710 1973 cl
724 1952 871 1983 possum.
894 1940 990 1974 Hel-

320 1990 590 2033 maestadiensis,
599 1995 787 2035 utpossum,
798 2004 871 2026 non
886 1993 989 2037 male,

315 2042 351 2075 id
379 2049 430 2076 est
444 2068 454 2085 ,
484 2049 654 2087 quantum
682 2055 831 2088 possum.
857 2043 989 2079 Hssms.

315 2093 387 2127 Pro
405 2096 522 2135 luctor,
542 2094 684 2139 quidam
699 2095 783 2130 editi
799 2102 834 2130 et
848 2095 964 2141 scripti
978 2121 988 2140 ,

318 2150 417 2179 nitor.

358 2197 432 2243 239.
450 2197 615 2232 Lucn'mis
630 2200 851 2232 venientibus.
869 2198 989 2232 Fran-

315 2248 388 2282 ‹tIus
400 2248 557 2291 volebat,
574 2252 772 2290 orientibus,
788 2250 843 2284 vel
853 2262 989 2284 manan-

314 2302 426 2343 tibus5
442 2313 625 2345 perperam
643 2313 650 2335 :
671 2301 728 2336 lib.
745 2313 778 2344 r,
796 2301 872 2336 Art.
885 2302 945 2336 661
965 2314 973 2337 z

313 2359 340 2382 si
352 2359 474 2391 lacrimae,
486 2368 532 2384 nec
540 2360 609 2384 enim
614 2361 721 2386 veniunt
727 2361 754 2384 in
760 2365 873 2393 tempore
879 2369 988 2394 semper,

346 2406 486 2433 Deficiunt.
794 2410 892 2435 Eunu.

357 2457 431 2499 241.
450 2456 507 2490 Ab
518 2454 528 2490 !
545 2460 673 2501 quoties
673 2457 834 2502 juvenum
844 2465 907 2492 etc.
920 2457 989 2492 Le-

314 2519 394 2551 gere
423 2507 476 2541 vir
496 2507 616 2543 doctus
641 2508 809 2551 malebat,
843 2509 987 2544 Miscell.

314 2558 462 2593 Observ.
477 2559 543 2594 vol.
558 2570 612 2594 vn
623 2585 632 2603 ‚
651 2567 735 2594 tom.
751 2571 780 2593 11
795 2586 804 2603 ‚
822 2573 853 2605 p.
871 2574 930 2608 291
946 2573 955 2595 x

313 2613 338 2637 Ο
353 2614 453 2646 quoties
463 2616 561 2647 juvenis
572 2616 674 2640 narravi
687 2620 762 2648 potus
773 2617 887 2640 amores!

314 2661 368 2696 Ex
393 2674 492 2696 versu
522 2665 586 2707 244
598 2689 608 2706 ,
648 2670 782 2698 certum
801 2662 987 2708 quemdam

313 2712 478 2756 juvenem
495 2714 702 2761 intelligens,
714 2715 778 2750 sub
793 2715 890 2759 cujus
907 2728 989 2760 per-

315 2775 400 2797 sona
423 2763 520 2799 Paris
546 2765 692 2800 latuerit.
713 2765 861 2811 Guelph.
886 2767 986 2811 prim.

1054 1940 1194 1976 secund.
1212 1946 1247 1975 et
1263 1947 1374 1986 quart.
1386 1953 1395 1976 τ
1405 1941 1482 1976 Ah!
1498 1942 1649 1985 quotiens
1663 1942 1731 1975 alt-

1053 2006 1146 2038 quem
1157 1996 1396 2037 narmvipolus
1406 2005 1548 2027 amorem
1561 1991 1571 2027 l
1584 2010 1627 2019 ·—
1635 1991 1730 2040 Quia

1053 2057 1170 2079 versus
1187 2045 1246 2089 qui
1262 2044 1408 2090 proximi
1424 2050 1619 2090 sequuntur
1629 2070 1639 2088 ,
1655 2043 1730 2078 sin-

1054 2096 1210 2142 gularem
1235 2108 1425 2130 numerum
1450 2095 1606 2131 vocabuli
1627 2108 1728 2129 amo-—

1054 2161 1120 2182 rem
1131 2147 1309 2193 requirere
1321 2147 1498 2191 videntur,
1511 2146 1730 2192 amplectitur

1053 2200 1227 2245 Eusinger
1241 2200 1446 2245 scripturam
1462 2198 1612 2244 Guelph.
1629 2205 1730 2233 tert:

1053 2252 1132 2287 Ab!
1155 2255 1282 2296 quotics
1295 2253 1456 2297 juvenum
1477 2254 1615 2287 narravi
1627 2254 1729 2295 potus

1052 2315 1195 2337 amorem
1209 2303 1219 2338 ,¹
1381 2336 1385 2342 ,

1097 2356 1171 2398 245.
1196 2357 1312 2390 Verbtlr
1327 2357 1560 2399 petulantibus
1579 2357 1638 2389 uli.
1652 2354 1727 2388 Pe-

984 2426 994 2433 ,
1053 2409 1236 2448 tulantt'us,
1255 2407 1454 2441 Puteaneus
1465 2413 1500 2442 et
1517 2405 1641 2450 reliqui
1653 2403 1727 2451 ple-

1052 2458 1162 2502 rique.
1187 2458 1320 2494 HEINS.

1097 2511 1170 2556 249.
1192 2511 1369 2554 Tuamque.
1393 2509 1559 2548 Francius
1580 2507 1725 2543 omnino

1052 2565 1183 2595 tuamve
1198 2561 1386 2607 legendum
1403 2574 1474 2597 esse
1490 2567 1616 2596 censet.

1096 2615 1170 2647 250.
1189 2614 1283 2648 Jove.
1301 2613 1488 2648 Vossianus
1500 2638 1509 2656 ,
1531 2615 1652 2659 Cygno.
1667 2611 1724 2646 Sic

1052 2671 1088 2698 et
1101 2665 1268 2700 Horatius
1285 2665 1433 2710 primam
1456 2665 1492 2698 in
1513 2666 1626 2710 Cygno
1639 2676 1725 2699 cor-

1051 2716 1142 2761 ripit.
1159 2716 1329 2751 Lucianus
1345 2717 1381 2751 in
1397 2718 1533 2750 Judicio
1548 2717 1696 2750 Beatum
1713 2743 1722 2756 ‚

1051 2767 1094 2802 de
1115 2767 1253 2803 Helena
1271 2773 1389 2811 :Aru-ap)
1410 2772 1482 2811 μὲν,
1507 2771 1571 2803 οἷαν
1596 2770 1671 2806 cim}
1696 2770 1724 2801 ἔκ
