1884 3112
651 226 1136 326 'oONSOLA'rlo

1500 252 1595 316 v433

225 343 287 392 Et
307 341 427 392 flevit
448 341 621 410 populo
647 344 795 395 Caesar
810 358 1050 416 utrumque
1073 348 1248 416 palam;

161 420 251 470 Sed
271 420 467 484 rigidum
484 421 558 488 jus
580 433 670 481 est,
690 434 737 471 et
759 423 1014 492 inevitabile
1037 425 1196 474 mortis
1215 446 1228 474 ι

229 497 362 546 Stant
382 509 501 565 ratas,
527 516 621 547 non
646 498 737 548 ulla
755 499 830 549 fila
853 502 1051 551 renenda
1074 522 1221 552 manu.

163 575 266 642 Ipse
290 574 376 624 tibi
394 575 581 625 emissus
603 576 814 626 nebulosi
838 577 970 629 litore
993 580 1182 640 Averni,

1532 599 1601 645 445

230 652 280 702 Si
302 652 456 712 liceat,
481 653 588 702 forti
610 654 745 704 verba
767 667 838 704 tot
860 673 936 706 ore
961 670 1092 707 sonet
1111 679 1123 708 :

165 731 292 798 Quid
309 751 515 781 numeras
538 734 712 782 annos?
730 734 823 782 vixi
843 736 1062 785 maturior
1085 737 1229 787 annis.

230 812 343 861 Acta
367 830 515 862 senem
539 811 707 860 faciunt
726 831 736 861 ε
756 812 852 882 Ιιιωο
875 814 1149 864 numeranda
1177 815 1290 874 tibi;

113 957 119 964 .
163 891 250 940 His
274 909 413 940 aevum
436 889 524 939 {hit
545 889 846 957 implendum,
872 910 967 940 non
987 892 1205 955 segnibus
1231 894 1372 943 annis.

232 967 458 1018 Hostibus
482 967 655 1017 eveniat
678 967 814 1032 longa
837 981 1014 1019 senecta
1037 970 1160 1019 meis.

1537 990 1604 1035 45⁰

163 1047 267 1096 Hoc
291 1045 405 1095 atavi
428 1064 641 1094 monuere
660 1046 766 1104 mei,
791 1048 1035 1114 proavique
1057 1049 1260 1098 Nerones
1280 1068 1293 1098 ε

227 1125 475 1188 Fregerunt
498 1123 629 1172 ambo
653 1124 823 1174 Punica
843 1125 964 1176 bella
987 1126 1147 1187 duces;

166 1203 269 1252 Hoc
293 1201 452 1251 domus
474 1201 562 1250 ista
584 1200 735 1260 docet,
761 1222 842 1270 per
865 1215 908 1252 te
929 1223 1046 1262 mea,
1072 1204 1258 1254 Caesaris
1276 1202 1366 1254 alti.

230 1279 392 1328 Exitus
415 1279 511 1338 hic,
536 1290 700 1338 mater,
726 1278 885 1329 debuit
907 1300 1002 1330 esse
1026 1300 1178 1331 meus:

167 1359 261 1408 Nec
274 1358 465 1417 meritis,
487 1376 756 1425 quamquam
773 1357 849 1407 illa
862 1358 1018 1425 juvant
1035 1359 1198 1423 magis,
1223 1358 1370 1409 abfuit
1386 1359 1475 1411 illis
1489 1399 1502 1422 ‚
1538 1377 1605 1424 455

213 1473 289 1517 445.
311 1473 391 1517 Ipse
407 1474 626 1508 tffie'emzrsus
640 1473 798 1507 nebulosi
809 1474 857 1506 11·-

167 1527 242 1560 toae
255 1524 390 1560 Aoemi
399 1531 464 1560 etc.
476 1537 485 1559 τ
496 1536 651 1559 emensus
662 1526 855 1559 nebulosum

166 1582 250 1616 litus
265 1577 403 1614 volebat
417 1578 590 1614 Roverius
599 1605 609 1622 ,
628 1578 688 1624 qui
703 1578 742 1613 in
762 1578 855 1614 libris

165 1631 236 1669 suis
243 1631 429 1667 invenerat
435 1633 579 1666 emelrsus
584 1633 779 1666 nebulosum
786 1638 854 1674 etc3

166 1683 228 1720 sed
242 1682 330 1719 nihil
346 1695 434 1728 opus
454 1682 708 1726 emendatione
724 1695 856 1729 propo-

164 1737 230 1774 sita
243 1761 254 1781 ,
278 1747 390 1782 quum
407 1734 591 1770 Mediceus
603 1761 613 1779 ‚
637 1734 855 1775 Combianus

165 1795 203 1826 et
227 1787 337 1824 editio
358 1787 473 1834 prima
493 1786 682 1823 habuerint
703 1790 860 1823 nebulosi

165 1845 203 1878 a‘n
218 1843 328 1876 litore.

210 1893 287 1938 448.
310 1893 406 1929 Acta
437 1904 552 1928 senem
574 1892 723 1937 faciunt
748 1902 759 1924 t
784 1894 856 1928 boec

167 1947 377 1982 numeranda
394 1947 467 1980 tibi.
489 1945 643 1980 Martial.
662 1957 685 1980 x
698 1971 708 1989 ,
727 1945 770 1980 53
784 1971 793 1988 ,
811 1945 856 1981 de

168 1998 324 2046 quodam
331 1998 480 2045 Scorpo,
492 1998 613 2044 auriga
625 1998 760 2034 famoso
771 1997 856 2043 Ep.:

167 2061 263 2088 Invida
272 2069 351 2095 quom
361 2058 490 2088 ,Iahoni-
499 2064 604 2093 rnptum
614 2058 745 2084 trieteride
754 2067 821 2084 nona
828 2077 838 2091 ,

202 2112 275 2138 Dum
289 2114 410 2136 numerat
420 2109 519 2143 palme
527 2126 536 2140 ‚
547 2107 659 2133 credidit
669 2115 724 2132 esse
734 2115 830 2132 senem.

214 2161 292 2208 449.
313 2160 382 2195 ῙΙιῖῐ
405 2171 508 2194 evum
525 2156 605 2203 fiu't
628 2158 853 2202 implendum,

169 2225 238 2248 nou
266 2213 427 2258 segm‘bus
454 2213 566 2245 annis.
612 2224 631 2240 «
655 2209 777 2255 Longa
803 2215 856 2244 est

169 2265 242 2301 vita
254 2291 265 2308 ,
282 2264 311 2300 si
327 2263 431 2310 plena
444 2269 506 2298 est.
523 2262 696 2308 Impletur
712 2268 831 2296 autem
843 2287 854 2306 ,

170 2329 283 2363 quum
314 2315 452 2351 animus
483 2314 548 2350 sibi
581 2314 717 2348 bonum
750 2326 856 2348 suum

170 2368 348 2412 reddidit,
379 2375 416 2403 et
441 2367 485 2403 ad
505 2380 542 2403 se
571 2374 781 2413 potestatem
802 2366 856 2402 sui

168 2423 359 2466 transtulit,
373 2436 393 2453 »
414 2421 540 2457 senec.
558 2420 666 2466 Epist.
681 2420 736 2468 93.

213 2478 289 2521 451.
302 2477 381 2510 Hoc
391 2478 653 2510 alaot'monueoe
663 2477 733 2508 mei
738 2500 747 2514 ‚
757 2486 856 2518 μησα-

170 2531 264 2574 vique
277 2529 437 2564 Nerones.
452 2526 540 2561 Livii
553 2526 681 2562 scilicet
694 2532 729 2562 et
747 2525 857 2561 Clau-

174 2581 234 2616 dii.
249 2580 379 2616 Narrat
392 2579 462 2615 Tit.
480 2578 553 2613 Liv.
571 2578 627 2613 lib.
647 2588 770 2623 xxvn,
791 2579 854 2623 46,

170 2635 235 2682 493
258 2631 515 2676 Asdrubalem,
538 2632 599 2677 qui
620 2643 702 2666 cum
722 2631 857 2667 recenti

172 2685 328 2722 exercitu
345 2685 452 2731 Alpes
466 2697 508 2720 eo
521 2684 665 2720 consilio
675 2691 858 2720 transcen-

171 2738 292 2783 derat,
322 2745 361 2773 ut
382 2751 418 2773 se
442 2750 524 2773 cum
549 2738 657 2773 fratre
681 2736 858 2772 Annibale

171 2791 405 2838 coniungeret
419 2817 429 2837 ,
445 2804 465 2827 a
479 2790 533 2826 M.
546 2789 645 2826 Livio
661 2789 856 2826 Salinatore

303 2858 347 2902 I.

921 1473 1053 1508 victum
1084 1486 1123 1508 ac
1154 1486 1284 1510 caesum
1316 1487 1389 1511 esse
1407 1489 1417 1519 3
1456 1489 1604 1524 eamque

920 1527 1103 1563 victoriam
1115 1540 1190 1563 non
1208 1528 1348 1564 minore
1365 1541 1471 1576 opera
1489 1530 1605 1567 Clau-

921 1578 970 1614 dii
1001 1580 1154 1616 Neronis
1178 1606 1188 1624 ‚
1232 1581 1373 1617 alterius
1406 1581 1570 1620 Consulis
1595 1612 1605 1629 ,

921 1644 993 1667 esse
1003 1639 1139 1678 partam
1151 1659 1160 1677 ,
1172 1640 1357 1679 propterea
1370 1635 1465 1680 quod
1473 1662 1482 1680 ‚
1495 1650 1606 1682 quum

921 1680 1090 1718 Annibali
1112 1685 1291 1730 oppositus
1320 1693 1409 1721 esset
1431 1713 1441 1731 ‚
1479 1688 1606 1724 relictis

919 1734 968 1769 ita
985 1735 1103 1770 castris
1126 1743 1166 1770 ut
1185 1735 1322 1772 hostem
1346 1737 1493 1783 lateret,
1518 1740 1607 1775 lecta

920 1801 1031 1823 manu
1049 1790 1224 1835 profectus
1237 1816 1247 1834 ‚
1276 1790 1509 1827 Asdrubalem
1536 1793 1606 1829 cir-

920 1842 1110 1877 cumvenit.
1131 1842 1265 1878 Merito
1290 1844 1397 1889 igitur
1419 1845 1546 1881 Horat.
1567 1846 1603 1880 in

921 1895 1076 1931 carmine
1093 1895 1166 1940 jam
1182 1894 1323 1931 laudato
1341 1906 1350 1928 :

987 1958 1061 1991 Quid
1072 1958 1164 1983 debeas
1171 1977 1181 1990 ,
1192 1968 1208 1984 ο
1216 1959 1315 1990 Roma,
1330 1959 1481 1985 Neronibus

986 2007 1073 2034 Testis
1083 2008 1236 2033 Metaurum
1246 2006 1343 2033 flumen
1352 2018 1360 2041 ;
1373 2015 1400 2034 et
1410 2008 1546 2035 Asdrubal

1019 2056 1146 2083 Devictus
1154 2076 1162 2088 ,
1173 2062 1199 2082 et
1211 2057 1319 2090 pulcher
1327 2057 1424 2091 sugetis

1053 2106 1102 2131 Ine
1113 2106 1168 2131 dies
1178 2107 1256 2132 Latio
1266 2106 1387 2132 tenebris.

963 2159 1038 2203 453.
1055 2161 1131 2194 Ista
1137 2161 1255 2195 domus
1263 2186 1273 2203 ,
1280 2165 1386 2205 perte
1396 2174 1481 2196 mea.
1489 2161 1605 2198 Ducta

919 2211 1048 2247 scilicet
1072 2225 1179 2247 uxore
1203 2212 1383 2258 Antonia,
1419 2226 1497 2260 quae
1519 2215 1605 2250 Au·-

921 2264 1009 2309 gusti
1039 2264 1154 2311 neptis
1169 2290 1179 2308 ‚
1215 2278 1256 2299 ex
1279 2264 1426 2301 Octavia
1457 2279 1602 2310 sorore3

921 2315 1015 2362 quod
1034 2329 1109 2351 non
1125 2317 1191 2352 nisi
1206 2331 1272 2362 per
1293 2318 1427 2354 Liviam
1452 2320 1604 2364 sactum,

919 2370 1019 2415 cujus
1044 2370 1133 2405 filios
1149 2371 1219 2406 suis
1241 2370 1468 2418 adscripscrat
1489 2372 1605 2407 liberis

921 2423 1112 2469 Augustus,
1121 2437 1230 2470 quum
1243 2424 1314 2470 ipse
1323 2426 1475 2460 nuberet
1486 2425 1604 2460 Liviae.

963 2478 1039 2521 455.
1062 2478 1135 2511 Nec
1155 2480 1300 2517 met-inlr,
1320 2490 1518 2523 quamquam
1539 2480 1603 2512 illa

910 2529 1040 2575 juvant
1058 2532 1184 2574 mogh,
1210 2529 1325 2574 abfuit
1345 2531 1438 2571 illis,
1466 2531 1602 2571 Mater,

920 2583 1035 2616 honos.
1058 2581 1116 2616 Sic
1129 2607 1139 2625 ,
1166 2588 1202 2616 et
1217 2582 1402 2617 Gronovio
1420 2582 1458 2616 in
1473 2582 1543 2617 suis
1558 2581 1602 2617 ad

921 2634 1044 2669 Heins.
1060 2633 1169 2680 Epist.
1183 2647 1295 2680 quum
1313 2634 1398 2668 olim
1411 2633 1599 2681 legeretur:

920 2693 976 2722 Nee
987 2694 1087 2720 meriti·
1097 2694 1238 2729 quicquan
1249 2693 1294 2720 iu·
1305 2695 1400 2729 juv-nt
1413 2703 1420 2721 :
1432 2696 1514 2730 magi»
1527 2695 1604 2722 affuit

1021 2744 1074 2768 iui-

954 2793 1040 2819 Matnr
1054 2792 1144 2819 honos.

1361 2861 1419 2901 28
