1884 3112
506 257 875 306 ACONTIUS
912 262 1238 308 CYDIPPAE.
1510 270 1598 331 369

162 351 283 401 Ante
307 361 412 400 tuos
431 349 610 402 flentem
631 351 762 402 liceat
784 355 1024 405 consistere
1048 355 1223 416 vultus,
1554 377 1598 421 75

227 430 289 478 Et
308 428 439 479 liceat
459 429 652 481 lacrimis
674 430 832 482 addere
856 433 990 499 verba
1013 435 1133 493 suis3

164 507 316 574 thue
341 506 489 557 solent
510 507 684 566 famuli,
711 528 850 575 quum
871 510 1055 559 verbera
1079 529 1190 560 saeva
1212 525 1419 564 verentur
1429 529 1445 574 ,‘

228 586 430 636 Tendere
455 586 700 636 submissas
722 587 779 637 ad
803 599 879 636 tua
902 606 1030 636 crura
1052 607 1222 638 manus.

164 663 353 727 Ignoras
378 675 452 712 tua
474 663 595 730 jura;
621 684 756 715 voca:
777 685 857 714 cur
879 683 1044 728 arguor
1067 666 1264 717 absens?

228 741 499 790 Jamdudum
520 742 712 791 dominae
732 762 854 791 more
878 743 1027 792 venire
1047 744 1169 809 jube.
1553 766 1596 799 80

162 821 268 888 Ipsa
290 841 415 871 meos
437 821 612 871 scindas
636 821 740 871 licet
762 821 1003 888 imperiosa
1026 820 1235 889 capillos,

230 900 411 966 Oraque
437 898 530 948 sint
551 898 704 962 digitis
726 898 859 947 livida
882 899 998 948 facta
1022 901 1112 949 tuis
1127 938 1140 959 ‚

164 975 331 1026 Omnia
349 975 575 1043 perpetiar
595 996 606 1024 ε
628 987 802 1025 tantum
826 975 1013 1026 fortasse
1039 977 1208 1027 timebo
1222 1016 1233 1038 ‚

228 1053 431 1120 Corpore
455 1051 640 1101 laedatur
659 1072 715 1102 ne
734 1072 891 1102 manus
914 1054 1001 1103 ista
1022 1073 1135 1103 meo.

146 1130 253 1181 ‘Sed
274 1150 421 1198 neque
443 1130 762 1198 compedibu8‚
788 1150 869 1180 nec
893 1149 963 1180 me
987 1151 1217 1199 compesce
1243 1135 1408 1184 catenis
1428 1156 1440 1185 ε
1556 1154 1600 1189 85

229 1209 452 1259 Servabor
473 1208 602 1261 firmo
626 1208 802 1257 vinctus
821 1228 973 1258 amore
997 1211 1077 1259 tui.

165 1288 321 1353 Quum
342 1288 459 1337 bene
483 1305 551 1346 se,
579 1298 885 1354 quantumque
911 1286 1056 1347 volet,
1084 1289 1307 1339 satiaverit
1330 1291 1419 1351 ira3

229 1367 336 1433 Ipsa
355 1359 444 1413 'tibi
466 1363 612 1413 dices:
631 1383 763 1431 quam
786 1364 1008 1430 patienter
1028 1368 1172 1415 amat!

164 1445 272 1510 Ipsa
294 1442 380 1491 tibi
404 1441 522 1490 dices
536 1479 548 1501 ‚
574 1441 656 1490 ubi
677 1441 840 1491 videris
862 1443 1014 1496 omnia
1032 1442 1145 1492 ferre
1163 1463 1174 1492 τ

218 1519 345 1568 'Tam
365 1517 482 1568 bene
508 1517 587 1585 qui
610 1518 766 1577 servit,
792 1520 954 1569 serviat
975 1520 1059 1569 iste
1085 1521 1209 1570 mihi.
1434 1528 1439 1533 '
1556 1555 1602 1588 90

164 1597 298 1658 Nunc
319 1613 423 1645 reus
445 1594 600 1645 infelix
623 1596 785 1645 absens
810 1615 945 1660 agor3
969 1608 1014 1645 et
1035 1616 1156 1656 mea,
1175 1616 1322 1665 quum
1346 1600 1405 1681 sit

224 1673 439 1763 Optima,
463 1692 558 1735 non
578 1671 674 1722 ullo
697 1693 830 1734 causa
852 1686 1004 1728 tuente
1028 1676 1169 1742 perit.

163 1766 556 1838 Ptrteaneoffllacande:
566 1797 673 1827 recte.
683 1778 849 1827 Alterum

162 1845 271 1881 latine
286 1845 343 1880 vix
366 1844 504 1880 dieitur.
525 1843 661 1879 Hzms.
687 1843 850 1880 Sanctius

162 1897 222 1938 lib.
233 1908 301 1942 111,
319 1897 452 1933 Miner.
467 1909 541 1943 ουρ.
553 1897 592 1941 8,
609 1899 781 1941 placanda
800 1900 856 1931 lui

165 1943 343 1996 defendit,
333 1943 410 1985 sed
421 1947 597 1993 aperta,
606 1961 642 1983 ιι.
652 1949 703 1992 ι8,
716 1955 850 1983 utrum-

166 1994 549 2049 quedicipossedocet:
561 2006 597 2035 et
608 1999 718 2036 adlib.
728 2011 759 2045 1,
770 2014 800 2036 c.
792 2015 848 2046 .2‚

165 2068 202 2093 ιι.
215 2069 232 2103 7
243 2081 254 2100 ,
271 2054 613 2100 praefertplacandae.

195 2143 199 2152 Α
208 2109 265 2156 75.
271 2107 367 2155 Aufe
372 2110 448 2144 tuos
449 2107 602 2151 flentem.
608 2104 849 2149 Lemniensis,

167 2159 263 2201 Ante
289 2163 373 2197 tuos
394 2159 509 2202 vultus
535 2159 641 2192 liceat
665 2160 851 2192 consistere

157 2205 273 2261 βειιίί.
292 2210 509 2255 Bel-nensis„
537 2209 632 2244 Ante
645 2213 721 2244 tuos
735 2211 851 2244 oculos

165 2266 281 2302 liceat,
290 2266 475 2311 penult-lete
483 2264 636 2308 flentem.

212 2316 264 2363 76.
283 2317 335 2350 Et
341 2312 448 2350 licent
455 2317 605 2349 lacrimis
613 2315 738 2348 addere
747 2314 851 2361 verba

165 2371 259 2410 mair.-
275 2368 370 2408 Scir,
389 2368 591 2403 Puteaneus
604 2393 614 2410 ,
631 2379 713 2401 cum
729 2365 850 2417 Lova-

165 2421 280 2457 aiensi
293 2427 330 2459 et
345 2420 455 2456 altero
471 2419 625 2462 Moreti:
642 2418 761 2464 probe.
784 2420 856 2454 Sed

163 2476 287 2515 liccat⁹
305 2485 446 2519 quoque
460 2471 697 2507 Lovaniensis.
715 2469 849 2507 lems.

210 2526 266 2572 78.
279 2527 427 2560 Tendere
436 2527 622 2562 submissas
633 2527 668 2558 in
681 2527 741 2558 tua
752 2537 850 2559 crura

164 2590 295 2613 mnus.
319 2577 386 2612 Ad
406 2581 467 2611 tua
490 2576 652 2611 meliores
676 2589 683 2611 :
706 2576 850 2622 quidam

164 2630 273 2666 etiam
282 2656 292 2674 ,
302 2631 364 2664 sub
367 2633 434 2674 gua
434 2629 528 2674 jura.
543 2629 669 2675 Amor.
675 2629 695 2663 l.
704 2640 731 2673 1,
742 2629 848 2665 Ebu:

198 2686 360 2720 Porrigimus
375 2686 458 2711 victos
469 2686 509 2710 ad
522 2691 568 2710 tua
578 2694 654 2710 crura
669 2694 770 2710 manus.

166 2735 221 2772 Ut
246 2734 391 2782 quidem
420 2741 519 2771 vetus
549 2734 615 2770 illic
642 2735 850 2772 membrana

167 2787 315 2823 exhibet.
332 2788 443 2823 IDEM.

295 2848 340 2891 J.

960 1792 1188 1827 80.Dom1·aae
1202 1806 1301 1829 mom.
1317 1795 1485 1833 Francius
1497 1799 1602 1834 male-

913 1842 974 1878 bat
986 1870 995 1887 ,
1006 1844 1105 1891 jure:
1118 1858 1159 1878 ex
1171 1835 1280 1890 Epist.
1292 1857 1337 1881 111
1351 1874 1359 1891 ‚
1382 1851 1453 1893 154.

915 1953 970 1989 tra
978 1953 1058 1984 luis.
1066 1951 1298 1996 Libidasacta
1308 1953 1416 1997 probe
1428 1952 1514 1989 libri
1517 1955 1601 1990 duo-

916 2000 1053 2037 decim:
1069 2015 1193 2047 aspera
1198 2003 1306 2047 sacta
1322 2004 1393 2039 duo
1405 2005 1473 2041 alii.
1492 2007 1602 2054 Epist.

919 2053 1107 2134 (Ειιοιιεειι
1217 2087 1220 2091 ,

947 2109 1054 2149 Oraque
1090 2116 1118 2136 nt
1129 2111 1156 2135 di
1149 2121 1184 2144 lg!
1176 2111 1220 2136 iits
1232 2113 1381 2149 ”aperus
1368 2119 1413 2138 cea
1425 2123 1467 2139 me

917 2157 1225 2204 Sicsrigzdasacla,
1237 2167 1273 2196 et
1281 2123 1521 2208 εαιιειἈῙαιῙία,
1535 2166 1601 2212 Ep.

917 2210 1220 2259 Hypermnestrae.
1233 2213 1314 2248 Am.
1327 2226 1355 2259 1,
1368 2215 1464 2263 Eleg.
1474 2228 1525 2263 vl,
1543 2220 1600 2254 18:

950 2269 1011 2294 Ud-
1024 2271 1058 2294 sit
1072 2270 1282 2304 th1m11
1284 2272 1491 2307 uafctamis.

919 2317 1042 2363 Quare
1054 2318 1076 2353 l.
1086 2330 1145 2363 111,
1157 2319 1248 2355 Fast.
1257 2322 1347 2356 forte
1357 2323 1581 2359 scribendum
1593 2339 1600 2361 ε

1351 2378 1392 2403 bis
1404 2379 1455 2404 uda
1467 2388 1546 2413 seges.

918 2423 1047 2470 Quum
1061 2426 1232 2470 Tactaque
1237 2426 1306 2461 illic
1312 2426 1456 2473 legatur.
1464 2429 1598 2466 HEINS.

961 2477 1014 2511 83.
1032 2477 1335 2523 Tantumsortassc
1347 2483 1482 2514 macho.
1491 2482 1599 2518 Fran-

916 2529 988 2564 cius
1011 2529 1234 2574 conjecerat,‘
1252 2535 1383 2567 tantum
1393 2559 1402 2574 ,
1418 2533 1575 2578 formosa
1587 2564 1597 2579 ,

916 2584 1049 2616 It‘rnebo.

961 2634 1014 2668 86.
1038 2634 1162 2669 Amore
1177 2637 1237 2668 tui.
1251 2635 1379 2670 Amore
1392 2639 1472 2680 tibi,
1491 2638 1600 2676 codex

916 2685 1058 2721 Douzae.
1075 2686 1200 2721 Amore
1217 2691 1291 2729 luo,
1310 2687 1509 2736 Junianus„

961 2738 980 2772 8
985 2752 1000 2783 7
1005 2765 1012 2772 .
1020 2739 1126 2781 Quum
1135 2740 1216 2773 bene
1225 2751 1261 2773 se
1267 2744 1489 2789 quantumque
1497 2747 1598 2781 volet.

917 2790 1015 2824 Malo
1031 2793 1134 2825 voles.
1149 2791 1283 2827 HEms.

949 2375 1087 2407 Factaque
1097 2385 1179 2409 quum
1191 2375 1206 2400 s
1205 2375 1271 2401 uerit
1281 2386 1339 2402 rore

1360 2855 1416 2909 24
