1884 3112
333 246 390 301 34
810 245 1163 289 EPISTOLA
1198 248 1269 289 11.

395 336 611 386 Heredem
634 336 807 402 patriae,
835 335 1022 400 perfide,
1046 335 1212 384 fraudis
1236 337 1341 399 agis.

330 405 431 472 Illa,
454 432 535 462 nec
558 411 753 469 invideo,
777 411 938 459 fruitur
960 409 1141 459 meliore
1164 411 1344 468 marito;

391 493 531 556 Inque
555 489 798 556 capistratis
821 488 1011 551 tigribus
1035 486 1121 535 alta
1144 487 1278 535 sedet.
1694 504 1738 536 80

326 568 388 616 At
409 586 505 615 mea
529 566 721 632 despecti
742 565 921 627 fugiunt
945 564 1170 613 connubia
1191 563 1403 621 Thraces,

390 642 524 707 Quod
547 642 660 691 ferar
683 653 909 690 externum
936 640 1229 707 praeposuisse
1252 640 1373 688 meis.

324 721 471 785 Atque
495 718 652 784 aliquis
670 737 680 765 :
709 739 733 761 «
753 719 920 765 Doctas
937 717 1025 781 jam
1042 736 1161 764 nunc
1179 728 1267 774 eat,
1287 717 1454 782 inquit,
1477 717 1701 767 Athenas!

388 795 647 845 Armiferam
668 795 890 852 Thracen,
917 794 994 859 qui
1016 804 1160 855 regat,
1186 783 1294 840 alter
1317 792 1412 840 erit.
1442 816 1464 836 »

323 873 480 921 Exitus
503 883 596 920 acta
616 872 789 938 probat.
817 872 973 919 Careat
995 868 1270 918 successibus
1294 879 1425 933 opto,
1692 885 1736 919 85

387 949 603 1014 Quisquis
627 949 682 997 ab
708 959 864 997 eventu
887 946 1000 995 facta
1022 944 1217 993 notanda
1238 955 1378 1010 putat.
1598 948 1604 951 “

319 1027 382 1075 At
403 1027 441 1075 si
462 1037 616 1074 nostra
637 1037 715 1074 tuo
740 1017 1018 1091 spumescant
1040 1042 1217 1090 aequora
1239 1041 1380 1079 remo,

318 1144 407 1178 saeta
413 1142 645 1177 excusandum
654 1148 803 1188 putat,et
814 1141 896 1176 velit
908 1153 994 1186 pos—

319 1196 402 1230 teris
417 1194 629 1230 subtrahere.
662 1194 720 1228 Sic
730 1194 807 1228 ‘sere
832 1192 995 1227 Comicus

319 1253 452 1281 noster:
462 1248 513 1280 les
520 1247 669 1280 Femmes
679 1246 851 1279 Sapuates.
860 1242 903 1277 A.
913 1255 937 1276 1.
943 1254 995 1276 s.1.

321 1306 425 1338 Quand
431 1314 476 1330 sur
485 1313 536 1330 une
544 1313 673 1338 personne
684 1312 717 1329 on
724 1303 871 1337 pretendsa
877 1301 971 1335 regler,

322 1354 390 1379 C’aest
399 1361 456 1386 par
473 1352 509 1378 les
528 1351 616 1377 heau-2
640 1351 707 1376 οόιόε
728 1350 794 1385 qu'il
806 1350 844 1375 lui
859 1349 927 1385 faut
941 1357 992 1374 res-

418 1392 537 1418 sembler.

319 1443 457 1483 Mirari,
475 1453 563 1486 saepe
575 1466 584 1484 ,
602 1452 666 1486 pro
682 1441 816 1473 imitari.

373 1502 424 1548 78.
462 1501 626 1535 Heredem
653 1501 775 1543 patria
792 1524 802 1538 ,
836 1498 964 1542 perfide
979 1523 988 1537 ‚

308 1554 448 1599 fraudis
455 1556 540 1597 agzlr.
554 1550 716 1586 Perfidiae
725 1577 734 1594 ,
751 1562 825 1584 non
838 1556 991 1595 paternae

317 1604 473 1647 virtutis,
504 1603 671 1638 heredem
687 1609 720 1636 te
742 1601 839 1648 geris.
871 1600 992 1645 Quam

316 1657 526 1692 sententiam
536 1681 546 1699 ,
569 1655 619 1690 bis
634 1661 755 1698 terque
766 1679 776 1697 ,
792 1666 891 1687 more
907 1665 969 1687 suo
979 1678 988 1695 ,

318 1715 355 1744 et
369 1708 458 1742 mira
473 1708 660 1742 verborum
676 1705 839 1741 varietate
856 1731 866 1749 ,
888 1711 991 1750 poeta

317 1760 390 1807 jam
405 1759 534 1794 extulit.

364 1825 418 1859 79,
444 1813 529 1852 Illa,
545 1823 608 1844 nec
621 1811 766 1850 invideo,
775 1808 907 1854 fruitur
922 1821 993 1842 me-

316 1864 398 1896 liore
409 1865 537 1897 marito.
551 1862 658 1895 Hunc
665 1860 779 1896 locum
792 1859 990 1906 expressisse

317 1913 457 1949 videtur
469 1913 603 1948 Seneca
612 1913 649 1947 in
664 1912 814 1958 OEdipo‚
832 1913 914 1956 488,
931 1911 990 1945 ubi

317 1966 365 2000 ita
380 1972 430 2000 est
446 1965 489 2000 de
506 1964 641 1999 Baccho
654 1971 690 1998 et
706 1963 859 1999 Ariadne
874 1963 945 2009 ipsa
959 1976 968 1997 ι

366 2025 456 2051 Naxos
468 2026 553 2057 AEgaeo
565 2025 684 2049 redimita
692 2029 771 2057 ponto

364 2073 486 2099 Tradidit
496 2073 615 2098 thalamis
624 2073 750 2106 virginem
762 2073 875 2097 relictam
884 2092 893 2104 ,

365 2122 475 2147 Meliore
485 2130 593 2155 pensans
605 2122 698 2146 damna
709 2122 810 2146 marito.
878 2122 956 2147 0101’.

361 2170 414 2203 80.
443 2171 603 2214 Tigribus.
620 2169 756 2205 Baccho
771 2182 894 2211 sacrae3
915 2171 991 2204 Ca-

312 2223 467 2264 pistralae
490 2221 653 2255 dicuntur
681 2234 700 2255 a
727 2225 874 2267 capistro
886 2248 896 2262 ‚
921 2234 990 2266 quo

319 2273 520 2307 animalium
531 2273 641 2319 capita
656 2273 809 2308 involuta
826 2279 990 2308 tenentur

320 2337 364 2359 ne
375 2325 527 2370 fugiant,
543 2331 578 2359 et
589 2338 658 2370 quo
672 2325 801 2360 facilius
815 2331 990 2371 regantur,

362 2377 400 2410 81
407 2403 414 2410 .
430 2378 482 2411 At
490 2390 565 2412 mea
573 2379 727 2422 despecti
735 2383 799 2411 etc.
812 2378 990 2420 Despectoe

318 2426 506 2473 legendum
516 2429 686 2464 statuebat
698 2428 930 2463 Walckenar.
946 2428 989 2462 ad

321 2477 496 2524 Euripidis
504 2480 694 2515 Phaenissas
704 2506 713 2524 ,
733 2493 763 2525 p.
781 2482 854 2514 515.
874 2480 966 2514 Male
979 2507 987 2524 ,

319 2536 360 2562 ut
370 2537 465 2574 puto.
476 2531 660 2567 Manifesta
672 2532 727 2566 hic
739 2532 884 2567 imitatio
893 2532 988 2578 Virg.

321 2580 405 2615 AEn.
421 2592 479 2625 1v,
499 2583 579 2625 534:

371 2656 402 2664 ...
420 2640 553 2665 Rursusne
564 2650 653 2673 procos
666 2642 741 2667 irrisa
752 2643 847 2675 priores

320 2687 461 2721 Experiar,
478 2688 677 2724 Nomadumque
688 2697 772 2725 petam
782 2691 910 2718 connubia
926 2700 990 2725 sup-

417 2737 476 2771 plex
483 2756 493 2768 ,

1061 1141 1134 1173 Quos
1143 1149 1189 1173 ego
1198 1148 1255 1164 sum
1263 1139 1339 1165 toties
1350 1139 1403 1173 jam
1415 1138 1550 1172 dedignata
1557 1139 1663 1166 maritos
1671 1140 1687 1165 ¹?

1093 1189 1146 1222 83.
1159 1188 1270 1232 Atque
1277 1190 1399 1233 alzyuis
1406 1194 1468 1223 etc.
1477 1187 1606 1222 Amare
1617 1188 1734 1223 Thrax

1061 1239 1220 1284 quidam,
1247 1252 1352 1284 quem
1373 1239 1577 1284 loquentem
1590 1239 1733 1275 inducit.

1104 1291 1165 1334 85,
1190 1291 1242 1325 86.
1271 1293 1396 1325 Exitus
1421 1295 1502 1325 acta
1521 1293 1645 1336 probat
1669 1298 1734 1326 etc.

1059 1341 1225 1378 Heinsius
1239 1341 1282 1376 ad
1299 1341 1334 1376 h.
1349 1341 1371 1376 l.
1385 1345 1496 1376 exitus
1506 1345 1730 1387 actapmbat,

1059 1408 1076 1424 «
1093 1393 1128 1427 id
1146 1401 1197 1428 est
1210 1420 1219 1437 ,
1237 1392 1368 1438 inquit,
1385 1393 1496 1428 bonus
1511 1393 1735 1438 exitus-sacta

1057 1446 1235 1490 probanda
1251 1459 1322 1480 esse
1346 1444 1476 1487 efficit3
1506 1445 1567 1480 sed
1589 1451 1672 1491 opto
1694 1451 1735 1479 ut

1055 1510 1213 1532 successu
1227 1501 1362 1537 careat,
1382 1497 1533 1542 quisquis
1539 1497 1645 1542 facta
1659 1496 1735 1532 cul-

1056 1548 1169 1594 panda
1187 1561 1258 1583 esse
1275 1547 1402 1591 credit,
1423 1555 1500 1593 post
1511 1549 1646 1583 bonum
1661 1548 1734 1583 exi-

1055 1607 1143 1634 tum.
1161 1614 1177 1629 »
1200 1599 1341 1642 Voluit,
1363 1598 1402 1633 ni
1417 1599 1534 1642 fallor,
1558 1606 1636 1644 post
1650 1611 1733 1633 ma·-

1054 1654 1132 1686 lum.
1156 1650 1227 1685 Sed
1244 1663 1322 1685 eam
1339 1662 1478 1694 quoque
1493 1649 1586 1696 vulgi
1602 1649 1733 1696 opinio-

1055 1716 1139 1738 nem
1154 1729 1163 1746 ,
1201 1703 1296 1737 bono
1327 1701 1420 1736 exitu
1450 1701 1589 1747 probari
1614 1701 1703 1736 sacta
1721 1728 1732 1745 ‚

1054 1768 1153 1789 suam
1168 1754 1286 1788 fecisse
1303 1752 1464 1800 Phyllida
1479 1765 1553 1787 non
1569 1759 1674 1799 puto;
1691 1752 1734 1788 si·
1782 1787 1788 1792 ,

1055 1807 1126 1841 cuti
1149 1819 1215 1841 nec
1232 1806 1458 1843 Burmannus
1476 1804 1618 1850 putabat
1633 1830 1643 1848 ,
1675 1804 1733 1839 cui

1054 1858 1170 1903 priora
1196 1857 1320 1900 verba,
1351 1859 1465 1890 exitus
1485 1860 1568 1890 acta
1585 1857 1730 1900 probat,

1056 1909 1234 1944 Thracum
1241 1920 1312 1943 esse
1319 1907 1482 1943 videntur
1491 1934 1500 1951 ,
1509 1907 1730 1943 illudentium

1055 1960 1203 1996 credulae
1216 1960 1367 1995 nimium
1377 1958 1527 2006 Phyllidi
1537 1985 1546 2003 ,
1568 1965 1603 1993 et
1613 1971 1730 2004 expro-

1053 2013 1213 2048 bantium
1222 2012 1283 2057 ipsi
1298 2010 1507 2054 facilitatem,
1520 2022 1588 2055 qua
1602 2022 1638 2044 se
1654 2009 1730 2045 hos-

1053 2064 1116 2110 piti
1130 2063 1340 2106 tradidisset,
1358 2074 1439 2096 cum
1451 2074 1495 2095 ez·
1505 2065 1624 2095 eventu
1633 2073 1730 2097 nunc

1054 2115 1237 2161 perfidiam
1268 2112 1547 2158 Demophoontis
1584 2112 1728 2148 videret.

1053 2166 1243 2211 Sequentia
1255 2172 1373 2200 autem
1383 2164 1500 2208 verba,
1512 2164 1617 2209 ipsius
1625 2164 1729 2211 Phyl-

1052 2217 1147 2262 lidis,
1179 2216 1335 2252 voventis
1366 2215 1573 2251 successibus
1605 2227 1728 2251 omnes

1053 2282 1170 2303 carere
1188 2295 1196 2313 ,
1237 2268 1297 2313 qui
1318 2268 1365 2302 ita
1387 2273 1726 2313 argumentaremur.

1054 2320 1144 2355 Mihi
1160 2332 1243 2354 vero
1267 2319 1468 2361 Thracum,
1497 2318 1565 2353 sive
1583 2317 1727 2352 Thracis

1052 2372 1249 2418 cujusdam,
1267 2383 1382 2406 sermo
1398 2370 1510 2404 multo
1525 2369 1726 2404 concinnius

1052 2437 1153 2458 versu
1169 2424 1211 2468 84
1227 2422 1370 2466 absolvi,
1389 2434 1494 2468 quam
1511 2420 1553 2456 ad
1569 2419 1726 2455 medium

1053 2490 1084 2510 v.
1100 2476 1140 2509 85
1158 2474 1372 2516 continuari;
1391 2487 1429 2508 ac
1444 2473 1600 2508 similiter
1615 2484 1726 2517 oppo-

1052 2526 1169 2561 nenda
1191 2527 1222 2560 ei
1247 2525 1412 2572 Phyllidis
1437 2523 1614 2570 responsio
1642 2523 1724 2569 pla-

1052 2579 1148 2621 nius,
1166 2585 1201 2612 et
1218 2577 1393 2612 Ovidiano
1404 2575 1494 2610 mori
1509 2575 1725 2609 convenien-

1052 2630 1118 2664 tius
1142 2629 1183 2663 ab
1204 2628 1411 2673 incipiente,
1436 2639 1541 2671 quam
1563 2639 1582 2660 a
1605 2625 1724 2661 medio

1050 2693 1153 2715 versu
1164 2707 1173 2724 ,
1190 2679 1329 2714 initium
1345 2678 1485 2712 ducere.
1502 2678 1664 2712 LENNEP.

1093 2733 1145 2778 87.
1168 2732 1221 2766 At
1239 2734 1275 2765 si
1285 2734 1408 2766 nostra.
1431 2729 1526 2766 Nihil
1548 2735 1640 2764 certe
1657 2728 1725 2763 tuti
