1884 3112
503 241 869 289 AGONTIUS
900 243 1230 289 cYmPPAE.
1503 244 1591 305 375

226 335 306 386 Ille
329 336 560 396 homines,
585 337 678 386 haec
700 348 768 386 est
791 336 1021 387 testificata
1046 337 1199 386 Deam.

1533 351 1595 384 160

161 415 250 464 Hic
271 414 431 464 metuit
448 414 659 473 mendax,
686 415 813 464 timet
835 415 928 464 haec
949 415 1127 482 perjura
1148 414 1296 464 vocari
1315 433 1326 463 :

228 494 350 542 Num
375 491 577 550 dubites,
597 492 673 540 hic
697 493 757 542 sit
778 492 942 557 major,
961 512 1018 542 an
1040 492 1115 541 ille
1138 493 1320 542 metus?

165 569 392 636 Denique,
413 581 464 618 ut
483 570 716 619 amborum
741 569 940 618 conferre
963 567 1160 635 pericula
1182 569 1357 635 possis,

231 647 421 714 Respice
444 647 501 696 ad
522 658 705 697 eventus
725 667 736 696 z
755 647 848 696 haec
871 647 1028 705 cubat;
1051 646 1126 695 ille
1149 646 1278 695 valet.

166 725 262 774 Nos
287 744 467 792 quoque
492 725 698 776 dissimili
722 727 961 774 certamina
983 736 1130 774 mente
1149 724 1376 782 subimus;

1540 738 1601 774 165

229 803 324 851 Nec
347 820 450 869 spes
471 821 552 869 par
571 801 728 860 nobis,
755 821 836 850 nec
861 802 996 850 timor
1014 820 1169 868 aequus
1191 802 1327 850 adest.

167 880 239 928 Tu
261 878 377 946 petis
401 898 454 928 ex
477 890 576 927 tuto
595 899 606 928 ε
625 879 802 943 gravior
821 879 933 928 mihi
955 891 1098 928 morte
1122 878 1301 946 repulsa
1325 890 1392 928 est
1411 898 1422 938 ;

234 957 375 1024 quue
398 976 482 1020 ego
500 957 612 1023 jam,
639 958 764 1026 quod
788 970 838 1007 tu
860 958 1013 1008 forsan
1036 958 1232 1017 amabis,
1257 977 1370 1006 amo.

170 1035 220 1084 Si
243 1035 328 1084 tibi
348 1035 556 1101 justitiae,
582 1036 621 1085 si
642 1037 752 1085 recti
771 1056 876 1086 cura
893 1036 1076 1095 fuisset,

237 1113 403 1164 Cedere
427 1114 646 1164 debueras
665 1115 849 1179 ignibus
872 1116 968 1182 ipse
986 1115 1110 1164 meis.
1546 1141 1606 1174 170

170 1194 302 1242 Nune
324 1193 538 1260 quoniam
559 1192 679 1243 ferus
697 1193 771 1242 hic
793 1213 877 1261 pro
902 1213 1034 1243 causa
1054 1204 1226 1260 pugnat
1251 1192 1426 1259 iniqua,

237 1270 313 1320 Ad
335 1270 463 1338 quid,
491 1270 716 1338 Cydippe,
739 1271 867 1322 litera
891 1284 1048 1321 nostra
1067 1272 1215 1321 redit?

175 1349 263 1398 Hic
284 1349 392 1398 facit
413 1361 466 1398 ut
484 1349 650 1415 jaceas,
675 1361 720 1398 et
743 1350 806 1399 sis
830 1362 1038 1418 suspecta
1062 1350 1247 1400 Dianae:

242 1430 377 1479 Hunc
401 1440 472 1488 tu,
501 1429 539 1477 si
562 1429 706 1496 sapias
720 1466 732 1487 ‚
758 1429 895 1479 limen
919 1429 1038 1494 adii-e
1058 1440 1190 1478 vetes.

176 1509 280 1557 Hoc
301 1508 511 1566 faciente,
537 1508 664 1556 subis
689 1520 778 1556 tam
796 1527 908 1557 saeva
928 1507 1127 1576 pericula
1149 1507 1249 1555 vitae
1268 1527 1280 1555 t

1551 1520 1612 1566 175

241 1586 392 1654 Atque
410 1585 581 1654 utinam
601 1605 686 1653 pro
710 1597 774 1644 te,
803 1586 881 1653 qui
903 1598 1054 1635 movet
1076 1585 1174 1643 illa,
1198 1584 1349 1633 cadat!

169 1666 327 1732 Quem
347 1665 387 1715 si
407 1663 678 1732 reppuleris‚
701 1683 806 1724 nec,
833 1684 964 1732 quem
987 1665 1084 1713 Dea
1108 1664 1288 1712 damnat
1303 1701 1314 1721 ‚
1341 1662 1523 1719 amaris3

178 1793 227 1819 nn
237 1795 310 1820 Dens
320 1811 330 1826 ‚
342 1793 441 1827 adjuro
453 1812 464 1828 ‚
476 1798 532 1819 hm
542 1801 584 1818 me
594 1792 646 1818 tibi
658 1801 720 1819 ven
730 1792 827 1818 resen
836 1811 846 1824 ‚

175 1843 264 1876 Quam
273 1843 331 1868 veri
343 1842 443 1876 major·
456 1841 517 1867 fide.

928 1783 1095 1830 Append.
1108 1782 1150 1818 ad
1164 1784 1289 1818 Horat.
1307 1796 1335 1817 c.
1347 1783 1381 1827 4,
1399 1781 1561 1817 ostendit.
1571 1782 1611 1817 B.

922 1855 925 1863 =
976 1837 1048 1871 165.
1065 1837 1182 1870 Mente
1191 1838 1350 1870 subimus.
1360 1836 1476 1869 Marte
1484 1862 1493 1877 ,
1507 1847 1614 1880 praes-

179 1891 384 1936 Terentius,
402 1890 541 1926 Andria
551 1902 603 1933 IV,
617 1892 864 1928 xe'Peromnes
927 1888 1048 1924 titerit.
1067 1889 1201 1923 Hnms.

177 1948 246 1981 tibi
268 1944 395 1991 adjuro
419 1945 525 1979 Deos.
562 1943 705 1979 Ser-*ius
723 1943 778 1977 :ad
806 1942 864 1977 illa

182 1998 282 2044 Virg.
300 2008 378 2041 ΧΠ,
395 1997 482 2032 816:
623 2007 669 2028 e÷
694 2022 699 2026 .
717 2022 721 2028 ,
737 2008 782 2027 012*

179 2054 290 2088 Adjum
300 2053 387 2088 Stygii
398 2057 478 2086 capnt
494 2051 658 2085 imphabile
668 2048 748 2076 mihis
760 2059 767 2076 :

182 2117 248 2152 pro
259 2131 268 2150 ,
276 2104 360 2150 jum
372 2117 384 2139 .·
397 2115 483 2138 nam
501 2101 674 2148 prothesis
691 2108 752 2136 est.
778 2100 868 2146 Qui-

184 2158 269 2195 dam
295 2165 416 2192 tamen
443 2155 568 2190 volunt
582 2155 665 2199 juro
691 2153 759 2189 dici
782 2161 869 2189 tunc

184 2210 327 2255 debore,
338 2221 449 2256 quum
461 2207 714 2246 confirmamus
724 2205 867 2252 aliquid,

185 2270 247 2298 aut
261 2262 502 2309 promittimus
520 2271 528 2293 :
542 2268 604 2305 ut,
625 2260 707 2305 juro
723 2272 782 2294 me
797 2259 871 2294 sac-

183 2322 307 2350 turum
315 2315 560 2360 :Adjumverm
571 2326 683 2359 quum
690 2325 871 2359 negamus.

186 2369 321 2413 Adsum
336 2380 394 2403 me
416 2379 490 2402 non
512 2379 610 2412 posse
624 2392 634 2409 ,
657 2365 792 2410 Adsum
812 2378 871 2400 me

185 2433 261 2456 non
269 2420 400 2456 secisse.
413 2419 604 2454 Terentius
618 2431 627 2452 :
643 2432 660 2447 e«
672 2417 825 2462 Adsum!
835 2431 872 2453 se

186 2486 262 2508 non
278 2485 377 2519 posse
393 2471 487 2518 apud
502 2484 563 2506 vos
574 2497 584 2515 ,
606 2470 793 2516 Pamphilo
810 2471 874 2506 ab-

187 2533 287 2562 sente
297 2553 308 2570 ,
327 2525 530 2572 perdurare.
545 2525 693 2559 »Potest
705 2531 823 2559 tamen
839 2531 875 2559 et

187 2581 238 2614 ad
244 2577 440 2624 significare
455 2578 558 2612 valde
568 2587 582 2620 ‚·
593 2582 632 2611 ut
643 2576 686 2612 sit
695 2603 705 2622 ,
723 2577 855 2622 Adsum
862 2603 872 2619 ,

188 2632 292 2666 valde
298 2631 391 2676 juro.
408 2629 542 2665 Hnm's.

239 2683 312 2727 164„
325 2683 410 2717 Hac
418 2684 531 2717 cubat,
539 2681 678 2728 Nempe
687 2681 724 2716 in
733 2681 875 2716 morbo:

176 2748 257 2782 >pm>
274 2737 469 2772 decumbere
484 2734 582 2769 enim
598 2734 662 2769 hae
678 2746 762 2769 voce
777 2740 878 2769 vete-

193 2802 250 2825 res
263 2801 343 2826 usos
356 2789 534 2835 eleganter
550 2787 673 2823 Douza
686 2787 723 2822 in
740 2786 878 2823 suceid.

977 1954 989 1975 1
998 1955 1014 1986 7
1022 1954 1034 1975 1
1041 1967 1048 1974 .
1061 1942 1160 1975 Nunc
1169 1943 1325 1986 quoniam
1328 1938 1430 1984 serus
1440 1941 1505 1973 hic.
1516 1939 1616 1974 Nunc

921 1993 1024 2038 serus
1030 1995 1248 2039 hicquom‘am
1257 1991 1463 2027 concinnius
1472 1992 1616 2037 legatur.

981 2059 1053 2093 172,
1079 2047 1143 2080 Ad
1153 2047 1241 2091 quid.
1259 2045 1302 2080 In
1319 2057 1426 2090 quem
1442 2057 1557 2078 usum.
1574 2043 1615 2078 B.

933 2099 986 2134 Ex
1015 2098 1109 2134 notis
1145 2097 1340 2134 Hubertini
1374 2105 1470 2144 patet
1495 2098 1614 2144 legisse

933 2166 1017 2188 eum
1028 2179 1038 2196 ‚
1055 2154 1107 2186 ad
1117 2153 1209 2197 quod
1219 2162 1232 2194 ,”
1256 2151 1317 2186 sed
1333 2164 1408 2186 non
1424 2150 1504 2185 satis
1519 2149 1618 2196 capio

933 2206 1009 2241 haec
1027 2205 1143 2240 verba.
1163 2205 1227 2240 Ad
1238 2209 1272 2239 te
1284 2230 1294 2249 ,
1324 2205 1472 2251 Cydippe
1483 2229 1493 2249 ,
1511 2202 1619 2238 editio

935 2259 1109 2305 princeps.
1432 2268 1434 2272 ·

984 2325 996 2345 1
1005 2311 1056 2356 76.
1084 2312 1156 2354 Qui
1164 2313 1275 2344 movet
1283 2310 1344 2344 ille
1359 2309 1474 2343 cadat.
1493 2307 1553 2343 Sic
1566 2307 1621 2340 vi-

937 2363 1042 2398 detur
1055 2362 1267 2410 legendum;
1295 2373 1406 2407 quum
1426 2367 1594 2405 sequatur
1609 2387 1617 2403 ,

941 2419 1046 2460 (laem
1064 2420 1101 2451 si
1116 2417 1306 2460 mppulcn‘s.
1320 2413 1363 2449 C.
1382 2415 1473 2455 Ista,
1489 2413 1621 2447 Douzae

937 2470 1047 2506 codex
1061 2478 1069 2501 z
1083 2468 1143 2504 sed
1160 2470 1225 2503 illa
1236 2468 1308 2513 jam
1325 2466 1437 2502 Aldus
1449 2472 1485 2500 et
1500 2465 1556 2499 alii
1569 2478 1620 2499 re-

938 2529 1119 2569 ceperunt.
1139 2523 1447 2565 Quimovetarma,
1468 2518 1623 2553 Leiden-

938 2577 993 2612 sis.
1018 2577 1089 2619 Qui
1103 2578 1214 2609 movet
1232 2576 1314 2615 illa,
1335 2573 1454 2618 ferat,
1488 2571 1624 2617 legebat

941 2630 972 2664 F
972 2628 1171 2663 raucius.—
1181 2626 1292 2673 Optat
1308 2633 1346 2661 ut
1359 2625 1551 2669 moriatur,
1564 2624 1623 2670 qui

940 2687 1096 2716 mortem
1110 2681 1159 2715 sic
1174 2680 1328 2714 intentat
1349 2677 1528 2726 Cydippae.

990 2748 1060 2780 ¹77·
1083 2734 1292 2778 Beppulenlr.
1315 2733 1519 2777 Respuent„
1545 2730 1629 2764 Mo-

943 2786 1012 2822 reti
1028 2785 1147 2821 codex.
1398 2797 1399 2801 ¹
