1884 3112
315 256 403 312 340

710 257 1089 301 EPIST'OLA
1125 258 1335 304 XVIII.

311 351 375 399 At
395 347 525 407 mihi,
554 348 675 416 quod
699 349 886 398 Perseus
909 361 954 398 et
977 367 1076 398 cum
1094 351 1206 400 Jove
1227 351 1364 400 Liber
1378 350 1643 414 amarunt,

375 425 593 474 Indicium
616 425 762 473 dubiae
782 444 876 473 non
898 425 1042 492 placet
1064 446 1157 476 esse
1180 427 1271 476 viae.

313 504 396 552 Est
418 501 539 550 aliud
561 501 734 560 lumen,
759 502 902 551 multo
925 503 1036 551 mihi
1055 504 1217 553 certius
1236 505 1361 564 istis3

1671 521 1731 556 155

374 582 480 629 Non
501 580 585 628 erit
603 580 651 628 in
675 581 871 629 tenebris
896 600 986 647 quo
1011 581 1120 631 duce
1141 595 1296 632 noster
1315 602 1450 637 amor.

313 658 414 705 Hoc
438 675 520 719 ego
545 656 650 704 dum
674 667 887 723 spectem,
914 657 1131 718 Colchos,
1157 671 1202 707 et
1223 659 1271 706 in
1293 659 1447 708 ultima
1471 659 1605 713 Ponti
1620 697 1632 718 ,
1675 681 1677 684 ⁴
1699 679 1701 682 ·

375 735 565 801 Quaque
589 735 703 783 viam
727 734 831 783 fecit
851 734 1063 784 Thessala
1086 737 1273 803 puppis,
1299 756 1423 786 eam·
1464 759 1466 764 ·

304 811 399 860 Et
384 830 587 876 juvenem
610 810 778 877 possim
802 829 1008 878 superare
1032 812 1280 862 Palaemona
1296 814 1475 872 nando,

372 889 576 955 Miraque
604 908 734 955 quem
755 889 907 937 subito
931 890 1126 939 reddidit
1147 891 1290 940 herba>
1310 893 1468 940 Deum.

1669 906 1732 940 16⁰

1630 964 1633 966 '
1707 965 1711 977 )

304 967 427 1034 Saepe
451 985 531 1033 per
550 967 751 1016 assiduos
775 966 990 1030 languent
1011 987 1110 1017 mea
1132 968 1315 1017 brachia
1337 980 1511 1026 motus;

369 1045 545 1111 Vixque
570 1063 650 1111 per
671 1045 909 1093 immensas
933 1044 1047 1093 fessa
1070 1045 1309 1094 trahuntur
1330 1063 1478 1111 aquas.

303 1124 388 1172 His
412 1142 493 1186 ego
519 1141 658 1189 quum
682 1121 772 1170 dixi
797 1141 807 1169 :
827 1122 1019 1188 pretium
1041 1141 1136 1179 non
1159 1121 1244 1174 vile
1269 1122 1460 1182 laboriS,
1490 1155 1492 1157 -
1528 1182 1530 1184 V

366 1202 467 1249 Jam
491 1200 680 1248 dominae
703 1199 833 1248 vobis
860 1198 976 1248 colla
998 1198 1186 1248 tenenda
1210 1199 1341 1247 dabo.

304 1277 518 1326 Protinus
542 1275 618 1330 illa
642 1275 811 1334 valent,
837 1287 970 1342 atque
994 1275 1049 1322 ad
1073 1294 1153 1336 sua
1173 1275 1352 1341 praemia
1375 1268 1592 1332 tendunt}

1669 1267 1731 1324 1⁴65

364 1356 430 1402 Ut
452 1353 565 1402 celer
588 1352 699 1404 Eleo
724 1371 894 1401 carcere
912 1352 1073 1400 missus
1099 1370 1255 1418 equus.

346 1474 419 1509 153.
433 1474 489 1508 At
502 1475 589 1508 mibi
599 1474 696 1519 quod.
712 1473 821 1516 Quam
831 1477 982 1516 quatuor

298 1527 427 1572 scripti.
461 1526 552 1572 Lege
570 1553 578 1570 ,
603 1538 689 1570 quas
706 1537 716 1559 ι
732 1523 984 1570 quodssconfir—

295 1579 408 1613 'mavit
421 1585 539 1624 postea
553 1578 640 1612 alter
656 1576 830 1612 Mentelii.
848 1576 983 1610 Hssms.

299 1631 397 1667 Nihil
422 1637 520 1664 muta
536 1643 544 1664 :
561 1629 685 1663 millies
708 1629 755 1663 ita
772 1628 902 1663 Noster
921 1627 983 1661 lo·-

301 1683 444 1728 quitur:
460 1694 541 1715 mox
554 1707 564 1725 ,
591 1693 675 1728 179:

299 1739 369 1765 Pene
379 1747 459 1762 manu
470 1735 541 1771 quod
551 1745 609 1761 amo
616 1755 624 1767 ,
636 1740 708 1760 tauta
717 1740 756 1760 est
768 1734 866 1760 vicinia
874 1753 883 1766 ‚
895 1739 981 1766 tango.

301 1787 411 1833 Epist.
432 1796 495 1820 x1x
510 1811 520 1829 ‚
546 1798 608 1832 ¹79
624 1796 633 1819 t

466 1854 533 1878 saepe
555 1844 622 1878 petis

397 1894 532 1928 relinquis.

644 1843 715 1877 quod
733 1851 819 1874 mas,
844 1848 897 1867 tam
917 1850 983 1876 soepe

300 1848 345 1873 Tu
364 1856 443 1882 quam

303 1944 412 1991 Epist.
431 1954 498 1987 xx,
520 1942 602 1977 168:

335 2002 420 2035 quue
426 2008 472 2033 ego
479 1997 619 2032 jpm,quod
624 1996 746 2023 tuforsau
756 1995 864 2026 amabis,
876 2003 943 2020 amo.
950 1994 983 2020 B.

348 2051 420 2084 155.
442 2049 510 2084 Est
524 2048 625 2081 aliud
635 2048 757 2080 lumen.
783 2044 902 2079 Alium
920 2042 985 2076 Al-

304 2102 380 2136 dus.
395 2102 528 2137 Numen
544 2098 651 2133 etiam
667 2096 811 2142 quidam
827 2095 981 2138 codices,

305 2162 345 2188 ut
360 2165 464 2198 supra
480 2151 523 2186 86
543 2163 551 2185 z
568 2149 628 2185 sed
644 2149 701 2184 hic
722 2149 785 2183 alia
801 2147 890 2182 ratio
906 2153 957 2181 est
976 2158 984 2180 ε

302 2218 388 2241 nam
401 2208 434 2240 τὲ
447 2206 572 2238 ceruus
585 2201 687 2246 exigit
699 2227 708 2245 ,
727 2207 767 2234 ut
783 2200 985 2245 legatur-Ju-

303 2272 379 2294 men
396 2259 405 2299 ;
439 2263 479 2290 ut
495 2256 542 2290 ita
557 2256 670 2288 sidem
681 2280 690 2295 ,
721 2252 763 2286 ad
786 2264 863 2297 quae
877 2251 984 2285 navi-

304 2311 396 2358 gatio
422 2306 618 2343 instituitur
636 2331 646 2349 ,
677 2308 770 2339 certa
787 2303 902 2338 nautis
923 2302 984 2337 di-

305 2369 434 2398 cuntur
444 2360 577 2406 fulgere
595 2356 747 2392 Horatio
763 2362 799 2390 et
813 2355 894 2389 aliis.
919 2354 960 2388 B.

350 2414 422 2448 156.
432 2414 510 2449 Non
522 2414 589 2446 en'!
601 2414 638 2445 in
654 2411 809 2444 tenebris.
823 2409 900 2443 Non
910 2410 987 2440 erat

302 2471 338 2501 in
355 2466 515 2504 tenebris,
536 2464 746 2498 Puteaneus.
760 2461 866 2495 Forte
881 2486 890 2503 ,
906 2461 985 2495 Non

303 2522 363 2552 eat
378 2522 414 2552 in
438 2518 593 2550 tenebn's.
622 2516 700 2550 Non
715 2517 806 2548 errat
818 2515 980 2553 tenebris,

306 2570 393 2604 alter
409 2567 553 2604 Moreti.
579 2566 712 2601 HEINS.

354 2624 426 2667 157.
459 2621 604 2656 Colchos
619 2622 720 2663 atque
734 2619 855 2652 ultima
872 2618 983 2651 Ponti.

307 2674 356 2707 Et
370 2676 405 2707 in
424 2675 543 2706 ultima
558 2672 664 2706 Ponte·
668 2697 676 2710 ‚
695 2671 918 2710 Puteaneus3
948 2672 985 2702 et

305 2726 357 2758 ad
369 2727 506 2764 ultima,
527 2723 681 2768 quinque
709 2722 774 2756 alii.
805 2721 937 2755 HEINS.

353 2776 424 2810 158.
446 2776 611 2809 Thessala
622 2777 756 2817 puppis.
781 2772 981 2807 Puteaneus

1050 1478 1085 1506 et
1116 1471 1172 1505 alii
1203 1469 1366 1506 meliores
1392 1482 1523 1517 magno
1546 1482 1699 1506 numero
1717 1498 1728 1515 ,

1055 1525 1223 1558 Thessala
1232 1527 1336 1568 pinus
1353 1523 1474 1558 :bene.

1097 1576 1168 1610 160.
1184 1576 1339 1620 eraque
1349 1602 1358 1616 ‚
1376 1588 1472 1620 quem
1487 1577 1599 1610 subito
1615 1576 1731 1610 reddi-—

1048 1629 1102 1662 dit
1113 1629 1218 1661 herba
1229 1628 1352 1661 Deum.
1370 1627 1558 1672 Ingeniosa
1572 1633 1625 1662 est
1638 1626 1730 1661 doct.

1047 1679 1114 1712 viri
1146 1679 1349 1724 conjectura
1378 1679 1393 1721 (
1405 1678 1550 1712 Miscent
1582 1678 1731 1714 Observ.

1046 1730 1114 1764 vol.
1135 1741 1166 1763 11
1178 1756 1188 1773 ‚
1208 1737 1293 1764 tom.
1317 1739 1331 1763 1
1346 1756 1355 1773 ,
1383 1742 1415 1775 p.
1437 1729 1522 1777 ¹95)
1540 1729 1730 1775 legendum

1047 1781 1107 1816 hio
1125 1782 1191 1816 rati
1208 1793 1216 1816 z
1232 1782 1413 1827 Morsaque
1431 1791 1527 1826 quem
1541 1784 1654 1817 subito
1664 1788 1730 1816 etc.

1048 1833 1200 1868 Glaucus
1215 1833 1311 1868 enim
1329 1832 1421 1878 apud
1442 1830 1634 1879 Nostrum,
1653 1833 1730 1868 Me-

1048 1885 1260 1931 tamorphos.
1285 1894 1377 1929 xus,
1398 1887 1462 1932 94²
1480 1897 1490 1919 t
1644 1899 1645 1902 ¹

1046 1994 1146 2020 Pabula
1156 1993 1290 2027 decerpsi,
1300 1993 1473 2026 deaei-pinque
1482 1993 1560 2018 dente
1569 1993 1710 2019 momordi.

1050 2044 1172 2078 Potest
1189 2050 1309 2077 tamen
1327 2048 1363 2076 et
1378 2041 1518 2087 vulgata
1542 2041 1637 2076 sen-i.
1663 2043 1729 2078 Su·-

1048 2098 1154 2130 bitum
1161 2096 1272 2129 Deum
1281 2093 1448 2131 Heinsius
1457 2093 1620 2136 malebam
1633 2094 1730 2140 quod

1049 2155 1142 2182 certe
1159 2159 1233 2181 non
1250 2145 1523 2192 improbandum
1539 2158 1549 2180 ι
1564 2146 1659 2181 haud
1673 2154 1729 2182 ta·-

1048 2208 1132 2233 ‘men
1149 2199 1289 2244 vulgato
1304 2204 1466 2243 praestare
1480 2197 1567 2232 adeo
1583 2205 1726 2244 putem,

1049 2257 1088 2286 ut
1099 2277 1108 2295 ‚
1127 2251 1181 2285 vel
1197 2250 1466 2285 reclamantibus
1480 2249 1581 2285 codd.
1597 2251 1635 2285 in
1646 2257 1728 2286 tex-

1049 2310 1126 2338 tum
1141 2303 1247 2337 velim
1261 2303 1427 2347 recipere.
1449 2302 1611 2336 Leuni».

1095 2356 1166 2390 163.
1183 2357 1252 2389 His
1262 2367 1323 2398 ego
1329 2366 1427 2399 quum
1436 2361 1499 2388 etc.
1509 2353 1729 2389 Desuntver-

1047 2407 1230 2453 ba,quibus
1236 2413 1408 2441 notentur
1414 2405 1726 2452 istiusmodinugae.

1096 2460 1166 2494 165.
1192 2459 1228 2493 A
1230 2461 1256 2493 d
1264 2471 1330 2492 sua
1335 2462 1484 2503 premia
1500 2459 1535 2492 A
1537 2460 1564 2493 d
1570 2471 1634 2492 sua
1640 2470 1730 2502 gau·-

1048 2511 1315 2555 d1'a‚Excerpta
1338 2509 1471 2544 Douzae
1491 2516 1527 2544 et
1540 2508 1728 2544 Balliolen-

1048 2563 1112 2597 sis:
1126 2575 1281 2603 munera,
1307 2561 1468 2596 Sarravii.

1095 2615 1166 2649 166.
1185 2615 1234 2647 Ut
1248 2615 1340 2648 celer
1350 2615 1437 2647 Eleo
1452 2623 1585 2646 comem
1602 2613 1724 2645 messus

1047 2681 1159 2712 equus.
1174 2667 1232 2702 Sic
1243 2667 1326 2702 Am.
1335 2667 1391 2702 lib.
1399 2676 1456 2710 111,
1467 2665 1562 2710 Eleg.
1576 2677 1594 2698 α
1602 2675 1652 2707 ,v.
1663 2674 1702 2710 9:

1047 2728 1106 2753 Hoc
1116 2727 1181 2752 mihi
1191 2736 1239 2752 con

1079 2776 1200 2801 Insistam
1212 2775 1273 2801 sorti
1288 2780 1374 2800 mente
1385 2773 1516 2800 vehendus
1528 2772 1612 2806 equis.

1242 2727 1322 2759 tingat
1332 2745 1340 2758 ,
1363 2734 1435 2751 sacro
1448 2725 1480 2750 de
1491 2732 1597 2750 carcero
1606 2722 1694 2747 missis
