1884 3112
359 255 436 301 192

829 242 935 287 EPI
948 244 1025 288 ST
1038 238 1121 289 οι
1133 230 1278 299 Α’Χς

408 332 580 381 Thesea
602 351 827 399 pressuras
850 335 1116 401 semisupina
1132 354 1299 385 manus.
1713 365 1753 389 ιο

348 411 509 461 Nullus
530 423 621 460 erat
639 431 648 468 ;
676 411 903 478 referoque
924 429 1100 470 manus,
1127 413 1372 480 iterumque
1393 426 1588 474 retento,

410 488 580 552 Perque
606 498 751 534 torum
774 506 929 536 moveo
950 488 1129 537 brachia
1150 507 1161 536 z
1184 488 1334 537 nullus
1358 501 1460 539 erat.

344 565 585 612 Excussere
609 574 751 611 metus
774 582 975 612 somnum
995 584 1005 612 ε
1026 566 1261 615 conterrita
1285 586 1417 630 surgo
1437 586 1448 625 ;

407 639 696 706 Membraque
721 652 825 688 sunt
847 641 979 689 viduo
1002 643 1271 710 praecipitata
1294 655 1407 692 toro.

343 717 552 765 Protinus
572 716 768 765 adductis
793 730 1038 766 sonuerunt
1059 731 1239 784 pectora-
1259 719 1417 786 palmis
1438 739 1448 767 :
1709 735 1747 770 15

403 796 552 860 thue
575 806 666 842 erat
684 813 707 842 e
731 813 887 842 somno
912 795 1112 853 turbida,
1136 808 1261 862 rapta
1284 816 1407 845 coma
1430 808 1508 844 est.

336 873 463 920 Luna
485 870 597 918 fuit:
619 882 793 937 specto,
817 871 854 919 si
881 871 1013 937 quid,
1039 871 1125 919 nisi
1147 870 1303 930 litora,
1330 891 1530 921 cernam:

402 945 539 1010 Quod
561 945 734 993 videant
758 945 892 1003 oculi,
918 945 1006 1004 nil,
1029 947 1116 994 nisi
1138 946 1265 1006 litus,
1289 947 1469 996 habent.

336 1023 465 1071 Nunc
481 1021 590 1079 huc,
613 1041 732 1070 nunc
752 1021 875 1079 illuc,
901 1033 945 1070 et
961 1034 1173 1088 utroque,
1197 1024 1289 1072 sine
1312 1024 1487 1083 ordine,
1512 1042 1669 1073 curro:

398 1097 502 1147 Alta
523 1097 738 1164 puellares
758 1097 901 1145 tardat
923 1116 1048 1146 arena
1073 1098 1219 1164 pedes.
1697 1125 1740 1148 ρο

333 1176 503 1223 Interea
525 1185 622 1222 toto
647 1173 850 1222 clamanti
872 1172 1022 1232 litore,
1047 1175 1246 1224 Theseu!

377 1340 390 1361 1
397 1339 428 1360 o.
437 1327 654 1371 Semirupina.
669 1325 815 1361 Codices
821 1338 942 1361 omnes
947 1339 1003 1360 se-

330 1382 485 1422 misopita
499 1391 569 1423 prae
584 1392 619 1413 se
637 1379 774 1422 serunt,
793 1379 1002 1413 reclamante

330 1440 448 1466 tamen
468 1431 615 1478 syllaba:
635 1442 719 1464 nam
737 1433 844 1474 sopire
865 1443 1002 1475 semper

329 1484 478 1530 primam
493 1481 667 1528 producit,
682 1489 720 1516 ut
736 1480 826 1527 apud
839 1482 934 1516 hunc
953 1482 1001 1528 ip-

327 1548 405 1571 sum
419 1535 509 1569 insra
519 1561 528 1578 ‚
543 1534 579 1568 in
594 1533 720 1579 Epist„
737 1533 875 1567 Medeae
889 1547 897 1568 :

326 1596 390 1627 Quae
402 1603 442 1618 me
452 1603 503 1619 non
513 1601 617 1626 possum
627 1612 635 1623 ,
647 1592 720 1625 potui
732 1593 817 1625 sopire
829 1594 980 1617 Draconem.

327 1643 373 1678 Et
390 1644 695 1690 Hypermestrae:

324 1705 395 1729 Dum
407 1703 472 1735 petis
482 1702 630 1735 amplexus,
645 1701 780 1734 sopitaque
789 1700 893 1724 brachia
905 1701 994 1733 jactas.

325 1750 481 1786 Tametsi
498 1762 601 1795 sopor
617 1748 779 1793 corripiat
792 1762 800 1790 ;
821 1761 926 1793 quare
938 1761 995 1782 sc—

321 1805 498 1847 mtlrepulta
512 1800 673 1835 IIbentius
691 1799 816 1835 eodem
827 1813 930 1835 sensu
942 1800 995 1834 le-

323 1854 442 1900 gerim.
460 1853 602 1887 Esau.

368 1919 486 1939 11-12.
512 1905 634 1938 Nullus
647 1907 722 1937 erat
721 1929 770 1937 .....
785 1904 897 1937 nullus
911 1906 993 1936 erat.

321 1957 373 1991 Ita
401 1958 564 2002 frequens
585 1955 622 1989 in
646 1954 799 2000 repetitis
826 1953 990 1997 Ovidius,

319 2016 358 2043 ut
370 2008 455 2043 nihil
467 2007 598 2042 mirum
609 2034 618 2051 ,
630 2005 807 2051 siquando
818 2005 907 2039 male
918 2018 994 2040 ces-

317 2060 443 2104 serint,
471 2056 558 2094 etin
580 2058 777 2104 srigidulam
803 2058 991 2092 verborum

318 2111 572 2157 oppositionem
580 2110 739 2145 desinant
746 2122 754 2143 ·.
761 2109 821 2144 sed
833 2109 888 2143 hic
898 2109 992 2143 mul-

317 2170 394 2198 tum
405 2162 575 2197 laudanda
592 2162 751 2207 repetitio
766 2161 841 2196 haec
852 2187 861 2204 ‚
879 2163 990 2195 nullus

316 2219 409 2257 erat,·
433 2227 495 2249 seu
517 2215 680 2249 affectum
704 2212 877 2258 loquentis
891 2238 901 2256 ,
928 2225 989 2247 seu

314 2267 430 2302 locum
446 2267 560 2312 ipsum
573 2265 761 2311 respexeris
771 2291 781 2310 ,
805 2277 910 2310 quem
928 2276 989 2299 oc-

314 2325 443 2364 cupant
464 2318 569 2352 verba
589 2324 661 2351 tam
676 2315 852 2362 ingeniose
873 2315 988 2360 dispo-

314 2370 388 2404 sita.
410 2388 453 2395 —-
477 2371 632 2404 Retenta.
661 2368 750 2404 Satis
773 2375 892 2414 aptum
913 2381 987 2402 ver-

313 2421 399 2455 bum
414 2434 422 2456 z
437 2428 477 2456 ut
492 2426 621 2455 tentare
631 2447 639 2461 ‚
653 2424 844 2465 pertentare
855 2446 864 2463 ,
888 2420 925 2454 in
939 2420 987 2454 si-

313 2472 386 2507 mili
401 2485 458 2515 re;
489 2472 549 2507 sed
566 2472 603 2506 in
620 2472 751 2507 Moreti
774 2478 809 2506 et
825 2472 984 2506 Ambro-

312 2525 408 2559 siano
431 2531 506 2558 erat
536 2525 671 2558 fetendo
686 2551 695 2565 ,
724 2523 818 2569 quod
838 2523 983 2557 Heinsio

312 2588 386 2609 non
414 2574 611 2620 displicebat
635 2574 721 2610 :sed
752 2579 879 2610 retento
910 2582 980 2618 cst,

310 2626 439 2660 iterum
455 2627 651 2672 iterumque
666 2633 759 2661 tactu
773 2626 924 2672 explor0‚
937 2639 981 2660 an

310 2676 347 2711 in
370 2684 465 2722 parte
488 2678 553 2711 tori
579 2678 734 2713 Theseus
760 2690 857 2712 meus
885 2685 981 2712 esset.

311 2727 396 2767 Mox
411 2741 475 2774 pro
489 2742 600 2765 moveo
610 2757 619 2773 ‚
639 2730 868 2766 Farnesianus
877 2729 981 2774 jacto

1065 1329 1203 1362 brachia
1215 1337 1228 1369 ‚·
1255 1326 1346 1372 quod
1363 1338 1435 1361 non
1459 1325 1612 1372 displicet
1625 1352 1634 1370 ,
1657 1325 1735 1372 quia

1067 1385 1283 1425 praecesserat
1294 1405 1304 1422 ,
1324 1381 1549 1413 mous'munus.
1563 1378 1691 1413 Bunm.

1113 1431 1161 1465 16.
1179 1432 1285 1475 thue
1293 1434 1369 1465 erat
1375 1443 1395 1464 e
1402 1443 1517 1467 somno
1527 1437 1591 1466 etc.
1603 1429 1734 1464 Animo

1064 1481 1180 1525 simul,
1193 1489 1228 1516 et
1241 1482 1345 1517 totius
1358 1482 1510 1528 corporis
1522 1481 1641 1516 habitu
1655 1493 1736 1527 per-

1065 1534 1238 1568 turbatam
1253 1560 1262 1577 ,
1280 1533 1583 1579 inordinatamque
1601 1531 1735 1567 Ariad—

1062 1597 1133 1619 nen
1145 1611 1154 1628 ,
1172 1586 1230 1619 ubi
1242 1585 1394 1630 primum
1405 1585 1519 1619 abesse
1532 1583 1669 1619 Thesea
1678 1584 1736 1618 in-

1063 1636 1193 1670 tellexit
1204 1663 1214 1680 ,
1237 1636 1285 1671 sic
1303 1636 1463 1670 describit
1493 1635 1649 1670 Catullus
1660 1661 1670 1679 ,
1697 1635 1734 1669 in

1060 1687 1263 1733 egregioillo
1274 1686 1453 1730 Carmine,
1465 1688 1507 1721 de
1517 1687 1617 1732 Nupt.
1638 1688 1732 1721 rhet.

1059 1743 1095 1773 et
1106 1740 1178 1773 Pel.
1191 1738 1251 1782 60,
1268 1751 1350 1784 sqq:

1059 1806 1145 1838 Quem
1156 1806 1248 1840 procul
1256 1815 1287 1831 ex
1299 1806 1355 1838 alga
1363 1805 1457 1830 Martis
1471 1804 1570 1830 Minois
1581 1804 1668 1830 ocellis

1057 1860 1137 1883 Saxea
1148 1863 1176 1883 nt
1184 1858 1277 1891 effigies
1286 1856 1430 1882 bacchantis
1440 1856 1563 1890 prospicit
1574 1858 1645 1883 Ενοὸ
1655 1866 1664 1889 5

1057 1910 1184 1942 Prospieit
1193 1927 1203 1940 ‚
1220 1914 1245 1933 et
1261 1908 1359 1941 mugnis
1370 1917 1490 1933 curarum
1500 1907 1607 1933 fluctu-2
1618 1907 1694 1933 undis
1704 1925 1715 1939 0

1058 1960 1085 1986 N
1087 1969 1120 1985 on
1130 1959 1197 1986 ssavo
1210 1960 1321 1985 retinens
1333 1959 1455 1984 subtilem
1464 1960 1560 1984 vertice
1570 1960 1688 1990 mitum,

1057 2012 1119 2037 Non
1129 2016 1243 2036 contecta
1252 2011 1305 2036 levi
1314 2011 1428 2036 velatum
1437 2017 1527 2044 pectus
1538 2011 1635 2036 mictu
1643 2028 1659 2043 λ

1056 2063 1118 2088 Non
1127 2063 1202 2088 tereti
1211 2062 1326 2095 strophio
1337 2063 1461 2087 luctantes
1469 2063 1557 2088 vineta
1566 2053 1691 2097 pupilln33

1055 2113 1150 2138 Omnia
1161 2121 1218 2146 quoe
1229 2117 1282 2137 toto
1294 2112 1396 2145 delapsa
1405 2120 1419 2137 e
1429 2120 1534 2146 corpore
1543 2131 1552 2144 ,
1562 2112 1658 2145 passim

1054 2164 1140 2197 Ipsius
1150 2170 1208 2188 ante
1219 2164 1295 2196 pedes
1304 2163 1397 2189 fluctus
1411 2164 1470 2188 satis
1480 2163 1637 2190 alludebant.

1055 2213 1127 2247 Ubi
1145 2212 1273 2247 nescias
1289 2213 1456 2258 profecto,
1470 2219 1590 2247 utrum
1602 2213 1723 2260 magis,

1052 2263 1228 2298 vividosne
1244 2271 1279 2298 et
1300 2265 1433 2299 nativos
1450 2265 1580 2299 colores
1595 2271 1725 2310 poeta·-

1052 2317 1202 2362 pictoris,
1213 2329 1257 2350 an
1268 2317 1339 2350 vim
1353 2324 1386 2351 et
1398 2317 1492 2362 quasi
1503 2316 1650 2361 penicilli
1658 2329 1723 2350 ca-

1051 2369 1185 2413 lorem,
1205 2368 1350 2403 mireris.
1371 2387 1415 2395 --
1439 2370 1566 2413 Rapta.
1585 2369 1720 2412 Rupta,

1052 2433 1173 2466 margo
1187 2421 1320 2455 Bersm.
1334 2433 1342 2454 ε
1355 2419 1491 2454 rectius.
1505 2419 1568 2465 Ep.
1581 2429 1645 2462 111,
1659 2421 1697 2452 15
1711 2431 1719 2453 :

1050 2477 1087 2501 At
1098 2477 1223 2510 lacrymas
1234 2477 1286 2501 sine
1297 2476 1344 2500 fine.
1355 2476 1413 2500 dedi
1424 2494 1432 2507 ,
1446 2476 1558 2509 rupique
1572 2474 1686 2507 capillos.

1051 2525 1148 2559 Vero
1163 2551 1173 2569 ,
1194 2524 1250 2559 hic
1264 2526 1396 2558 turbida
1417 2530 1467 2558 est
1490 2525 1647 2562 turbatas
1678 2529 1718 2556 ut

1049 2583 1141 2611 recte
1158 2576 1278 2610 Douza
1292 2576 1396 2610 etiam
1410 2575 1507 2620 cepit.
1525 2574 1659 2609 Bunm.

1095 2629 1142 2662 18.
1155 2629 1252 2662 L1’tus
1263 2630 1396 2661 habent.
1406 2629 1511 2660 Erat:
1522 2633 1592 2660 tres
1601 2624 1717 2669 scripti

1047 2686 1087 2714 ut
1104 2680 1211 2725 Epist.
1228 2678 1390 2713 Laodam.
1407 2690 1415 2712 :

1077 2735 1111 2760 Et
1121 2734 1191 2769 quod
1202 2739 1350 2769 spectarem,
1361 2733 1409 2766 nil,
1421 2732 1471 2757 uisi
1483 2737 1586 2766 pontus,
1597 2736 1659 2757 erat.
1676 2731 1713 2757 Π.
