1884 3112
302 251 355 297 16
621 223 623 225 ¹
792 255 1137 301 EPISTOLA
1168 259 1208 303 Ι.

460 343 552 382 Τύνη
575 342 710 379 ,θᾶσσον
727 342 802 380 ἵκου
814 369 826 390 ,
838 341 927 395 αὖρα
943 342 1081 393 λιμήντε
1099 349 1200 388 τεοῖς.
1633 357 1651 384 1
1662 357 1708 384 10

399 395 484 449 ἔςιν
498 434 511 455 .,
525 405 614 445 ἔοιτε
627 408 706 451 σόος
726 409 808 451 πάϊς
825 407 976 459 εὔχομαι
990 434 1002 456 ,
1015 408 1090 446 ὅντε
1112 412 1241 461 τερείνῃ

455 473 586 524 Πατρός
603 471 671 510 ἔδει
691 472 832 523 μελετᾲν
849 475 976 524 τέχνας
991 473 1025 510 ἐν
1041 474 1166 524 ἡλικίῃ.

401 540 533 590 Φράζεο
547 540 701 590 Λαέρτην
713 565 725 587 ‚
739 538 860 582 ὅππως
877 541 948 576 ἕθεν
964 538 1045 577 ὄσσε
1061 539 1214 591 καλύψῃς
1226 566 1238 588 ,

447 599 598 646 ιΥςοιί·όν
619 605 651 642 οἱ
672 608 791 657 μοίρης
805 603 898 657 ἦμαρ
916 604 1153 658 ἐπικρέμαται.

399 659 431 714 13
444 673 483 707 νύ
498 685 540 720 με
555 676 618 708 σοῦ
631 669 709 709 ποτ’
726 673 846 708 ἐοῦσαν
866 673 1115 723 ἀποιχομένοιο
1128 674 1285 723 κορίσκην
1298 696 1310 719 ‚
1633 683 1650 710 Ι
1660 669 1706 710 15

454 740 561 780 Φαίης
573 763 585 785 ‚
599 735 631 774 κ’
645 738 685 777 ἥν
699 739 795 788 ἀνίῃς
808 740 961 799 ,ᾙρτἰκα
979 737 1149 790 γραΐδιον.

799 801 805 807 .
818 788 834 801 “’
856 787 876 815 ;’“
976 815 980 822 ι

347 873 526 909 Versionis
554 873 659 920 hujus
691 880 812 909 auctor
850 873 967 909 Carol.

292 925 531 969 Utenhovius‚
546 926 654 972 Belga
669 926 832 970 natione,
847 933 883 961 et
896 939 966 972 pa-

291 978 356 1012 tria
369 977 622 1022 Gandavensis,
634 985 736 1013 natus
750 978 793 1012 A.
804 977 849 1012 D.
864 978 964 1021 1536,

291 1037 388 1075 patre
409 1029 563 1075 primum
580 1029 687 1074 duce,
711 1030 860 1075 quinon
884 1029 965 1064 elo-

291 1081 433 1126 quentia
444 1081 560 1116 minus
573 1087 608 1116 et
622 1082 749 1116 virtute
759 1108 770 1126 ,
783 1094 887 1126 quam
899 1093 966 1115 na·-

290 1133 413 1167 talium
431 1131 615 1178 splendore
636 1133 730 1168 inter
752 1146 831 1168 suos
849 1133 964 1167 incla—

290 1184 360 1219 ruit
371 1211 380 1228 ,
399 1184 595 1219 studiorum
611 1184 823 1219 curriculum
838 1191 889 1219 est
901 1183 964 1218 in-

290 1250 444 1283 gressus3
474 1235 567 1281 quod
588 1243 627 1270 ut
648 1236 837 1271 conficeret
851 1262 861 1280 ,
884 1236 965 1270 Lu-

290 1289 411 1323 tetiam
433 1288 528 1323 venit
541 1315 551 1332 ,
578 1288 672 1323 unde
691 1288 729 1322 in
746 1287 965 1322 Britanniam

290 1353 371 1374 mox
382 1340 514 1374 delatus
522 1366 531 1383 ,
548 1340 596 1374 ibi
611 1346 695 1374 tunc
707 1344 875 1384 regnante
887 1340 965 1373 Eli—

288 1394 440 1426 sabelha.
465 1390 576 1436 Cujus
593 1390 735 1436 quidem
752 1396 865 1436 partes
882 1396 964 1424 stu-

290 1443 384 1478 diose
401 1443 575 1489 amplexus
589 1442 722 1487 scriptis
737 1454 818 1476 cum
833 1440 964 1475 desen-

290 1495 394 1531 disset
411 1522 420 1540 ,
454 1495 682 1541 gratissimam
713 1499 872 1538 expertus
903 1498 964 1526 est.

294 1547 479 1582 Coloniam
493 1546 635 1592 Agripp.
652 1543 796 1580 tandem
807 1544 962 1587 secessit,

290 1599 350 1634 ubi
362 1601 568 1643 apoplectico
583 1596 730 1633 fulmine
747 1595 834 1631 ictus
847 1595 961 1641 periit,

1031 886 1113 910 cum
1135 885 1269 909 annum
1286 871 1393 909 aetatis
1409 881 1527 920 ageret
1542 882 1707 922 quartum

1030 934 1066 961 et
1081 926 1339 972 sexagesimum.
1363 927 1463 961 Inter
1475 940 1552 973 quae
1566 927 1707 974 reliquit

1030 978 1155 1023 scripta
1165 1004 1174 1022 ,
1187 985 1422 1013 numerantur
1432 974 1704 1023 EpigrammaldJ

1029 1031 1217 1074 Epitaphia
1222 1043 1333 1074 greca
1341 1034 1380 1064 el
1384 1032 1494 1064 latina
1503 1042 1517 1064 t
1525 1033 1706 1066 Xeniorum

1027 1083 1137 1123 libet-5
1163 1082 1391 1126 Ep13-tolarum
1412 1085 1588 1125 centun’a‚·
1616 1084 1706 1130 Μν-

1029 1134 1178 1177 thologia
1187 1134 1359 1178 AEsopica,
1368 1137 1472 1168 metm
1480 1136 1630 1178 elegiaco
1639 1145 1652 1176 ,·
1669 1140 1706 1168 et

1028 1184 1242 1219 Allusionum
1263 1188 1352 1220 liber
1368 1198 1379 1220 ,·
1398 1186 1436 1220 in
1454 1186 1576 1232 quibus
1596 1187 1705 1232 inge-

1029 1236 1130 1270 nium
1144 1237 1210 1271 viri
1230 1237 1488 1272 ornatissimum
1509 1250 1598 1284 saepe
1618 1238 1704 1283 qui-

1031 1286 1113 1321 dem
1135 1287 1374 1333 deprehendas
1388 1303 1398 1330 ;
1424 1289 1594 1324 sermonis
1619 1301 1704 1330 vem

1028 1339 1218 1383 puritatem
1233 1346 1270 1371 et
1283 1339 1489 1383 elegantiam
1502 1341 1624 1386 saepius
1639 1340 1703 1375 ‹le-

1029 1387 1239 1423 sideraveris.
1259 1388 1367 1433 Quod
1381 1398 1417 1426 et
1428 1391 1703 1427 animadverten-

1029 1440 1116 1474 dum
1144 1439 1182 1473 in
1210 1439 1283 1485 ipsa
1313 1440 1377 1475 hac
1403 1441 1544 1487 epistola
1566 1455 1675 1489 graeca
1689 1468 1701 1487 ,

1029 1504 1135 1537 quam
1146 1491 1190 1525 ob
1199 1491 1251 1525 rei
1263 1492 1454 1527 novitatem
1460 1493 1587 1539 potius,
1596 1506 1703 1539 quam

1028 1549 1171 1589 propter
1191 1543 1427 1580 excellentiam
1440 1571 1450 1590 ‚
1472 1545 1702 1584 exhibendam

1027 1594 1085 1629 hic
1097 1593 1302 1630 curavimus.
