1884 3112
478 281 828 330 DEJANIRA
865 277 1190 326 HERCULI.
1468 279 1546 338 175

197 378 387 431 Hercule
410 378 646 445 supposito
671 375 814 425 sidera
835 372 960 423 fulsit
982 371 1121 421 Atlas.

136 457 262 524 Quid
282 456 370 505 nisi
392 454 553 504 notitia
575 464 644 503 est
664 453 825 502 misero
850 451 1035 519 quaesita
1057 448 1244 517 pudori,

199 535 249 584 Si
271 532 463 583 maculas
485 532 606 599 turpi
628 531 742 580 facta
764 530 914 598 priora
937 528 1081 576 nota?
1512 547 1555 569 20

136 613 259 661 Tene
282 611 433 660 ferunt
457 609 656 673 geminos
679 607 893 676 pressisse
917 605 1126 654 tenaciter
1143 620 1329 666 angues,

204 690 360 754 Quum
382 700 506 738 tener
527 688 576 736 in
598 686 724 736 cunis
745 685 832 751 jam
850 686 960 732 Jove
985 683 1148 746 dignus
1172 680 1299 729 eras?

140 767 329 835 Coepisti
351 765 508 833 rnelius
522 803 534 824 ‚
560 783 693 831 quam
715 762 906 812 desinis:
929 761 1086 810 ultima
1108 759 1263 827 primis

205 843 408 894 Cedunt:
430 840 665 892 dissimiles
687 840 762 888 hic
786 839 854 888 vir
876 851 921 888 et
939 837 1013 887 ille
1035 856 1160 904 puer.

141 921 290 986 Quem
310 939 404 968 non
425 918 545 968 mil-le
568 918 670 968 ferae
684 955 697 977 ‚
724 936 856 984 quem
880 935 973 964 non
995 911 1276 963 Stheneleius
1297 911 1463 970 hostis,
1521 927 1563 960 25

201 998 309 1047 Non
325 997 477 1065 potuit
494 998 523 1045 J
525 1002 616 1045 uno
638 996 834 1053 vincere,
859 993 996 1042 vincit
1013 993 1174 1041 Amor!

141 1078 204 1125 At
224 1076 338 1125 bene
360 1086 504 1142 nupta
521 1074 665 1133 feror,
692 1074 797 1141 quia
819 1073 1030 1121 nominor
1052 1069 1257 1121 Herculis
1281 1089 1418 1128 uxor,

205 1154 378 1220 Estque
399 1171 545 1212 socer,
569 1151 737 1219 rapidis
762 1151 840 1218 qui
864 1161 991 1199 tonat
1013 1148 1128 1198 altus
1153 1148 1292 1214 equis.

141 1287 327 1334 strepitus,
344 1294 405 1322 aut
419 1287 546 1333 duplex
555 1286 652 1322 verbi
663 1285 824 1332 eiusdem

143 1340 315 1386 acceptio3
333 1339 427 1386 quod
442 1339 499 1374 hie
509 1339 681 1385 praecipue
693 1345 826 1373 notan-

143 1390 231 1426 dum
247 1417 258 1436 ‚
291 1391 351 1426 ubi
378 1390 474 1436 serm
510 1390 652 1437 proprio
681 1389 825 1436 quidem

144 1455 249 1478 sensu
260 1457 269 1486 ;
286 1450 323 1478 et
333 1455 441 1489 quem
451 1441 574 1478 dicunt
584 1442 747 1488 figurato,
762 1453 828 1488 pro

143 1499 275 1536 leuem,
293 1498 481 1536 continere,
502 1494 679 1540 accipitur.
695 1494 829 1530 Narra-

144 1553 205 1581 tur
219 1552 339 1582 autem
358 1544 496 1581 Caelum
519 1545 666 1581 Herculi
682 1551 828 1581 susten-—

146 1598 295 1634 tandum
306 1598 348 1634 ab
361 1598 502 1633 Atlante
511 1597 829 1644 parumperdatum

144 1663 218 1686 esse
227 1676 237 1694 ,
251 1650 332 1696 quia
345 1662 402 1685 res
411 1649 659 1685 astronomicas
670 1677 680 1694 ,
693 1656 729 1684 et
745 1649 830 1684 stel-

144 1701 261 1737 larum
277 1708 397 1737 motus
414 1701 456 1736 ab
471 1715 514 1736 eo
531 1701 714 1737 didicisset.
739 1702 828 1736 Haec

143 1766 230 1788 vero
245 1753 290 1789 de
306 1752 462 1789 Hercule
478 1753 647 1801 AEgyptio
667 1753 711 1788 ad
726 1752 830 1789 Grae-

144 1817 228 1842 cum
242 1804 407 1841 translata
421 1816 531 1840 nemo
547 1806 696 1851 ignorat.
789 1807 791 1809 ’

193 1857 243 1892 ι8.
267 1858 415 1892 IYemule
431 1861 613 1903 supposito.
642 1859 831 1903 Supponen-

145 1909 204 1945 hic
234 1916 287 1945 est
316 1909 525 1946 substituere
553 1923 562 1946 :
592 1910 639 1945 ita
667 1914 831 1946 vz'can'am

118 1999 123 2002 ,
131 1962 246 2008 fidem
275 1974 461 2007 supponem
490 1962 576 1998 dixit
609 1961 736 1998 Cicero
766 1976 832 2009 pro

134 2012 252 2049 *Rosa
267 2013 421 2049 Americ.
442 2014 485 2049 38
503 2027 511 2050 ε
539 2017 666 2059 Quibus
682 2018 718 2049 in
734 2017 831 2049 rebus

147 2068 395 2111 1'Jm'inteaesse
415 2079 483 2101 non
499 2079 696 2111 possumus,
724 2070 760 2101 in
779 2069 834 2101 bis

152 2131 264 2164 opere
274 2122 398 2153 nostre
410 2122 542 2154 vt‘can‘a
544 2120 640 2165 fides
651 2122 835 2154 amicorum

150 2173 354 2215 supponitur.
376 2173 490 2206 Fulsit
501 2171 530 2206 si
544 2184 628 2206 vero
644 2171 744 2207 alicui
760 2184 835 2207 non

154 2223 278 2268 placet,
289 2223 371 2259 lieet
379 2224 535 2268 Vossius,
548 2224 605 2259 lib.
616 2235 674 2268 111,
688 2224 835 2270 Analog.

154 2275 211 2319 33,
221 2274 290 2310 hoc
301 2275 407 2311 etiam
418 2289 459 2311 ex
467 2276 544 2311 loco
554 2277 692 2322 probet,
704 2276 759 2311 ille
762 2276 836 2321 sul-

154 2330 213 2369 cit,
229 2339 294 2373 pro
299 2327 424 2372 sulcit't
432 2329 556 2375 capiat,
571 2329 626 2364 vel
630 2329 781 2374 fulcivit.
794 2329 836 2364 B.

202 2392 253 2427 ¹9·
285 2381 379 2423 Quid
388 2384 460 2415 nisi
469 2385 595 2416 notitia
614 2388 679 2417 etc.
701 2381 743 2416 Id
760 2388 835 2426 est,

155 2432 239 2478 quid
260 2432 353 2467 aliud
378 2433 440 2468 tibi
466 2440 521 2469 tot
547 2440 649 2469 autea
674 2434 838 2480 praeclare

152 2484 249 2519 sactis
259 2484 446 2531 peperisti,
463 2485 530 2521 nisi
547 2492 586 2520 ut
600 2498 750 2532 proesens
767 2485 839 2521 de·—

155 2537 261 2572 ‹lecus
271 2543 399 2572 notum
409 2537 519 2584 magis
530 2544 646 2584 pateat
659 2538 675 2573 ?
699 2537 839 2573 Eodem

154 2589 268 2624 ferme
281 2602 385 2625 sensu
395 2590 530 2626 Marius
539 2617 549 2635 ,
564 2590 655 2637 apud
668 2590 749 2626 Sall.
762 2592 838 2626 Ju-

157 2641 273 2686 gurth.
288 2642 331 2676 85
353 2651 361 2674 Ξ
385 2656 402 2672 «
428 2642 476 2677 Et
496 2644 652 2689 profecto
668 2643 715 2678 ita
731 2657 767 2679 se
782 2657 839 2679 res

156 2691 263 2728 habet
280 2706 288 2729 ι
305 2695 483 2740 majorum
495 2696 603 2742 gloria
619 2697 764 2742 posteris
783 2697 840 2732 lu—

161 2747 245 2780 nien
262 2754 314 2782 est
326 2773 335 2791 ,
350 2760 466 2794 neque
483 2749 575 2786 bona
589 2777 599 2797 ,
612 2764 729 2798 neque
749 2751 840 2787 mala

162 2796 200 2832 in
217 2800 352 2835 occulto
362 2802 501 2847 patitur.
512 2816 530 2833 »ι

934 1298 987 1320 20.
1004 1286 1046 1319 Si
1058 1286 1210 1319 cumulas
1227 1286 1339 1328 stupri
1342 1283 1448 1327 sacia
1455 1286 1572 1327 priora

889 1341 981 1372 nola.
991 1336 1085 1370 Cum
1098 1336 1210 1382 Regio
1219 1335 1336 1370 codice
1347 1334 1570 1370 scribendum

890 1389 1028 1424 videtur
1048 1415 1057 1432 ,
1096 1389 1138 1422 St·
1161 1390 1314 1422 maculas
1337 1390 1450 1432 stupa*
1463 1387 1572 1432 sacta

882 1446 999 1488 pn'ora
1022 1444 1104 1476 nota
1128 1453 1138 1475 .·
1159 1440 1226 1475 nisi
1253 1439 1346 1485 quod
1375 1443 1468 1484 turpi
1490 1443 1574 1474 nola

890 1495 1024 1538 malim,
1033 1500 1072 1528 ut
1079 1500 1130 1529 est
1138 1492 1230 1539 apud
1238 1498 1395 1527 veterem
1408 1493 1573 1527 Poetam:

890 1553 944 1578 Cur
952 1557 978 1577 te
988 1551 1141 1583 dedecoras3
1152 1549 1263 1575 son-mam
1273 1559 1320 1574 eur
1332 1549 1447 1574 maculas
1458 1555 1531 1574 tuam
1543 1549 1558 1574 7

891 1600 983 1644 Vel,
1006 1603 1043 1634 si
1063 1601 1199 1634 macula
1227 1602 1319 1643 turpi
1333 1599 1441 1643 sacta
1460 1602 1576 1643 priora

890 1656 1009 1693 notas,
1029 1650 1123 1697 quod
1138 1658 1189 1686 est
1205 1650 1243 1685 in
1258 1650 1330 1685 aliis
1348 1650 1573 1696 quibusdam:

891 1704 1056 1739 nonnulli
1069 1730 1078 1747 ,
1101 1705 1253 1738 cumulus
1284 1707 1391 1738 notat.
1426 1703 1576 1749 Vulgata

891 1757 1010 1791 minus
1027 1763 1079 1791 est
1094 1756 1228 1791 Latina.
1253 1755 1387 1790 Hmns.
1413 1755 1455 1790 In
1479 1762 1575 1790 tanta

892 1810 1053 1846 codicum
1065 1809 1231 1844 varietate
1246 1810 1452 1855 praeserrem
1467 1821 1552 1855 ego:

925 1866 951 1890 Si
963 1865 1063 1890 macula
1074 1865 1158 1898 stup·i
1169 1865 1235 1890 saeta
1247 1865 1333 1898 priora
1345 1870 1427 1890 notas.

893 1916 1037 1950 Macula
1051 1917 1175 1959 stupri,
1198 1920 1238 1948 ut
1256 1913 1347 1960 apud
1366 1914 1576 1948 Terentium

893 1969 1047 2001 avaritia!
1064 1968 1207 2000 macula.
1231 1965 1356 2010 Neque
1377 1973 1496 2000 tamen
1519 1980 1579 2001 re-

896 2019 1042 2064 jicerem
1050 2017 1176 2053 codicis
1186 2017 1364 2053 Leidensis
1375 2018 1578 2055 lectionem:

898 2072 940 2105 Si
949 2072 1080 2105 cumulo
1096 2073 1210 2115 stupri
1217 2070 1324 2115 sacta
1329 2074 1445 2115 priora
1461 2077 1558 2107 notes
1571 2099 1581 2116 ‚

898 2122 954 2157 vel
970 2127 1088 2163 notas,
1107 2129 1147 2156 ut
1161 2129 1214 2156 est
1229 2122 1266 2156 in
1280 2123 1439 2158 Francos.
1458 2124 1485 2159 si
1504 2133 1581 2170 post

898 2182 951 2210 tot
981 2187 1116 2210 amores
1140 2201 1149 2219 ,
1180 2187 1278 2209 nunc
1304 2176 1447 2210 cumulo
1476 2176 1581 2222 hujus

898 2227 1009 2273 stupri
1030 2234 1130 2262 notas
1151 2227 1240 2262 sacta
1257 2227 1382 2273 priora.
1399 2228 1522 2263 Douza
1542 2243 1584 2264 ex

901 2293 964 2317 suo
981 2280 1099 2315 codice
1117 2280 1335 2326 proferebat:

933 2339 960 2364 Si
973 2339 1094 2363 cumulus
1108 2338 1191 2371 stupri
1202 2337 1271 2363 facta
1281 2338 1365 2371 priora
1378 2343 1458 2364 notat.
1491 2340 1524 2365 B.

945 2402 998 2422 21.
1019 2389 1111 2422 Tene
1119 2387 1242 2432 serunt
1249 2391 1401 2432 geminos
1417 2395 1481 2423 etc.
1500 2388 1582 2423 vid.

901 2439 1183 2475 venustissimum
1199 2439 1349 2475 Theocr.
1366 2453 1509 2475 carmen
1528 2441 1584 2476 cui

901 2491 1021 2527 titulus
1034 2518 1043 2534 ‚
1070 2485 1275 2538 ἱὶρακλίως,
1299 2491 1397 2539 Idyll.
1418 2503 1516 2526 xx1v.

946 2546 999 2578 25.
1007 2544 1218 2578 Stheneleius
1224 2546 1342 2578 hostis.
1352 2543 1582 2592 Eurystheus,

903 2595 1064 2631 Stheneli
1080 2595 1170 2630 filius
1182 2622 1191 2639 ,
1210 2609 1251 2630 ex
1266 2596 1420 2642 Nicippe.

948 2662 1000 2694 27.
1037 2650 1126 2692 Quia
1142 2652 1295 2682 nominer
1315 2650 1473 2683 Herculis
1491 2663 1584 2684 uxor.

905 2699 1112 2746 Emphatice
1128 2704 1288 2742 nominer,
1307 2714 1380 2735 non
1397 2703 1496 2736 dicar
1510 2715 1520 2736 t
1536 2709 1589 2736 est

905 2752 1034 2798 aliquid
1054 2753 1093 2787 in
1111 2754 1241 2797 verbo,
1268 2753 1360 2799 quod
1380 2753 1585 2800 dignitatem

906 2806 1103 2851 amplificat.
1115 2806 1172 2841 Sic
1182 2805 1319 2852 eadem,
1329 2806 1387 2842 sed
1396 2807 1460 2842 alio
1469 2820 1584 2851 sensu,
