1884 3112
635 282 834 328 PARIS
871 284 1179 330 HELENAE.

1530 287 1615 348 293

192 376 310 425 Ante
332 374 584 424 recessisset
607 370 849 442 caput'hoc
873 377 1036 427 cervice
1054 376 1266 435 cruenta‚'

257 452 406 517 Quam
429 463 478 501 tu
503 452 556 501 de
580 451 783 502 thalamis
809 454 1109 505 abstraherere
1132 456 1254 504 meis.

192 530 313 579 Tene
337 548 494 578 manus
509 549 708 597 unquam
732 542 896 579 nostrae
919 531 1139 581 dimittere
1163 531 1362 581 vellent?

1562 549 1623 583 155

257 608 379 657 Tene
401 626 501 657 meo
525 620 701 674 paterer
724 609 851 657 vivus
875 607 997 656 abire
1021 608 1155 656 sinu?

193 683 244 733 Si
266 684 492 734 reddenda
513 684 656 744 fores,
682 685 852 752 aliquid
878 697 1024 734 tamen
1043 697 1142 734 ante
1167 686 1366 737 tulissem
1392 707 1402 736 :

260 763 354 810 Nec
376 762 530 810 Venus
551 780 604 810 ex
628 773 730 810 toto>
749 773 904 820 nostra
923 762 1081 811 fuisset
1098 763 1229 812 iners.

194 839 278 889 Vel
299 839 411 888 mihi
428 837 659 904 virginitas
682 852 798 889 esset
819 839 983 898 libata3
1016 839 1085 889 vel
1105 840 1219 890 illud
1233 879 1246 900 ‚

260 916 399 982 Quod
420 928 594 984 poterat
617 916 736 965 salva
758 916 1010 980 virginitate
1032 919 1140 985 rapi.

1563 934 1624 967 160

196 994 266 1043 Da
287 993 422 1042 modo
446 1004 510 1051 te;
536 992 686 1042 Paridi
707 1012 804 1060 quae
825 994 883 1042 sit
902 995 1151 1044 constantia
1172 1013 1344 1044 nosceS.

261 1069 457 1118 Flamma
472 1069 573 1133 rogi
595 1069 791 1118 flammas
813 1069 939 1119 finiet
958 1091 1048 1119 una
1069 1090 1200 1120 meas.

196 1147 424 1214 Praeposui
443 1147 592 1210 regnis
614 1166 696 1210 ego
722 1159 788 1206 te,
813 1167 909 1214 quae
931 1149 1120 1198 maxima
1143 1149 1368 1216 quondam

260 1223 467 1273 Pollicita
485 1235 554 1273 est
573 1224 709 1272 nobis
731 1222 872 1291 nupta*
895 1244 1111 1292 sororque
1135 1227 1289 1285 Jovis3

197 1303 407 1369 Dumque
425 1314 506 1350 tuo
529 1320 709 1368 possem
733 1301 1001 1352 circumdare
1024 1301 1206 1353 brachia
1228 1302 1344 1359 collo
1360 1341 1373 1364 ‚

1564 1319 1626 1353 165

266 1380 504 1428 Contemta
526 1390 594 1427 est
615 1379 777 1436 virtus,
804 1379 986 1428 Pallade
1010 1379 1141 1429 dante
1155 1418 1166 1439 ‚
1192 1380 1317 1429 mihi.

240 1518 254 1540 1
260 1504 313 1540 53.
322 1505 546 1541 accessisset.
555 1503 797 1539 Imitationem
806 1517 878 1540 esse

198 1555 288 1591 iuius
303 1555 524 1602 Propertiani
538 1581 548 1600 ‚
564 1565 595 1589 11
608 1581 618 1599 ,
637 1566 676 1590 vr
689 1582 698 1600 ,
718 1571 735 1602 7
750 1583 759 1600 ,
775 1563 880 1592 nota-

200 1608 250 1643 vit
265 1608 410 1643 Douzat

198 1663 271 1689 Nm
278 1663 356 1689 eitiu-
365 1667 466 1696 ptem·
476 1668 555 1696 caput
563 1662 612 1688 hoc
622 1663 754 1688 discedere
764 1664 840 1690 collo.

246 1713 319 1747 155.
346 1713 438 1747 Tene
458 1725 579 1747 manus
599 1726 742 1758 unquam
760 1717 880 1748 nostre

198 1764 366 1799 dimittere
379 1767 516 1800 vellent.
535 1766 717 1800 omittere
722 1765 859 1810 semu!
868 1792 877 1807 ‚

199 1811 346 1851 scribam
361 1816 512 1852 libenter
523 1843 534 1861 ‚
548 1817 575 1852 si
591 1830 654 1863 per
665 1817 801 1853 codices
814 1830 881 1852 an-

198 1868 315 1916 tiquos
324 1868 438 1904 detur.
447 1869 596 1904 Metam.
604 1880 675 1904 xnl
683 1896 693 1914 ‚
704 1882 791 1905 vers.
801 1870 880 1914 460,

201 1933 243 1955 ex
256 1920 397 1967 optimis
412 1919 607 1956 codicibus:

201 1978 306 2004 Scilicet
314 1983 361 2003 nu
370 1978 419 2003 nui
429 1978 528 2003 servire
536 1979 670 2012 Polyxena
673 1978 787 2013 ferrem.

203 2028 276 2063 Pro
292 2040 363 2074 quo
377 2026 536 2062 similiter
549 2028 688 2069 vellem,
706 2027 812 2074 vulgo
830 2026 883 2062 le·-

205 2079 360 2126 gebatur.
377 2079 510 2115 Hzms.

233 2136 236 2138 ’
251 2133 324 2177 ¹⁵7·
341 2131 436 2167 Ante
451 2133 614 2166 tuttzrsem.
637 2133 723 2166 Inde
744 2131 883 2167 Oxon.:

206 2190 361 2219 venuste.
381 2201 426 2211 —
441 2183 566 2218 Judice
588 2183 731 2228 quidem
748 2184 871 2218 Burm.

252 2235 327 2270 160.
341 2237 444 2280 napi.
455 2236 560 2276 Dari,
574 2235 794 2278 Hasniensis3
809 2249 886 2282 quae

207 2297 273 2321 vox
281 2287 445 2322 venerea
454 2294 575 2322 nostro
587 2287 721 2334 passim.
735 2288 777 2322 ln
790 2288 887 2322 Dou-

209 2350 258 2374 2ae
272 2338 390 2374 codice
407 2345 482 2374 erat
492 2365 501 2383 ,
519 2352 582 2384 quo
591 2343 692 2384 potui
702 2342 802 2374 salva
817 2343 888 2374 vin-

206 2391 438 2435 gtbte'taiesrui
444 2404 455 2425 ι
467 2403 541 2425 non
558 2390 649 2426 male
660 2417 669 2435 ,
692 2391 720 2426 si
734 2395 888 2436 poteram

208 2442 355 2489 legatur.
374 2442 505 2477 Bunn.

256 2493 329 2529 161.
351 2494 413 2528 Da
425 2495 525 2529 modo
540 2498 574 2528 le
583 2522 591 2535 ‚
611 2508 682 2540 que
695 2497 746 2528 sit
752 2495 890 2529 Paridis

210 2550 406 2584 constantia
419 2554 486 2582 etc.
501 2547 594 2595 Lege
611 2555 652 2583 et
660 2547 832 2594 distingue
843 2561 855 2583 ι

211 2604 253 2629 n·
263 2603 340 2629 modo
350 2607 391 2636 ηις
402 2603 489 2628 Paridi
499 2613 557 2638 (με
567 2604 602 2628 nit
615 2604 758 2630 coust-ntia
773 2612 872 2630 nosces.

212 2651 272 2687 Sic
286 2652 387 2687 infra.
404 2653 465 2686 Da
479 2654 577 2687 modo
592 2657 626 2687 tc
633 2653 802 2698 sac17em5
817 2665 889 2688 ne-

214 2717 282 2750 que
304 2704 403 2739 aliter
424 2704 732 2740 Slichtenhorstius
755 2705 892 2751 legebat

214 2768 256 2790 ex
266 2755 426 2791 Terentii
442 2756 542 2792 Adel.
557 2767 581 2791 v
593 2783 603 2802 ,
617 2767 664 2792 111
675 2783 685 2802 ,
704 2759 744 2792 52
761 2770 770 2792 ι
784 2759 844 2792 Da
857 2761 892 2792 {e

216 2809 315 2844 hodie
329 2810 438 2852 mihi,-
463 2815 498 2844 et
514 2808 643 2844 Heaut.
664 2819 702 2843 1v
715 2834 725 2854 ,
743 2819 789 2845 1-11
802 2835 813 2855 ,
832 2821 893 2844 10:

945 1507 1023 1551 Age
1032 1534 1041 1547 ,
1064 1508 1111 1541 da
1126 1510 1161 1542 te
1173 1508 1260 1542 mihi
1271 1510 1430 1542 whzesm
1448 1526 1492 1534 -
1512 1509 1636 1543 Paridi

945 1565 996 1592 est
1011 1558 1048 1593 in
1064 1559 1328 1594 Barberiniano.
1339 1560 1472 1595 Hzms.
1487 1561 1624 1603 Paridi,

945 1611 1051 1645 etiam
1066 1611 1273 1646 Bersmann.

993 1663 1063 1699 163.
1087 1665 1262 1708 Praeposui
1281 1667 1391 1708 regnis
1413 1677 1475 1708 ego
1504 1668 1546 1698 le.
1574 1664 1628 1698 Ex

944 1714 1012 1750 hoc
1028 1728 1168 1761 quoque
1182 1723 1219 1751 et
1231 1716 1456 1762 sequentibus
1472 1716 1626 1752 versibus

945 1767 1125 1813 colligunt,
1134 1767 1209 1803 illos
1217 1781 1321 1814 supra
1338 1775 1477 1803 notatos
1491 1768 1630 1804 adsciti—

947 1820 1012 1854 tios
1028 1819 1168 1855 aliunde
1185 1833 1269 1856 esse.
1282 1822 1374 1856 Nam
1393 1834 1561 1866 quorsum
1579 1829 1626 1856 at-

946 1871 1079 1906 tinebat
1089 1899 1099 1916 ‚
1108 1872 1273 1918 inquiunt
1282 1899 1291 1916 ‚
1303 1872 1359 1907 hic
1371 1866 1490 1908 denuo
1502 1886 1626 1908 eorum

947 1936 1139 1958 munerum
1149 1951 1158 1965 ,
1169 1937 1247 1969 quae
1257 1937 1275 1958 a
1284 1924 1308 1958 J
1311 1937 1429 1959 unone
1442 1931 1476 1959 et
1488 1925 1628 1960 Pallade

948 1976 1122 2020 proposita
1135 1977 1287 2020 fuerant,
1296 1977 1510 2021 meminisse,
1522 1990 1631 2022 quum

948 2040 1051 2073 supra
1068 2027 1191 2062 eadem
1207 2041 1264 2064 res
1281 2035 1338 2063 tot
1350 2029 1505 2063 versibus
1526 2029 1632 2064 suerit

949 2085 1094 2114 tractata
1107 2079 1124 2114 ἐ’
1142 2079 1297 2115 Proinde
1315 2080 1343 2114 si
1359 2079 1415 2114 hic
1431 2079 1529 2115 locus
1545 2093 1632 2126 poe-

950 2137 994 2165 tae
1029 2135 1150 2175 γνήσιος
1176 2139 1226 2166 est
1242 2158 1251 2176 ,
1278 2138 1319 2166 ut
1351 2131 1494 2177 quidem
1524 2144 1632 2167 nemo

951 2182 1086 2218 dubitat
1103 2210 1112 2227 ,
1138 2196 1279 2218 necesse
1306 2189 1357 2218 est
1372 2210 1381 2227 ,
1408 2184 1629 2230 superiorem

951 2234 1049 2269 illum
1061 2248 1371 2281 supervacaneum,
1385 2241 1420 2271 et
1430 2235 1568 2271 aliunde
1582 2237 1633 2270 in-

951 2294 1085 2322 sertum
1101 2300 1184 2322 esse.
1206 2288 1344 2322 Μιογῐ..

999 2339 1070 2383 ι64.
1094 2341 1256 2374 Pollicita
1270 2344 1325 2374 est
1339 2342 1446 2375 nobis.
1463 2341 1631 2377 Francius

952 2390 1056 2434 illud,
1073 2394 1169 2426 nobb·
1184 2396 1303 2437 nupta,
1321 2395 1489 2439 κακέᾳωνον
1510 2405 1633 2428 censc-

952 2445 1011 2479 bat
1023 2457 1031 2479 z
1044 2450 1079 2478 et
1094 2443 1173 2478 ideo
1190 2444 1395 2489 conjiciebat
1407 2471 1416 2488 ‚
1431 2448 1635 2490 magm'nup-

955 2501 993 2531 ta
1006 2509 1159 2542 sororque
1173 2497 1283 2530 Jovis.
1299 2514 1345 2522 --
1362 2495 1462 2541 Quid
1477 2509 1550 2531 non
1563 2523 1573 2540 ,
1597 2509 1638 2531 ea

953 2548 1049 2594 lege,
1068 2547 1159 2593 apud
1175 2553 1295 2594 poetas
1307 2574 1317 2592 ‚
1339 2547 1601 2583 immutandum
1616 2548 1633 2583 ἐ’

1002 2614 1015 2635 ι
1021 2601 1074 2635 65.
1081 2602 1234 2645 Dumque
1241 2604 1308 2634 luo.
1315 2601 1424 2646 thue
1432 2600 1637 2641 tuo‚Douza.

1002 2652 1073 2687 166.
1091 2654 1277 2687 Comtemta
1289 2656 1344 2686 est
1357 2655 1479 2693 virtus,
1491 2653 1637 2686 Pallade

954 2706 1058 2739 dante
1069 2731 1077 2746 ‚
1094 2706 1184 2738 mihi.
1210 2705 1296 2739 Post
1315 2703 1411 2739 hunc
1435 2716 1574 2739 versum
1600 2703 1637 2738 in

955 2756 1088 2802 scriptis
1102 2754 1309 2801 quibusdam
1323 2768 1362 2791 ac
1374 2755 1550 2790 veteribus
1566 2755 1636 2790 edi-

958 2808 1000 2844 tis
1010 2807 1201 2853 nonnullis,
1210 2807 1277 2843 hoc
1284 2807 1443 2854 sequitur
1449 2807 1636 2843 distichon:
