<?xml version="1.0" encoding="UTF-8"?>
<!DOCTYPE html PUBLIC "-//W3C//DTD XHTML 1.0 Transitional//EN"
    "http://www.w3.org/TR/xhtml1/DTD/xhtml1-transitional.dtd">
<html xmlns="http://www.w3.org/1999/xhtml" xml:lang="en" lang="en">
 <head>
  <title>
</title>
<meta http-equiv="Content-Type" content="text/html;charset=utf-8" />
  <meta name='ocr-system' content='tesseract 3.04.00' />
  <meta name='ocr-capabilities' content='ocr_page ocr_carea ocr_par ocr_line ocrx_word'/>
</head>
<body>
  <div class='ocr_page' id='page_1' title='image "./quaeextantomniao01oviduoft_0177.png"; bbox 0 0 1884 3112; ppageno 0'>
   <div class='ocr_carea' id='block_1_1' title="bbox 0 0 184 139">
    <p class='ocr_par' dir='ltr' id='par_1_1' title="bbox 0 0 229 173">
     <span class='ocr_line' id='line_1_1' title="bbox 0 0 184 139; baseline -0.59 32"><span class='ocrx_word' id='word_1_1' title='bbox 0 0 184 139; x_wconf 64' lang='grc' dir='ltr'>Γίῑῇ</span> 
     </span>
    </p>
   </div>
   <div class='ocr_carea' id='block_1_2' title="bbox 626 286 1073 334">
    <p class='ocr_par' dir='ltr' id='par_1_2' title="bbox 626 286 1073 334">
     <span class='ocr_line' id='line_1_2' title="bbox 626 286 1073 334; baseline 0.009 -4"><span class='ocrx_word' id='word_1_2' title='bbox 626 286 809 332; x_wconf 93' lang='lat' dir='ltr'>DIDO</span> <span class='ocrx_word' id='word_1_3' title='bbox 857 287 1073 334; x_wconf 84' lang='lat' dir='ltr'>AENEAE.</span> 
     </span>
    </p>
   </div>
   <div class='ocr_carea' id='block_1_3' title="bbox 1484 298 1564 354">
    <p class='ocr_par' dir='ltr' id='par_1_3' title="bbox 1484 298 1564 354">
     <span class='ocr_line' id='line_1_3' title="bbox 1484 298 1564 354; baseline 0.038 -14"><span class='ocrx_word' id='word_1_4' title='bbox 1484 298 1564 354; x_wconf 71' lang='lat'>145</span> 
     </span>
    </p>
   </div>
   <div class='ocr_carea' id='block_1_4' title="bbox 213 374 1195 444">
    <p class='ocr_par' dir='ltr' id='par_1_4' title="bbox 213 374 1195 444">
     <span class='ocr_line' id='line_1_4' title="bbox 213 374 1195 444; baseline 0.007 -20"><span class='ocrx_word' id='word_1_5' title='bbox 213 374 404 434; x_wconf 83' lang='lat' dir='ltr'>Moenia;</span> <span class='ocrx_word' id='word_1_6' title='bbox 428 393 509 424; x_wconf 87' lang='lat' dir='ltr'>nec</span> <span class='ocrx_word' id='word_1_7' title='bbox 531 388 706 444; x_wconf 83' lang='lat' dir='ltr'>sceptro</span> <span class='ocrx_word' id='word_1_8' title='bbox 730 378 891 428; x_wconf 87' lang='lat' dir='ltr'>tradita</span> <span class='ocrx_word' id='word_1_9' title='bbox 913 399 1081 430; x_wconf 89' lang='lat' dir='ltr'>summa</span> <span class='ocrx_word' id='word_1_10' title='bbox 1104 392 1195 431; x_wconf 88' lang='lat' dir='ltr'>tuo.</span> 
     </span>
    </p>
   </div>
   <div class='ocr_carea' id='block_1_5' title="bbox 147 451 1337 596">
    <p class='ocr_par' dir='ltr' id='par_1_5' title="bbox 147 451 1337 596">
     <span class='ocr_line' id='line_1_5' title="bbox 147 451 1337 526; baseline 0.01 -25"><span class='ocrx_word' id='word_1_11' title='bbox 147 451 282 502; x_wconf 83' lang='lat' dir='ltr'>Facta</span> <span class='ocrx_word' id='word_1_12' title='bbox 298 451 442 517; x_wconf 72' lang='lat' dir='ltr'>fugis3</span> <span class='ocrx_word' id='word_1_13' title='bbox 461 452 659 503; x_wconf 86' lang='lat' dir='ltr'>facienda</span> <span class='ocrx_word' id='word_1_14' title='bbox 680 456 796 522; x_wconf 87' lang='lat' dir='ltr'>petis</span> <span class='ocrx_word' id='word_1_15' title='bbox 812 476 823 504; x_wconf 92' lang='lat'>:</span> <span class='ocrx_word' id='word_1_16' title='bbox 841 459 1073 523; x_wconf 78' lang='lat' dir='ltr'>quaerenda</span> <span class='ocrx_word' id='word_1_17' title='bbox 1089 478 1168 526; x_wconf 88' lang='lat' dir='ltr'>per</span> <span class='ocrx_word' id='word_1_18' title='bbox 1184 461 1337 512; x_wconf 89' lang='lat' dir='ltr'>orbem</span> 
     </span>
     <span class='ocr_line' id='line_1_6' title="bbox 212 527 1097 596; baseline 0.008 -19"><span class='ocrx_word' id='word_1_19' title='bbox 212 527 392 578; x_wconf 85' lang='lat' dir='ltr'>Altera:</span> <span class='ocrx_word' id='word_1_20' title='bbox 411 530 594 596; x_wconf 83' lang='lat' dir='ltr'>quaesita</span> <span class='ocrx_word' id='word_1_21' title='bbox 617 542 684 580; x_wconf 86' lang='lat' dir='ltr'>est</span> <span class='ocrx_word' id='word_1_22' title='bbox 704 531 839 582; x_wconf 81' lang='lat' dir='ltr'>altera</span> <span class='ocrx_word' id='word_1_23' title='bbox 863 544 979 583; x_wconf 88' lang='lat' dir='ltr'>terra</span> <span class='ocrx_word' id='word_1_24' title='bbox 1001 535 1097 584; x_wconf 87' lang='lat' dir='ltr'>tibi.</span> 
     </span>
    </p>
   </div>
   <div class='ocr_carea' id='block_1_6' title="bbox 151 605 1446 674">
    <p class='ocr_par' dir='ltr' id='par_1_6' title="bbox 151 605 1446 674">
     <span class='ocr_line' id='line_1_7' title="bbox 151 605 1446 674; baseline 0.013 -22"><span class='ocrx_word' id='word_1_25' title='bbox 151 606 215 653; x_wconf 91' lang='lat' dir='ltr'>Ut</span> <span class='ocrx_word' id='word_1_26' title='bbox 235 616 396 654; x_wconf 86' lang='lat' dir='ltr'>terram</span> <span class='ocrx_word' id='word_1_27' title='bbox 417 605 634 666; x_wconf 80' lang='lat' dir='ltr'>inveniaS,</span> <span class='ocrx_word' id='word_1_28' title='bbox 660 608 761 674; x_wconf 83' lang='lat' dir='ltr'>quis</span> <span class='ocrx_word' id='word_1_29' title='bbox 783 628 878 658; x_wconf 88' lang='lat' dir='ltr'>eam</span> <span class='ocrx_word' id='word_1_30' title='bbox 899 612 984 660; x_wconf 88' lang='lat' dir='ltr'>tibi</span> <span class='ocrx_word' id='word_1_31' title='bbox 1007 614 1150 663; x_wconf 87' lang='lat' dir='ltr'>tradet</span> <span class='ocrx_word' id='word_1_32' title='bbox 1170 615 1446 669; x_wconf 83' lang='lat' dir='ltr'>hahendam?</span> 
     </span>
    </p>
   </div>
   <div class='ocr_carea' id='block_1_7' title="bbox 1528 638 1566 671">
    <p class='ocr_par' dir='ltr' id='par_1_7' title="bbox 1528 638 1566 671">
     <span class='ocr_line' id='line_1_8' title="bbox 1528 638 1566 671; baseline 0.026 -1"><span class='ocrx_word' id='word_1_33' title='bbox 1528 638 1566 671; x_wconf 85' lang='lat'>15</span> 
     </span>
    </p>
   </div>
   <div class='ocr_carea' id='block_1_8' title="bbox 147 683 1408 987">
    <p class='ocr_par' dir='ltr' id='par_1_8' title="bbox 147 683 1408 987">
     <span class='ocr_line' id='line_1_9' title="bbox 215 683 1207 748; baseline 0.011 -17"><span class='ocrx_word' id='word_1_34' title='bbox 215 683 334 748; x_wconf 79' lang='lat' dir='ltr'>Quis</span> <span class='ocrx_word' id='word_1_35' title='bbox 358 702 438 732; x_wconf 87' lang='lat' dir='ltr'>sua</span> <span class='ocrx_word' id='word_1_36' title='bbox 458 703 551 732; x_wconf 89' lang='lat' dir='ltr'>non</span> <span class='ocrx_word' id='word_1_37' title='bbox 574 685 694 733; x_wconf 87' lang='lat' dir='ltr'>notis</span> <span class='ocrx_word' id='word_1_38' title='bbox 717 705 818 735; x_wconf 87' lang='lat' dir='ltr'>arva</span> <span class='ocrx_word' id='word_1_39' title='bbox 841 689 1030 739; x_wconf 82' lang='lat' dir='ltr'>tenenda</span> <span class='ocrx_word' id='word_1_40' title='bbox 1054 690 1207 742; x_wconf 83' lang='lat' dir='ltr'>dabit?</span> 
     </span>
     <span class='ocr_line' id='line_1_10' title="bbox 149 760 1365 826; baseline 0.011 -17"><span class='ocrx_word' id='word_1_41' title='bbox 149 760 278 810; x_wconf 84' lang='lat' dir='ltr'>Alter</span> <span class='ocrx_word' id='word_1_42' title='bbox 298 761 531 823; x_wconf 82' lang='lat' dir='ltr'>habendus</span> <span class='ocrx_word' id='word_1_43' title='bbox 553 781 680 811; x_wconf 86' lang='lat' dir='ltr'>amor</span> <span class='ocrx_word' id='word_1_44' title='bbox 703 764 788 813; x_wconf 88' lang='lat' dir='ltr'>tibi</span> <span class='ocrx_word' id='word_1_45' title='bbox 810 778 968 826; x_wconf 83' lang='lat' dir='ltr'>restat,</span> <span class='ocrx_word' id='word_1_46' title='bbox 993 780 1038 817; x_wconf 89' lang='lat' dir='ltr'>et</span> <span class='ocrx_word' id='word_1_47' title='bbox 1060 768 1196 820; x_wconf 88' lang='lat' dir='ltr'>altera</span> <span class='ocrx_word' id='word_1_48' title='bbox 1218 772 1365 823; x_wconf 85' lang='lat' dir='ltr'>Dido:</span> 
     </span>
     <span class='ocr_line' id='line_1_11' title="bbox 214 838 1276 906; baseline 0.011 -19"><span class='ocrx_word' id='word_1_49' title='bbox 214 838 450 906; x_wconf 83' lang='lat' dir='ltr'>Quamque</span> <span class='ocrx_word' id='word_1_50' title='bbox 472 839 633 889; x_wconf 89' lang='lat' dir='ltr'>iterum</span> <span class='ocrx_word' id='word_1_51' title='bbox 654 839 801 901; x_wconf 86' lang='lat' dir='ltr'>fallas,</span> <span class='ocrx_word' id='word_1_52' title='bbox 827 842 964 894; x_wconf 86' lang='lat' dir='ltr'>altera</span> <span class='ocrx_word' id='word_1_53' title='bbox 988 845 1131 896; x_wconf 82' lang='lat' dir='ltr'>danda</span> <span class='ocrx_word' id='word_1_54' title='bbox 1153 848 1276 899; x_wconf 88' lang='lat' dir='ltr'>fides.</span> 
     </span>
     <span class='ocr_line' id='line_1_12' title="bbox 147 913 1408 987; baseline 0.012 -25"><span class='ocrx_word' id='word_1_55' title='bbox 147 913 343 980; x_wconf 77' lang='lat' dir='ltr'>¹Quando</span> <span class='ocrx_word' id='word_1_56' title='bbox 366 916 468 975; x_wconf 87' lang='lat' dir='ltr'>erit,</span> <span class='ocrx_word' id='word_1_57' title='bbox 493 928 546 965; x_wconf 87' lang='lat' dir='ltr'>ut</span> <span class='ocrx_word' id='word_1_58' title='bbox 562 917 732 977; x_wconf 15' lang='lat' dir='ltr'>&#39;condas</span> <span class='ocrx_word' id='word_1_59' title='bbox 755 919 896 969; x_wconf 86' lang='lat' dir='ltr'>instar</span> <span class='ocrx_word' id='word_1_60' title='bbox 921 921 1202 987; x_wconf 84' lang='lat' dir='ltr'><strong>Carthaginis</strong></span> <span class='ocrx_word' id='word_1_61' title='bbox 1226 926 1383 976; x_wconf 89' lang='lat' dir='ltr'>urbem</span> <span class='ocrx_word' id='word_1_62' title='bbox 1392 942 1408 987; x_wconf 75' lang='grc'>,’</span> 
     </span>
    </p>
   </div>
   <div class='ocr_carea' id='block_1_9' title="bbox 187 993 1162 1065">
    <p class='ocr_par' dir='ltr' id='par_1_9' title="bbox 187 993 1162 1065">
     <span class='ocr_line' id='line_1_13' title="bbox 187 993 1162 1065; baseline 0.009 -23"><span class='ocrx_word' id='word_1_63' title='bbox 187 1054 190 1056; x_wconf 15' lang='lat' dir='ltr'>v</span> <span class='ocrx_word' id='word_1_64' title='bbox 213 995 276 1042; x_wconf 84' lang='lat' dir='ltr'>Et</span> <span class='ocrx_word' id='word_1_65' title='bbox 295 993 442 1044; x_wconf 84' lang='lat' dir='ltr'>videas</span> <span class='ocrx_word' id='word_1_66' title='bbox 465 994 660 1065; x_wconf 81' lang='lat' dir='ltr'>populos</span> <span class='ocrx_word' id='word_1_67' title='bbox 684 996 799 1046; x_wconf 87' lang='lat' dir='ltr'>altus</span> <span class='ocrx_word' id='word_1_68' title='bbox 823 999 879 1047; x_wconf 87' lang='lat' dir='ltr'>ab</span> <span class='ocrx_word' id='word_1_69' title='bbox 905 1018 1001 1049; x_wconf 88' lang='lat' dir='ltr'>arce</span> <span class='ocrx_word' id='word_1_70' title='bbox 1025 1003 1162 1051; x_wconf 85' lang='lat' dir='ltr'>tuos?</span> 
     </span>
    </p>
   </div>
   <div class='ocr_carea' id='block_1_10' title="bbox 1528 1032 1570 1056">
    <p class='ocr_par' dir='ltr' id='par_1_10' title="bbox 1528 1032 1570 1056">
     <span class='ocr_line' id='line_1_14' title="bbox 1528 1032 1570 1056; baseline 0.024 -1"><span class='ocrx_word' id='word_1_71' title='bbox 1528 1032 1570 1056; x_wconf 80' lang='lat'>20</span> 
     </span>
    </p>
   </div>
   <div class='ocr_carea' id='block_1_11' title="bbox 150 1071 1263 1140">
    <p class='ocr_par' dir='ltr' id='par_1_11' title="bbox 150 1071 1263 1140">
     <span class='ocr_line' id='line_1_15' title="bbox 150 1071 1263 1140; baseline 0.007 -20"><span class='ocrx_word' id='word_1_72' title='bbox 150 1071 314 1122; x_wconf 88' lang='lat' dir='ltr'>Omnia</span> <span class='ocrx_word' id='word_1_73' title='bbox 335 1072 375 1121; x_wconf 91' lang='lat' dir='ltr'>si</span> <span class='ocrx_word' id='word_1_74' title='bbox 393 1073 592 1133; x_wconf 87' lang='lat' dir='ltr'>veniant,</span> <span class='ocrx_word' id='word_1_75' title='bbox 617 1094 698 1124; x_wconf 90' lang='lat' dir='ltr'>nec</span> <span class='ocrx_word' id='word_1_76' title='bbox 722 1087 765 1124; x_wconf 90' lang='lat' dir='ltr'>te</span> <span class='ocrx_word' id='word_1_77' title='bbox 790 1088 866 1125; x_wconf 87' lang='lat' dir='ltr'>tua</span> <span class='ocrx_word' id='word_1_78' title='bbox 887 1089 991 1126; x_wconf 83' lang='lat' dir='ltr'>vota</span> <span class='ocrx_word' id='word_1_79' title='bbox 1012 1091 1263 1140; x_wconf 85' lang='lat' dir='ltr'>morentur;</span> 
     </span>
    </p>
   </div>
   <div class='ocr_carea' id='block_1_12' title="bbox 148 1234 832 1586">
    <p class='ocr_par' dir='ltr' id='par_1_12' title="bbox 148 1234 832 1586">
     <span class='ocr_line' id='line_1_16' title="bbox 148 1234 727 1277; baseline 0.005 -16"><span class='ocrx_word' id='word_1_80' title='bbox 148 1234 206 1261; x_wconf 70' lang='lat' dir='ltr'>Nee</span> <span class='ocrx_word' id='word_1_81' title='bbox 214 1235 341 1262; x_wconf 70' lang='lat' dir='ltr'>noritur·</span> <span class='ocrx_word' id='word_1_82' title='bbox 351 1241 422 1262; x_wconf 72' lang='lat' dir='ltr'>tenet</span> <span class='ocrx_word' id='word_1_83' title='bbox 430 1236 530 1277; x_wconf 68' lang='lat' dir='ltr'>erudeli</span> <span class='ocrx_word' id='word_1_84' title='bbox 541 1236 632 1263; x_wconf 74' lang='lat' dir='ltr'>funere</span> <span class='ocrx_word' id='word_1_85' title='bbox 645 1238 727 1264; x_wconf 83' lang='lat' dir='ltr'>Dido!</span> 
     </span>
     <span class='ocr_line' id='line_1_17' title="bbox 148 1287 789 1322; baseline 0.006 -9"><span class='ocrx_word' id='word_1_86' title='bbox 148 1287 302 1322; x_wconf 65' lang='lat' dir='ltr'>Quinotium</span> <span class='ocrx_word' id='word_1_87' title='bbox 317 1288 438 1316; x_wconf 79' lang='lat' dir='ltr'>Hiberno</span> <span class='ocrx_word' id='word_1_88' title='bbox 453 1290 554 1316; x_wconf 71' lang='lat' dir='ltr'>moliris</span> <span class='ocrx_word' id='word_1_89' title='bbox 565 1292 649 1317; x_wconf 70' lang='lat' dir='ltr'>sidere</span> <span class='ocrx_word' id='word_1_90' title='bbox 663 1292 789 1322; x_wconf 70' lang='lat' dir='ltr'>classem,</span> 
     </span>
     <span class='ocr_line' id='line_1_18' title="bbox 148 1342 814 1378; baseline 0.005 -11"><span class='ocrx_word' id='word_1_91' title='bbox 148 1342 184 1368; x_wconf 71' lang='lat'>12</span> <span class='ocrx_word' id='word_1_92' title='bbox 194 1342 288 1368; x_wconf 71' lang='lat' dir='ltr'>mediis</span> <span class='ocrx_word' id='word_1_93' title='bbox 299 1351 422 1378; x_wconf 70' lang='lat' dir='ltr'>proper-s</span> <span class='ocrx_word' id='word_1_94' title='bbox 429 1344 598 1378; x_wconf 73' lang='lat' dir='ltr'>nquilonibus</span> <span class='ocrx_word' id='word_1_95' title='bbox 609 1345 648 1369; x_wconf 78' lang='lat' dir='ltr'>ire</span> <span class='ocrx_word' id='word_1_96' title='bbox 658 1353 704 1378; x_wconf 81' lang='lat' dir='ltr'>per</span> <span class='ocrx_word' id='word_1_97' title='bbox 716 1345 797 1370; x_wconf 72' lang='lat' dir='ltr'>ultum</span> <span class='ocrx_word' id='word_1_98' title='bbox 804 1363 814 1377; x_wconf 88' lang='lat'><em>,</em></span> 
     </span>
     <span class='ocr_line' id='line_1_19' title="bbox 149 1395 832 1430; baseline 0.001 -9"><span class='ocrx_word' id='word_1_99' title='bbox 149 1395 284 1421; x_wconf 64' lang='lat' dir='ltr'>&amp;udelini</span> <span class='ocrx_word' id='word_1_100' title='bbox 303 1395 376 1428; x_wconf 78' lang='lat' dir='ltr'>Quid</span> <span class='ocrx_word' id='word_1_101' title='bbox 386 1414 395 1427; x_wconf 91' lang='lat'><em>‚</em></span> <span class='ocrx_word' id='word_1_102' title='bbox 412 1395 436 1421; x_wconf 72' lang='lat' dir='ltr'>ui</span> <span class='ocrx_word' id='word_1_103' title='bbox 448 1405 501 1422; x_wconf 79' lang='lat' dir='ltr'>non</span> <span class='ocrx_word' id='word_1_104' title='bbox 517 1405 580 1422; x_wconf 73' lang='lat' dir='ltr'>m·</span> <span class='ocrx_word' id='word_1_105' title='bbox 592 1396 676 1422; x_wconf 64' lang='lat' dir='ltr'>aliena</span> <span class='ocrx_word' id='word_1_106' title='bbox 689 1396 832 1430; x_wconf 72' lang='lat' dir='ltr'>domosque</span> 
     </span>
     <span class='ocr_line' id='line_1_20' title="bbox 149 1446 766 1482; baseline 0.003 -11"><span class='ocrx_word' id='word_1_107' title='bbox 149 1446 254 1479; x_wconf 64' lang='lat' dir='ltr'>Ignota</span> <span class='ocrx_word' id='word_1_108' title='bbox 265 1452 364 1480; x_wconf 69' lang='lat' dir='ltr'>peteres</span> <span class='ocrx_word' id='word_1_109' title='bbox 370 1466 380 1479; x_wconf 88' lang='lat'><em>‚</em></span> <span class='ocrx_word' id='word_1_110' title='bbox 391 1452 419 1472; x_wconf 74' lang='lat' dir='ltr'>et</span> <span class='ocrx_word' id='word_1_111' title='bbox 429 1447 510 1482; x_wconf 71' lang='lat' dir='ltr'>Troia</span> <span class='ocrx_word' id='word_1_112' title='bbox 519 1448 626 1482; x_wconf 67' lang='lat' dir='ltr'>antiqu·</span> <span class='ocrx_word' id='word_1_113' title='bbox 637 1453 766 1479; x_wconf 78' lang='lat' dir='ltr'>maneret,</span> 
     </span>
     <span class='ocr_line' id='line_1_21' title="bbox 148 1498 832 1537; baseline -0.001 -12"><span class='ocrx_word' id='word_1_114' title='bbox 148 1499 233 1534; x_wconf 69' lang='lat' dir='ltr'>Troia</span> <span class='ocrx_word' id='word_1_115' title='bbox 247 1508 294 1533; x_wconf 83' lang='lat' dir='ltr'>per</span> <span class='ocrx_word' id='word_1_116' title='bbox 307 1499 436 1526; x_wconf 70' lang='lat' dir='ltr'>undo-um</span> <span class='ocrx_word' id='word_1_117' title='bbox 446 1504 576 1537; x_wconf 66' lang='lat' dir='ltr'>peteretur</span> <span class='ocrx_word' id='word_1_118' title='bbox 585 1499 711 1525; x_wconf 67' lang='lat' dir='ltr'>clunibus</span> <span class='ocrx_word' id='word_1_119' title='bbox 723 1507 810 1534; x_wconf 61' lang='lat' dir='ltr'>equor</span> <span class='ocrx_word' id='word_1_120' title='bbox 817 1498 832 1524; x_wconf 78' lang='grc'><strong>7</strong></span> 
     </span>
     <span class='ocr_line' id='line_1_22' title="bbox 149 1552 325 1586; baseline -0.006 -8"><span class='ocrx_word' id='word_1_121' title='bbox 149 1552 230 1578; x_wconf 71' lang='lat' dir='ltr'>Mene</span> <span class='ocrx_word' id='word_1_122' title='bbox 241 1552 325 1586; x_wconf 64' lang='lat' dir='ltr'>fugis!</span> 
     </span>
    </p>
   </div>
   <div class='ocr_carea' id='block_1_13' title="bbox 145 1606 832 2281">
    <p class='ocr_par' dir='ltr' id='par_1_13' title="bbox 145 1606 832 2281">
     <span class='ocr_line' id='line_1_23' title="bbox 149 1606 830 1656; baseline -0.003 -12"><span class='ocrx_word' id='word_1_123' title='bbox 149 1608 258 1656; x_wconf 78' lang='lat' dir='ltr'>Apud</span> <span class='ocrx_word' id='word_1_124' title='bbox 268 1609 418 1645; x_wconf 79' lang='lat' dir='ltr'>Poetam</span> <span class='ocrx_word' id='word_1_125' title='bbox 431 1614 622 1655; x_wconf 75' lang='lat' dir='ltr'>utrumque</span> <span class='ocrx_word' id='word_1_126' title='bbox 637 1606 762 1642; x_wconf 87' lang='lat' dir='ltr'>eadem</span> <span class='ocrx_word' id='word_1_127' title='bbox 777 1620 830 1642; x_wconf 90' lang='lat' dir='ltr'>re-</span> 
     </span>
     <span class='ocr_line' id='line_1_24' title="bbox 148 1659 828 1705; baseline -0.004 -8"><span class='ocrx_word' id='word_1_128' title='bbox 148 1674 232 1697; x_wconf 79' lang='lat' dir='ltr'>rum</span> <span class='ocrx_word' id='word_1_129' title='bbox 255 1672 421 1697; x_wconf 84' lang='lat' dir='ltr'>summa:</span> <span class='ocrx_word' id='word_1_130' title='bbox 439 1659 499 1696; x_wconf 84' lang='lat' dir='ltr'>sed</span> <span class='ocrx_word' id='word_1_131' title='bbox 525 1659 665 1704; x_wconf 80' lang='lat' dir='ltr'>videas,</span> <span class='ocrx_word' id='word_1_132' title='bbox 689 1672 828 1705; x_wconf 80' lang='lat' dir='ltr'>quaeso,</span> 
     </span>
     <span class='ocr_line' id='line_1_25' title="bbox 149 1711 826 1760; baseline -0.004 -11"><span class='ocrx_word' id='word_1_133' title='bbox 149 1712 390 1760; x_wconf 81' lang='lat' dir='ltr'>quamsrigide</span> <span class='ocrx_word' id='word_1_134' title='bbox 407 1712 449 1747; x_wconf 86' lang='lat' dir='ltr'>ab</span> <span class='ocrx_word' id='word_1_135' title='bbox 464 1711 596 1748; x_wconf 79' lang='lat' dir='ltr'>ovidio</span> <span class='ocrx_word' id='word_1_136' title='bbox 611 1719 807 1747; x_wconf 79' lang='lat' dir='ltr'><strong>tractentur</strong></span> <span class='ocrx_word' id='word_1_137' title='bbox 816 1738 826 1756; x_wconf 91' lang='lat'>,</span> 
     </span>
     <span class='ocr_line' id='line_1_26' title="bbox 148 1763 827 1811; baseline -0.004 -9"><span class='ocrx_word' id='word_1_138' title='bbox 148 1765 237 1802; x_wconf 80' lang='lat' dir='ltr'>dun</span> <span class='ocrx_word' id='word_1_139' title='bbox 250 1765 336 1801; x_wconf 80' lang='lat' dir='ltr'>vivit</span> <span class='ocrx_word' id='word_1_140' title='bbox 351 1772 388 1801; x_wconf 87' lang='lat' dir='ltr'>et</span> <span class='ocrx_word' id='word_1_141' title='bbox 401 1764 508 1811; x_wconf 82' lang='lat' dir='ltr'>spirat</span> <span class='ocrx_word' id='word_1_142' title='bbox 520 1763 633 1799; x_wconf 77' lang='lat' dir='ltr'>adhuc</span> <span class='ocrx_word' id='word_1_143' title='bbox 642 1776 742 1799; x_wconf 88' lang='lat' dir='ltr'>amor</span> <span class='ocrx_word' id='word_1_144' title='bbox 752 1765 827 1799; x_wconf 87' lang='lat' dir='ltr'>Di-</span> 
     </span>
     <span class='ocr_line' id='line_1_27' title="bbox 148 1818 830 1866; baseline -0.004 -11"><span class='ocrx_word' id='word_1_145' title='bbox 148 1818 251 1855; x_wconf 72' lang='lat' dir='ltr'>donis</span> <span class='ocrx_word' id='word_1_146' title='bbox 259 1846 270 1864; x_wconf 92' lang='lat'>,</span> <span class='ocrx_word' id='word_1_147' title='bbox 287 1819 425 1866; x_wconf 81' lang='lat' dir='ltr'>Virgilii</span> <span class='ocrx_word' id='word_1_148' title='bbox 433 1818 587 1853; x_wconf 80' lang='lat' dir='ltr'>versibus</span> <span class='ocrx_word' id='word_1_149' title='bbox 596 1825 669 1853; x_wconf 86' lang='lat' dir='ltr'>tam</span> <span class='ocrx_word' id='word_1_150' title='bbox 679 1818 830 1853; x_wconf 85' lang='lat' dir='ltr'>fideliter</span> 
     </span>
     <span class='ocr_line' id='line_1_28' title="bbox 145 1870 830 1916; baseline 0 -10"><span class='ocrx_word' id='word_1_151' title='bbox 145 1871 362 1907; x_wconf 75' lang='lat' dir='ltr'>commissus.</span> <span class='ocrx_word' id='word_1_152' title='bbox 387 1871 548 1906; x_wconf 78' lang='lat' dir='ltr'>Fecerim</span> <span class='ocrx_word' id='word_1_153' title='bbox 569 1870 735 1916; x_wconf 85' lang='lat' dir='ltr'>equidem</span> <span class='ocrx_word' id='word_1_154' title='bbox 757 1870 830 1906; x_wconf 90' lang='lat' dir='ltr'>lec-</span> 
     </span>
     <span class='ocr_line' id='line_1_29' title="bbox 147 1922 829 1969; baseline -0.004 -10"><span class='ocrx_word' id='word_1_155' title='bbox 147 1923 218 1959; x_wconf 71' lang='lat' dir='ltr'>tori</span> <span class='ocrx_word' id='word_1_156' title='bbox 235 1923 422 1969; x_wconf 74' lang='lat' dir='ltr'>injuriam,</span> <span class='ocrx_word' id='word_1_157' title='bbox 446 1923 475 1958; x_wconf 86' lang='lat' dir='ltr'>si</span> <span class='ocrx_word' id='word_1_158' title='bbox 512 1923 635 1969; x_wconf 82' lang='lat' dir='ltr'>saepius</span> <span class='ocrx_word' id='word_1_159' title='bbox 656 1935 696 1957; x_wconf 87' lang='lat' dir='ltr'>ea</span> <span class='ocrx_word' id='word_1_160' title='bbox 723 1922 767 1957; x_wconf 91' lang='lat' dir='ltr'>de</span> <span class='ocrx_word' id='word_1_161' title='bbox 790 1935 829 1957; x_wconf 90' lang='lat' dir='ltr'>re</span> 
     </span>
     <span class='ocr_line' id='line_1_30' title="bbox 148 1974 831 2021; baseline -0.003 -11"><span class='ocrx_word' id='word_1_162' title='bbox 148 1974 371 2011; x_wconf 86' lang='lat' dir='ltr'>monendum</span> <span class='ocrx_word' id='word_1_163' title='bbox 396 1976 602 2021; x_wconf 81' lang='lat' dir='ltr'>putaverim.</span> <span class='ocrx_word' id='word_1_164' title='bbox 631 1993 676 2000; x_wconf 96' lang='lat'><strong>—</strong></span> <span class='ocrx_word' id='word_1_165' title='bbox 695 1976 769 2009; x_wconf 85' lang='lat' dir='ltr'>Nec</span> <span class='ocrx_word' id='word_1_166' title='bbox 796 1979 831 2008; x_wconf 79' lang='lat' dir='ltr'>te</span> 
     </span>
     <span class='ocr_line' id='line_1_31' title="bbox 147 2027 832 2072; baseline -0.004 -9"><span class='ocrx_word' id='word_1_167' title='bbox 147 2030 338 2063; x_wconf 72' lang='lat' dir='ltr'>crescentia</span> <span class='ocrx_word' id='word_1_168' title='bbox 350 2031 494 2072; x_wconf 74' lang='lat' dir='ltr'>tangunt</span> <span class='ocrx_word' id='word_1_169' title='bbox 499 2029 638 2062; x_wconf 61' lang='lat' dir='ltr'>Meuia.</span> <span class='ocrx_word' id='word_1_170' title='bbox 654 2027 832 2071; x_wconf 72' lang='lat' dir='ltr'>surgentia</span> 
     </span>
     <span class='ocr_line' id='line_1_32' title="bbox 148 2079 830 2126; baseline 0 -12"><span class='ocrx_word' id='word_1_171' title='bbox 148 2079 259 2115; x_wconf 80' lang='lat' dir='ltr'>codex</span> <span class='ocrx_word' id='word_1_172' title='bbox 283 2079 435 2126; x_wconf 75' lang='lat' dir='ltr'>Regius;</span> <span class='ocrx_word' id='word_1_173' title='bbox 466 2087 502 2115; x_wconf 90' lang='lat' dir='ltr'>et</span> <span class='ocrx_word' id='word_1_174' title='bbox 522 2079 559 2114; x_wconf 88' lang='lat' dir='ltr'>id</span> <span class='ocrx_word' id='word_1_175' title='bbox 581 2083 707 2114; x_wconf 74' lang='lat' dir='ltr'>tectius</span> <span class='ocrx_word' id='word_1_176' title='bbox 731 2086 830 2125; x_wconf 82' lang='lat' dir='ltr'>putat</span> 
     </span>
     <span class='ocr_line' id='line_1_33' title="bbox 148 2131 829 2177; baseline -0.001 -10"><span class='ocrx_word' id='word_1_177' title='bbox 148 2132 347 2167; x_wconf 80' lang='lat' dir='ltr'>Burmann.</span> <span class='ocrx_word' id='word_1_178' title='bbox 356 2146 366 2174; x_wconf 70' lang='grc' dir='ltr'><strong>ς</strong></span> <span class='ocrx_word' id='word_1_179' title='bbox 374 2131 436 2167; x_wconf 85' lang='lat' dir='ltr'>sed</span> <span class='ocrx_word' id='word_1_180' title='bbox 445 2139 539 2167; x_wconf 79' lang='lat' dir='ltr'>recte</span> <span class='ocrx_word' id='word_1_181' title='bbox 548 2132 678 2166; x_wconf 85' lang='lat' dir='ltr'>moenia</span> <span class='ocrx_word' id='word_1_182' title='bbox 689 2144 829 2177; x_wconf 89' lang='lat' dir='ltr'>quoque</span> 
     </span>
     <span class='ocr_line' id='line_1_34' title="bbox 150 2183 829 2221; baseline 0.003 -3"><span class='ocrx_word' id='word_1_183' title='bbox 150 2183 317 2219; x_wconf 82' lang='lat' dir='ltr'>dicuntur</span> <span class='ocrx_word' id='word_1_184' title='bbox 331 2197 495 2220; x_wconf 78' lang='lat' dir='ltr'>crescere.</span> <span class='ocrx_word' id='word_1_185' title='bbox 525 2185 654 2221; x_wconf 78' lang='lat' dir='ltr'>Noster</span> <span class='ocrx_word' id='word_1_186' title='bbox 681 2185 829 2220; x_wconf 85' lang='lat' dir='ltr'>Metam.</span> 
     </span>
     <span class='ocr_line' id='line_1_35' title="bbox 150 2235 501 2281; baseline 0.006 -11"><span class='ocrx_word' id='word_1_187' title='bbox 150 2235 267 2272; x_wconf 79' lang='lat' dir='ltr'>lib-xv</span> <span class='ocrx_word' id='word_1_188' title='bbox 278 2261 289 2280; x_wconf 90' lang='lat'><strong>‚</strong></span> <span class='ocrx_word' id='word_1_189' title='bbox 311 2249 398 2272; x_wconf 82' lang='lat' dir='ltr'>vers.</span> <span class='ocrx_word' id='word_1_190' title='bbox 412 2239 474 2281; x_wconf 80' lang='lat'>451</span> <span class='ocrx_word' id='word_1_191' title='bbox 491 2250 501 2271; x_wconf 74' lang='grc' dir='ltr'><strong>ε</strong></span> 
     </span>
    </p>
   </div>
   <div class='ocr_carea' id='block_1_14' title="bbox 152 2289 738 2373">
    <p class='ocr_par' dir='ltr' id='par_1_14' title="bbox 152 2289 738 2373">
     <span class='ocr_line' id='line_1_36' title="bbox 330 2289 738 2324; baseline 0 -11"><span class='ocrx_word' id='word_1_192' title='bbox 330 2306 362 2314; x_wconf 90' lang='grc'>...</span> <span class='ocrx_word' id='word_1_193' title='bbox 378 2289 544 2324; x_wconf 60' lang='lat' dir='ltr'>Cogunt-que</span> <span class='ocrx_word' id='word_1_194' title='bbox 554 2290 649 2315; x_wconf 69' lang='lat' dir='ltr'>meniu</span> <span class='ocrx_word' id='word_1_195' title='bbox 664 2290 738 2315; x_wconf 69' lang='lat' dir='ltr'>lotor</span> 
     </span>
     <span class='ocr_line' id='line_1_37' title="bbox 152 2337 689 2373; baseline 0 -10"><span class='ocrx_word' id='word_1_196' title='bbox 152 2337 285 2370; x_wconf 59' lang='lat' dir='ltr'>Crucem</span> <span class='ocrx_word' id='word_1_197' title='bbox 292 2342 319 2362; x_wconf 77' lang='lat' dir='ltr'>et</span> <span class='ocrx_word' id='word_1_198' title='bbox 329 2337 584 2373; x_wconf 70' lang='lat' dir='ltr'>militm-Phrygibus</span> <span class='ocrx_word' id='word_1_199' title='bbox 592 2339 689 2364; x_wconf 72' lang='lat' dir='ltr'>vixisse</span> 
     </span>
    </p>
   </div>
   <div class='ocr_carea' id='block_1_15' title="bbox 148 2387 831 2858">
    <p class='ocr_par' dir='ltr' id='par_1_15' title="bbox 148 2387 831 2526">
     <span class='ocr_line' id='line_1_38' title="bbox 198 2387 830 2431; baseline 0.002 -11"><span class='ocrx_word' id='word_1_200' title='bbox 198 2399 212 2420; x_wconf 85' lang='lat'>1</span> <span class='ocrx_word' id='word_1_201' title='bbox 218 2400 249 2421; x_wconf 68' lang='grc' dir='ltr'>α.</span> <span class='ocrx_word' id='word_1_202' title='bbox 260 2387 334 2421; x_wconf 85' lang='lat' dir='ltr'>Nec</span> <span class='ocrx_word' id='word_1_203' title='bbox 347 2391 478 2431; x_wconf 82' lang='lat' dir='ltr'>sceptm</span> <span class='ocrx_word' id='word_1_204' title='bbox 487 2389 615 2421; x_wconf 78' lang='lat' dir='ltr'>tradita</span> <span class='ocrx_word' id='word_1_205' title='bbox 625 2400 754 2421; x_wconf 83' lang='lat' dir='ltr'>summa</span> <span class='ocrx_word' id='word_1_206' title='bbox 763 2391 830 2422; x_wconf 79' lang='lat' dir='ltr'>tuo.</span> 
     </span>
     <span class='ocr_line' id='line_1_39' title="bbox 148 2438 831 2484; baseline 0 -11"><span class='ocrx_word' id='word_1_207' title='bbox 148 2438 330 2482; x_wconf 79' lang='lat' dir='ltr'>Sceptmm,</span> <span class='ocrx_word' id='word_1_208' title='bbox 346 2438 548 2473; x_wconf 76' lang='lat' dir='ltr'>Puteaneus</span> <span class='ocrx_word' id='word_1_209' title='bbox 557 2451 577 2473; x_wconf 88' lang='lat' dir='ltr'>a</span> <span class='ocrx_word' id='word_1_210' title='bbox 588 2451 696 2473; x_wconf 89' lang='lat' dir='ltr'>manu</span> <span class='ocrx_word' id='word_1_211' title='bbox 709 2439 831 2484; x_wconf 86' lang='lat' dir='ltr'>prima.</span> 
     </span>
     <span class='ocr_line' id='line_1_40' title="bbox 149 2490 295 2526; baseline -0.021 0"><span class='ocrx_word' id='word_1_212' title='bbox 149 2490 274 2526; x_wconf 85' lang='lat' dir='ltr'>Scribo</span> <span class='ocrx_word' id='word_1_213' title='bbox 287 2502 295 2523; x_wconf 89' lang='lat'>:</span> 
     </span>
    </p>

    <p class='ocr_par' dir='ltr' id='par_1_16' title="bbox 148 2549 829 2858">
     <span class='ocr_line' id='line_1_41' title="bbox 214 2549 687 2583; baseline -0.004 -6"><span class='ocrx_word' id='word_1_214' title='bbox 214 2550 272 2577; x_wconf 77' lang='lat' dir='ltr'>Nee</span> <span class='ocrx_word' id='word_1_215' title='bbox 284 2550 379 2583; x_wconf 70' lang='lat' dir='ltr'>sceptri</span> <span class='ocrx_word' id='word_1_216' title='bbox 395 2549 491 2575; x_wconf 72' lang='lat' dir='ltr'>mdiu</span> <span class='ocrx_word' id='word_1_217' title='bbox 507 2559 611 2575; x_wconf 67' lang='lat' dir='ltr'>summa</span> <span class='ocrx_word' id='word_1_218' title='bbox 627 2551 687 2575; x_wconf 86' lang='lat' dir='ltr'>mei.</span> 
     </span>
     <span class='ocr_line' id='line_1_42' title="bbox 150 2599 829 2648; baseline 0.001 -13"><span class='ocrx_word' id='word_1_219' title='bbox 150 2599 220 2635; x_wconf 76' lang='lat' dir='ltr'>vel</span> <span class='ocrx_word' id='word_1_220' title='bbox 235 2601 375 2635; x_wconf 71' lang='lat' dir='ltr'>credita.</span> <span class='ocrx_word' id='word_1_221' title='bbox 391 2599 539 2634; x_wconf 87' lang='lat' dir='ltr'>Metam.</span> <span class='ocrx_word' id='word_1_222' title='bbox 559 2599 617 2634; x_wconf 86' lang='lat' dir='ltr'>lib.</span> <span class='ocrx_word' id='word_1_223' title='bbox 631 2610 703 2634; x_wconf 86' lang='lat' dir='ltr'>xm</span> <span class='ocrx_word' id='word_1_224' title='bbox 714 2626 724 2643; x_wconf 92' lang='lat'>,</span> <span class='ocrx_word' id='word_1_225' title='bbox 750 2613 829 2648; x_wconf 83' lang='lat'>191:</span> 
     </span>
     <span class='ocr_line' id='line_1_43' title="bbox 148 2659 814 2695; baseline 0 -9"><span class='ocrx_word' id='word_1_226' title='bbox 148 2659 230 2686; x_wconf 71' lang='lat' dir='ltr'>Hune</span> <span class='ocrx_word' id='word_1_227' title='bbox 238 2665 323 2686; x_wconf 70' lang='lat' dir='ltr'>umen</span> <span class='ocrx_word' id='word_1_228' title='bbox 333 2660 432 2685; x_wconf 70' lang='lat' dir='ltr'>utilita-</span> <span class='ocrx_word' id='word_1_229' title='bbox 443 2660 536 2694; x_wconf 81' lang='lat' dir='ltr'>populi</span> <span class='ocrx_word' id='word_1_230' title='bbox 544 2659 676 2694; x_wconf 64' lang='lat' dir='ltr'>sacerque</span> <span class='ocrx_word' id='word_1_231' title='bbox 682 2679 691 2692; x_wconf 92' lang='lat'><em>‚</em></span> <span class='ocrx_word' id='word_1_232' title='bbox 708 2660 814 2695; x_wconf 69' lang='lat' dir='ltr'>datique</span> 
     </span>
     <span class='ocr_line' id='line_1_44' title="bbox 148 2708 484 2743; baseline 0 -9"><span class='ocrx_word' id='word_1_233' title='bbox 148 2708 262 2734; x_wconf 72' lang='lat' dir='ltr'>Susum</span> <span class='ocrx_word' id='word_1_234' title='bbox 276 2715 364 2735; x_wconf 76' lang='lat' dir='ltr'>movet</span> <span class='ocrx_word' id='word_1_235' title='bbox 379 2709 484 2743; x_wconf 76' lang='lat' dir='ltr'>seeptri.</span> 
     </span>
     <span class='ocr_line' id='line_1_45' title="bbox 151 2756 828 2804; baseline 0.004 -13"><span class='ocrx_word' id='word_1_236' title='bbox 151 2756 191 2791; x_wconf 82' lang='lat' dir='ltr'>si</span> <span class='ocrx_word' id='word_1_237' title='bbox 204 2758 280 2803; x_wconf 85' lang='lat' dir='ltr'>quis</span> <span class='ocrx_word' id='word_1_238' title='bbox 296 2758 387 2793; x_wconf 85' lang='lat' dir='ltr'>tueri</span> <span class='ocrx_word' id='word_1_239' title='bbox 398 2758 573 2804; x_wconf 74' lang='lat' dir='ltr'><strong>vulgatam</strong></span> <span class='ocrx_word' id='word_1_240' title='bbox 589 2765 708 2794; x_wconf 86' lang='lat' dir='ltr'>tamen</span> <span class='ocrx_word' id='word_1_241' title='bbox 722 2759 828 2804; x_wconf 83' lang='lat' dir='ltr'>volet,</span> 
     </span>
     <span class='ocr_line' id='line_1_46' title="bbox 151 2807 828 2858; baseline 0.003 -14"><span class='ocrx_word' id='word_1_242' title='bbox 151 2807 256 2845; x_wconf 75' lang='lat' dir='ltr'>habet</span> <span class='ocrx_word' id='word_1_243' title='bbox 278 2824 342 2856; x_wconf 87' lang='lat' dir='ltr'>pro</span> <span class='ocrx_word' id='word_1_244' title='bbox 362 2824 398 2846; x_wconf 78' lang='lat' dir='ltr'>se</span> <span class='ocrx_word' id='word_1_245' title='bbox 420 2811 545 2847; x_wconf 78' lang='lat' dir='ltr'>stantia</span> <span class='ocrx_word' id='word_1_246' title='bbox 559 2811 615 2847; x_wconf 83' lang='lat' dir='ltr'>illa</span> <span class='ocrx_word' id='word_1_247' title='bbox 631 2812 828 2858; x_wconf 83' lang='lat' dir='ltr'>Propertii,</span> 
     </span>
    </p>
   </div>
   <div class='ocr_carea' id='block_1_16' title="bbox 276 2888 320 2932">
    <p class='ocr_par' dir='ltr' id='par_1_17' title="bbox 276 2888 320 2932">
     <span class='ocr_line' id='line_1_47' title="bbox 276 2888 320 2932; baseline 0.023 -1"><span class='ocrx_word' id='word_1_248' title='bbox 276 2888 320 2932; x_wconf 92' lang='lat' dir='ltr'>I.</span> 
     </span>
    </p>
   </div>
   <div class='ocr_carea' id='block_1_17' title="bbox 895 1240 1582 1281">
    <p class='ocr_par' dir='ltr' id='par_1_18' title="bbox 895 1240 1582 1281">
     <span class='ocr_line' id='line_1_48' title="bbox 895 1240 1582 1281; baseline 0.01 -16"><span class='ocrx_word' id='word_1_249' title='bbox 895 1240 926 1265; x_wconf 81' lang='lat' dir='ltr'>In</span> <span class='ocrx_word' id='word_1_250' title='bbox 944 1241 1053 1267; x_wconf 70' lang='lat' dir='ltr'>veneris</span> <span class='ocrx_word' id='word_1_251' title='bbox 1068 1242 1157 1269; x_wconf 66' lang='lat' dir='ltr'>tabul-</span> <span class='ocrx_word' id='word_1_252' title='bbox 1170 1253 1302 1270; x_wconf 72' lang='lat' dir='ltr'>summam</span> <span class='ocrx_word' id='word_1_253' title='bbox 1314 1245 1364 1270; x_wconf 71' lang='lat' dir='ltr'>sibi</span> <span class='ocrx_word' id='word_1_254' title='bbox 1376 1246 1450 1280; x_wconf 76' lang='lat' dir='ltr'>ponit</span> <span class='ocrx_word' id='word_1_255' title='bbox 1457 1246 1582 1281; x_wconf 71' lang='lat' dir='ltr'>Apelles..</span> 
     </span>
    </p>
   </div>
   <div class='ocr_carea' id='block_1_18' title="bbox 892 1288 1579 2332">
    <p class='ocr_par' dir='ltr' id='par_1_19' title="bbox 896 1288 1475 1338">
     <span class='ocr_line' id='line_1_49' title="bbox 896 1288 1475 1338; baseline 0.016 -16"><span class='ocrx_word' id='word_1_256' title='bbox 896 1288 971 1324; x_wconf 89' lang='lat' dir='ltr'>Lib.</span> <span class='ocrx_word' id='word_1_257' title='bbox 987 1300 1053 1334; x_wconf 88' lang='lat'>111,</span> <span class='ocrx_word' id='word_1_258' title='bbox 1073 1290 1253 1338; x_wconf 80' lang='lat' dir='ltr'>Eleg.vn‚</span> <span class='ocrx_word' id='word_1_259' title='bbox 1273 1307 1322 1329; x_wconf 88' lang='lat'>11.</span> <span class='ocrx_word' id='word_1_260' title='bbox 1342 1295 1475 1331; x_wconf 73' lang='lat' dir='ltr'>Hmus.</span> 
     </span>
    </p>

    <p class='ocr_par' dir='ltr' id='par_1_20' title="bbox 893 1341 1578 1599">
     <span class='ocr_line' id='line_1_50' title="bbox 943 1341 1576 1392; baseline 0.013 -17"><span class='ocrx_word' id='word_1_261' title='bbox 943 1341 992 1376; x_wconf 88' lang='lat'>13.</span> <span class='ocrx_word' id='word_1_262' title='bbox 1013 1343 1124 1377; x_wconf 79' lang='lat' dir='ltr'>Facta</span> <span class='ocrx_word' id='word_1_263' title='bbox 1137 1343 1239 1389; x_wconf 62' lang='lat' dir='ltr'>fitgtlr</span> <span class='ocrx_word' id='word_1_264' title='bbox 1250 1356 1263 1388; x_wconf 80' lang='lat'>,⁸</span> <span class='ocrx_word' id='word_1_265' title='bbox 1284 1346 1455 1390; x_wconf 75' lang='lat' dir='ltr'>facienda</span> <span class='ocrx_word' id='word_1_266' title='bbox 1473 1352 1576 1392; x_wconf 71' lang='lat' dir='ltr'>petis.</span> 
     </span>
     <span class='ocr_line' id='line_1_51' title="bbox 896 1393 1578 1442; baseline 0.013 -15"><span class='ocrx_word' id='word_1_267' title='bbox 896 1393 991 1428; x_wconf 88' lang='lat' dir='ltr'>Male</span> <span class='ocrx_word' id='word_1_268' title='bbox 992 1394 1174 1439; x_wconf 70' lang='lat' dir='ltr'>fugienda,</span> <span class='ocrx_word' id='word_1_269' title='bbox 1187 1396 1329 1442; x_wconf 85' lang='lat' dir='ltr'>Aldina,</span> <span class='ocrx_word' id='word_1_270' title='bbox 1341 1399 1489 1435; x_wconf 81' lang='lat' dir='ltr'>Venetae</span> <span class='ocrx_word' id='word_1_271' title='bbox 1498 1400 1578 1436; x_wconf 78' lang='lat' dir='ltr'>duae</span> 
     </span>
     <span class='ocr_line' id='line_1_52' title="bbox 894 1445 1577 1498; baseline 0.01 -19"><span class='ocrx_word' id='word_1_272' title='bbox 894 1452 930 1479; x_wconf 92' lang='lat' dir='ltr'>et</span> <span class='ocrx_word' id='word_1_273' title='bbox 942 1445 1077 1481; x_wconf 88' lang='lat' dir='ltr'>codices</span> <span class='ocrx_word' id='word_1_274' title='bbox 1091 1447 1244 1493; x_wconf 85' lang='lat' dir='ltr'>plurimi;</span> <span class='ocrx_word' id='word_1_275' title='bbox 1257 1462 1372 1495; x_wconf 91' lang='lat' dir='ltr'>neque</span> <span class='ocrx_word' id='word_1_276' title='bbox 1384 1464 1425 1486; x_wconf 84' lang='lat' dir='ltr'>ex</span> <span class='ocrx_word' id='word_1_277' title='bbox 1432 1451 1577 1498; x_wconf 87' lang='lat' dir='ltr'>ingenio</span> 
     </span>
     <span class='ocr_line' id='line_1_53' title="bbox 893 1499 1576 1549; baseline 0.012 -18"><span class='ocrx_word' id='word_1_278' title='bbox 893 1504 1006 1542; x_wconf 85' lang='lat' dir='ltr'>poetae</span> <span class='ocrx_word' id='word_1_279' title='bbox 1014 1523 1024 1542; x_wconf 91' lang='lat'><em>,</em></span> <span class='ocrx_word' id='word_1_280' title='bbox 1042 1499 1101 1543; x_wconf 75' lang='lat' dir='ltr'>qui</span> <span class='ocrx_word' id='word_1_281' title='bbox 1111 1501 1301 1536; x_wconf 81' lang='lat' dir='ltr'>verborum</span> <span class='ocrx_word' id='word_1_282' title='bbox 1313 1502 1491 1538; x_wconf 79' lang='lat' dir='ltr'>antithetis</span> <span class='ocrx_word' id='word_1_283' title='bbox 1500 1504 1576 1549; x_wconf 76' lang='lat' dir='ltr'>plus</span> 
     </span>
     <span class='ocr_line' id='line_1_54' title="bbox 894 1550 1577 1599; baseline 0.013 -17"><span class='ocrx_word' id='word_1_284' title='bbox 894 1561 995 1594; x_wconf 79' lang='lat' dir='ltr'>aequo</span> <span class='ocrx_word' id='word_1_285' title='bbox 1010 1550 1157 1597; x_wconf 85' lang='lat' dir='ltr'>gaudet,</span> <span class='ocrx_word' id='word_1_286' title='bbox 1181 1552 1236 1588; x_wconf 87' lang='lat' dir='ltr'>vel</span> <span class='ocrx_word' id='word_1_287' title='bbox 1252 1566 1363 1599; x_wconf 89' lang='lat' dir='ltr'>quum</span> <span class='ocrx_word' id='word_1_288' title='bbox 1380 1567 1456 1590; x_wconf 88' lang='lat' dir='ltr'>non</span> <span class='ocrx_word' id='word_1_289' title='bbox 1471 1555 1577 1591; x_wconf 82' lang='lat' dir='ltr'>locus.</span> 
     </span>
    </p>

    <p class='ocr_par' dir='ltr' id='par_1_21' title="bbox 892 1602 1579 2121">
     <span class='ocr_line' id='line_1_55' title="bbox 941 1602 1575 1651; baseline 0.009 -15"><span class='ocrx_word' id='word_1_290' title='bbox 941 1602 991 1636; x_wconf 87' lang='lat'>16.</span> <span class='ocrx_word' id='word_1_291' title='bbox 1007 1603 1101 1638; x_wconf 75' lang='lat' dir='ltr'>Arva</span> <span class='ocrx_word' id='word_1_292' title='bbox 1115 1607 1270 1640; x_wconf 76' lang='lat' dir='ltr'>tenenda.</span> <span class='ocrx_word' id='word_1_293' title='bbox 1280 1608 1405 1651; x_wconf 68' lang='lat' dir='ltr'>Regna</span> <span class='ocrx_word' id='word_1_294' title='bbox 1416 1609 1575 1649; x_wconf 79' lang='lat' dir='ltr'>tenenda,</span> 
     </span>
     <span class='ocr_line' id='line_1_56' title="bbox 894 1653 1577 1701; baseline 0.012 -13"><span class='ocrx_word' id='word_1_295' title='bbox 894 1660 964 1689; x_wconf 84' lang='lat' dir='ltr'>tres</span> <span class='ocrx_word' id='word_1_296' title='bbox 978 1653 1077 1698; x_wconf 77' lang='lat' dir='ltr'>libri,</span> <span class='ocrx_word' id='word_1_297' title='bbox 1101 1669 1185 1691; x_wconf 71' lang='lat' dir='ltr'>arva</span> <span class='ocrx_word' id='word_1_298' title='bbox 1207 1660 1368 1701; x_wconf 84' lang='lat' dir='ltr'>colenda,</span> <span class='ocrx_word' id='word_1_299' title='bbox 1389 1671 1483 1695; x_wconf 85' lang='lat' dir='ltr'>unus</span> <span class='ocrx_word' id='word_1_300' title='bbox 1499 1661 1577 1695; x_wconf 83' lang='lat' dir='ltr'>Va·-</span> 
     </span>
     <span class='ocr_line' id='line_1_57' title="bbox 892 1706 1577 1755; baseline 0.009 -14"><span class='ocrx_word' id='word_1_301' title='bbox 892 1706 1027 1742; x_wconf 87' lang='lat' dir='ltr'>ticanus</span> <span class='ocrx_word' id='word_1_302' title='bbox 1042 1720 1050 1742; x_wconf 89' lang='lat'><strong>:</strong></span> <span class='ocrx_word' id='word_1_303' title='bbox 1069 1715 1104 1743; x_wconf 89' lang='lat' dir='ltr'>et</span> <span class='ocrx_word' id='word_1_304' title='bbox 1119 1710 1284 1745; x_wconf 85' lang='lat' dir='ltr'>Mentelii</span> <span class='ocrx_word' id='word_1_305' title='bbox 1298 1710 1386 1747; x_wconf 87' lang='lat' dir='ltr'>alter</span> <span class='ocrx_word' id='word_1_306' title='bbox 1397 1737 1407 1755; x_wconf 89' lang='lat'><em>,</em></span> <span class='ocrx_word' id='word_1_307' title='bbox 1426 1714 1553 1747; x_wconf 80' lang='lat' dir='ltr'>tuenda</span> <span class='ocrx_word' id='word_1_308' title='bbox 1565 1724 1577 1747; x_wconf 90' lang='lat'>.·</span> 
     </span>
     <span class='ocr_line' id='line_1_58' title="bbox 894 1759 1576 1811; baseline 0.007 -17"><span class='ocrx_word' id='word_1_309' title='bbox 894 1759 981 1795; x_wconf 89' lang='lat' dir='ltr'>nihil</span> <span class='ocrx_word' id='word_1_310' title='bbox 995 1768 1103 1796; x_wconf 88' lang='lat' dir='ltr'>muta.</span> <span class='ocrx_word' id='word_1_311' title='bbox 1129 1763 1256 1797; x_wconf 72' lang='lat' dir='ltr'>Tenem</span> <span class='ocrx_word' id='word_1_312' title='bbox 1271 1763 1369 1798; x_wconf 85' lang='lat' dir='ltr'>enim</span> <span class='ocrx_word' id='word_1_313' title='bbox 1391 1765 1576 1811; x_wconf 83' lang='lat' dir='ltr'>proprium</span> 
     </span>
     <span class='ocr_line' id='line_1_59' title="bbox 893 1813 1579 1860; baseline 0.007 -13"><span class='ocrx_word' id='word_1_314' title='bbox 893 1813 1187 1860; x_wconf 76' lang='lat' dir='ltr'>verbumregum‚</span> <span class='ocrx_word' id='word_1_315' title='bbox 1196 1822 1236 1850; x_wconf 89' lang='lat' dir='ltr'>ut</span> <span class='ocrx_word' id='word_1_316' title='bbox 1242 1815 1474 1851; x_wconf 84' lang='lat' dir='ltr'>notissimum.</span> <span class='ocrx_word' id='word_1_317' title='bbox 1485 1818 1579 1853; x_wconf 83' lang='lat' dir='ltr'>Prae-</span> 
     </span>
     <span class='ocr_line' id='line_1_60' title="bbox 894 1869 1577 1915; baseline 0.007 -15"><span class='ocrx_word' id='word_1_318' title='bbox 894 1872 991 1901; x_wconf 88' lang='lat' dir='ltr'>terea</span> <span class='ocrx_word' id='word_1_319' title='bbox 1019 1871 1132 1902; x_wconf 72' lang='lat' dir='ltr'>lenem</span> <span class='ocrx_word' id='word_1_320' title='bbox 1166 1869 1332 1904; x_wconf 83' lang='lat' dir='ltr'>convenit</span> <span class='ocrx_word' id='word_1_321' title='bbox 1363 1870 1577 1915; x_wconf 79' lang='lat' dir='ltr'>praecedenti</span> 
     </span>
     <span class='ocr_line' id='line_1_61' title="bbox 895 1919 1578 1966; baseline 0.006 -14"><span class='ocrx_word' id='word_1_322' title='bbox 895 1919 1002 1953; x_wconf 84' lang='lat' dir='ltr'>verbo</span> <span class='ocrx_word' id='word_1_323' title='bbox 1015 1921 1158 1961; x_wconf 79' lang='lat' dir='ltr'>babere,</span> <span class='ocrx_word' id='word_1_324' title='bbox 1182 1921 1282 1965; x_wconf 86' lang='lat' dir='ltr'>cujus</span> <span class='ocrx_word' id='word_1_325' title='bbox 1303 1921 1428 1956; x_wconf 87' lang='lat' dir='ltr'>eadem</span> <span class='ocrx_word' id='word_1_326' title='bbox 1450 1922 1499 1956; x_wconf 84' lang='lat' dir='ltr'>vis</span> <span class='ocrx_word' id='word_1_327' title='bbox 1512 1947 1522 1966; x_wconf 89' lang='lat'>,</span> <span class='ocrx_word' id='word_1_328' title='bbox 1541 1928 1578 1956; x_wconf 81' lang='lat' dir='ltr'>et</span> 
     </span>
     <span class='ocr_line' id='line_1_62' title="bbox 896 1970 1573 2018; baseline 0.003 -13"><span class='ocrx_word' id='word_1_329' title='bbox 896 1970 990 2016; x_wconf 91' lang='lat' dir='ltr'>quod</span> <span class='ocrx_word' id='word_1_330' title='bbox 1006 1972 1097 2006; x_wconf 83' lang='lat' dir='ltr'>male</span> <span class='ocrx_word' id='word_1_331' title='bbox 1125 1972 1249 2006; x_wconf 87' lang='lat' dir='ltr'>Douza</span> <span class='ocrx_word' id='word_1_332' title='bbox 1272 1973 1413 2018; x_wconf 86' lang='lat' dir='ltr'>antique</span> <span class='ocrx_word' id='word_1_333' title='bbox 1439 1974 1573 2017; x_wconf 84' lang='lat' dir='ltr'>sumit,</span> 
     </span>
     <span class='ocr_line' id='line_1_63' title="bbox 895 2024 1572 2070; baseline 0.004 -14"><span class='ocrx_word' id='word_1_334' title='bbox 895 2036 960 2068; x_wconf 91' lang='lat' dir='ltr'>pro</span> <span class='ocrx_word' id='word_1_335' title='bbox 977 2025 1133 2058; x_wconf 81' lang='lat' dir='ltr'>habitare</span> <span class='ocrx_word' id='word_1_336' title='bbox 1147 2037 1158 2058; x_wconf 86' lang='lat'><em>:</em></span> <span class='ocrx_word' id='word_1_337' title='bbox 1177 2037 1288 2069; x_wconf 89' lang='lat' dir='ltr'>quum</span> <span class='ocrx_word' id='word_1_338' title='bbox 1304 2025 1375 2070; x_wconf 87' lang='lat' dir='ltr'>ipse</span> <span class='ocrx_word' id='word_1_339' title='bbox 1391 2025 1471 2059; x_wconf 86' lang='lat' dir='ltr'>infr.</span> <span class='ocrx_word' id='word_1_340' title='bbox 1488 2024 1548 2059; x_wconf 83' lang='lat'>163</span> <span class='ocrx_word' id='word_1_341' title='bbox 1561 2050 1572 2067; x_wconf 89' lang='lat'>,</span> 
     </span>
     <span class='ocr_line' id='line_1_64' title="bbox 895 2076 1576 2121; baseline 0.001 -11"><span class='ocrx_word' id='word_1_342' title='bbox 895 2078 1083 2110; x_wconf 81' lang='lat' dir='ltr'>habendam</span> <span class='ocrx_word' id='word_1_343' title='bbox 1103 2077 1246 2121; x_wconf 79' lang='lat' dir='ltr'>explicet</span> <span class='ocrx_word' id='word_1_344' title='bbox 1258 2078 1509 2121; x_wconf 73' lang='lat' dir='ltr'>possidendam.</span> <span class='ocrx_word' id='word_1_345' title='bbox 1531 2076 1576 2111; x_wconf 91' lang='grc' dir='ltr'>Β.</span> 
     </span>
    </p>

    <p class='ocr_par' dir='ltr' id='par_1_22' title="bbox 895 2129 1578 2279">
     <span class='ocr_line' id='line_1_65' title="bbox 944 2129 1577 2175; baseline 0 -12"><span class='ocrx_word' id='word_1_346' title='bbox 944 2143 992 2175; x_wconf 86' lang='lat'>17.</span> <span class='ocrx_word' id='word_1_347' title='bbox 1017 2131 1122 2164; x_wconf 80' lang='lat' dir='ltr'>Alter</span> <span class='ocrx_word' id='word_1_348' title='bbox 1135 2132 1310 2164; x_wconf 76' lang='lat' dir='ltr'>habendus</span> <span class='ocrx_word' id='word_1_349' title='bbox 1324 2143 1428 2164; x_wconf 84' lang='lat' dir='ltr'>amor.</span> <span class='ocrx_word' id='word_1_350' title='bbox 1454 2129 1577 2174; x_wconf 85' lang='lat' dir='ltr'>Quem</span> 
     </span>
     <span class='ocr_line' id='line_1_66' title="bbox 895 2181 1578 2227; baseline -0.001 -10"><span class='ocrx_word' id='word_1_351' title='bbox 895 2182 1095 2226; x_wconf 86' lang='lat' dir='ltr'>mentiaris,</span> <span class='ocrx_word' id='word_1_352' title='bbox 1123 2181 1304 2216; x_wconf 89' lang='lat' dir='ltr'>Didonem</span> <span class='ocrx_word' id='word_1_353' title='bbox 1328 2182 1474 2216; x_wconf 84' lang='lat' dir='ltr'>alteram</span> <span class='ocrx_word' id='word_1_354' title='bbox 1494 2194 1578 2227; x_wconf 87' lang='lat' dir='ltr'>cap-</span> 
     </span>
     <span class='ocr_line' id='line_1_67' title="bbox 895 2234 1299 2279; baseline -0.002 -10"><span class='ocrx_word' id='word_1_355' title='bbox 895 2242 994 2269; x_wconf 85' lang='lat' dir='ltr'>turus</span> <span class='ocrx_word' id='word_1_356' title='bbox 1005 2261 1014 2278; x_wconf 91' lang='lat'><strong><em>‚</em></strong></span> <span class='ocrx_word' id='word_1_357' title='bbox 1042 2241 1082 2268; x_wconf 87' lang='lat' dir='ltr'>ut</span> <span class='ocrx_word' id='word_1_358' title='bbox 1097 2246 1154 2268; x_wconf 92' lang='lat' dir='ltr'>me</span> <span class='ocrx_word' id='word_1_359' title='bbox 1171 2234 1299 2279; x_wconf 81' lang='lat' dir='ltr'>cepisti.</span> 
     </span>
    </p>

    <p class='ocr_par' dir='ltr' id='par_1_23' title="bbox 942 2286 1577 2332">
     <span class='ocr_line' id='line_1_68' title="bbox 942 2286 1577 2332; baseline -0.002 -10"><span class='ocrx_word' id='word_1_360' title='bbox 942 2288 992 2322; x_wconf 84' lang='lat'>18.</span> <span class='ocrx_word' id='word_1_361' title='bbox 1023 2288 1159 2331; x_wconf 81' lang='lat' dir='ltr'>Quaque</span> <span class='ocrx_word' id='word_1_362' title='bbox 1173 2290 1292 2321; x_wconf 79' lang='lat' dir='ltr'>iterum</span> <span class='ocrx_word' id='word_1_363' title='bbox 1306 2287 1434 2332; x_wconf 86' lang='lat' dir='ltr'>sallas.</span> <span class='ocrx_word' id='word_1_364' title='bbox 1466 2286 1577 2322; x_wconf 87' lang='lat' dir='ltr'>Recte</span> 
     </span>
    </p>
   </div>
   <div class='ocr_carea' id='block_1_19' title="bbox 721 2338 1579 2385">
    <p class='ocr_par' dir='ltr' id='par_1_24' title="bbox 721 2338 1579 2385">
     <span class='ocr_line' id='line_1_69' title="bbox 721 2338 1579 2385; baseline -0.005 -9"><span class='ocrx_word' id='word_1_365' title='bbox 721 2348 735 2363; x_wconf 82' lang='lat' dir='ltr'>e</span> <span class='ocrx_word' id='word_1_366' title='bbox 745 2347 773 2362; x_wconf 74' lang='lat'>²⁵</span> <span class='ocrx_word' id='word_1_367' title='bbox 822 2356 829 2363; x_wconf 95' lang='lat'><strong>·</strong></span> <span class='ocrx_word' id='word_1_368' title='bbox 894 2339 1012 2385; x_wconf 82' lang='lat' dir='ltr'>scripti</span> <span class='ocrx_word' id='word_1_369' title='bbox 1027 2351 1196 2383; x_wconf 84' lang='lat' dir='ltr'>quamque.</span> <span class='ocrx_word' id='word_1_370' title='bbox 1209 2341 1343 2373; x_wconf 71' lang='lat' dir='ltr'>Fallere</span> <span class='ocrx_word' id='word_1_371' title='bbox 1340 2341 1451 2385; x_wconf 83' lang='lat' dir='ltr'>fidem</span> <span class='ocrx_word' id='word_1_372' title='bbox 1463 2351 1474 2373; x_wconf 88' lang='grc'>,·</span> <span class='ocrx_word' id='word_1_373' title='bbox 1488 2338 1579 2372; x_wconf 86' lang='lat' dir='ltr'>nihil</span> 
     </span>
    </p>
   </div>
   <div class='ocr_carea' id='block_1_20' title="bbox 894 2391 1582 2852">
    <p class='ocr_par' dir='ltr' id='par_1_25' title="bbox 894 2391 1580 2636">
     <span class='ocr_line' id='line_1_70' title="bbox 895 2391 1579 2438; baseline -0.001 -12"><span class='ocrx_word' id='word_1_374' title='bbox 895 2392 1003 2438; x_wconf 80' lang='lat' dir='ltr'>magis</span> <span class='ocrx_word' id='word_1_375' title='bbox 1019 2391 1161 2425; x_wconf 81' lang='lat' dir='ltr'>obvium</span> <span class='ocrx_word' id='word_1_376' title='bbox 1177 2391 1268 2437; x_wconf 89' lang='lat' dir='ltr'>apud</span> <span class='ocrx_word' id='word_1_377' title='bbox 1284 2391 1395 2426; x_wconf 86' lang='lat' dir='ltr'>bonos</span> <span class='ocrx_word' id='word_1_378' title='bbox 1411 2398 1579 2426; x_wconf 85' lang='lat' dir='ltr'>auctores.</span> 
     </span>
     <span class='ocr_line' id='line_1_71' title="bbox 896 2442 1580 2480; baseline -0.003 -1"><span class='ocrx_word' id='word_1_379' title='bbox 896 2445 1020 2480; x_wconf 87' lang='lat' dir='ltr'>Senec.</span> <span class='ocrx_word' id='word_1_380' title='bbox 1034 2442 1142 2477; x_wconf 60' lang='lat' dir='ltr'>unde</span> <span class='ocrx_word' id='word_1_381' title='bbox 1157 2442 1280 2477; x_wconf 89' lang='lat' dir='ltr'>Benes.</span> <span class='ocrx_word' id='word_1_382' title='bbox 1290 2457 1318 2478; x_wconf 92' lang='lat' dir='ltr'>c.</span> <span class='ocrx_word' id='word_1_383' title='bbox 1333 2446 1391 2478; x_wconf 86' lang='lat'>15:</span> <span class='ocrx_word' id='word_1_384' title='bbox 1407 2458 1423 2473; x_wconf 87' lang='lat'>«</span> <span class='ocrx_word' id='word_1_385' title='bbox 1438 2443 1490 2477; x_wconf 84' lang='lat' dir='ltr'>Ita</span> <span class='ocrx_word' id='word_1_386' title='bbox 1504 2454 1580 2477; x_wconf 86' lang='lat' dir='ltr'>non</span> 
     </span>
     <span class='ocr_line' id='line_1_72' title="bbox 894 2494 1579 2539; baseline -0.003 -8"><span class='ocrx_word' id='word_1_387' title='bbox 894 2496 1074 2532; x_wconf 86' lang='lat' dir='ltr'>honestius</span> <span class='ocrx_word' id='word_1_388' title='bbox 1094 2501 1169 2529; x_wconf 87' lang='lat' dir='ltr'>erat</span> <span class='ocrx_word' id='word_1_389' title='bbox 1195 2508 1214 2529; x_wconf 90' lang='lat' dir='ltr'>a</span> <span class='ocrx_word' id='word_1_390' title='bbox 1241 2495 1449 2539; x_wconf 85' lang='lat' dir='ltr'>quibusdam</span> <span class='ocrx_word' id='word_1_391' title='bbox 1469 2494 1579 2529; x_wconf 85' lang='lat' dir='ltr'>fidem</span> 
     </span>
     <span class='ocr_line' id='line_1_73' title="bbox 894 2546 1578 2592; baseline -0.006 -8"><span class='ocrx_word' id='word_1_392' title='bbox 894 2548 986 2591; x_wconf 87' lang='lat' dir='ltr'>salli,</span> <span class='ocrx_word' id='word_1_393' title='bbox 1011 2559 1117 2592; x_wconf 90' lang='lat' dir='ltr'>quam</span> <span class='ocrx_word' id='word_1_394' title='bbox 1139 2546 1181 2581; x_wconf 86' lang='lat' dir='ltr'>ab</span> <span class='ocrx_word' id='word_1_395' title='bbox 1205 2547 1368 2581; x_wconf 83' lang='lat' dir='ltr'>omnibus</span> <span class='ocrx_word' id='word_1_396' title='bbox 1393 2546 1578 2592; x_wconf 83' lang='lat' dir='ltr'>perfidiam</span> 
     </span>
     <span class='ocr_line' id='line_1_74' title="bbox 895 2601 1055 2636; baseline -0.019 0"><span class='ocrx_word' id='word_1_397' title='bbox 895 2601 1023 2636; x_wconf 87' lang='lat' dir='ltr'>timeri.</span> <span class='ocrx_word' id='word_1_398' title='bbox 1038 2615 1055 2630; x_wconf 88' lang='lat'>»</span> 
     </span>
    </p>

    <p class='ocr_par' dir='ltr' id='par_1_26' title="bbox 895 2651 1582 2852">
     <span class='ocr_line' id='line_1_75' title="bbox 940 2651 1582 2687; baseline -0.006 0"><span class='ocrx_word' id='word_1_399' title='bbox 940 2667 993 2687; x_wconf 62' lang='grc' dir='ltr'>αι.</span> <span class='ocrx_word' id='word_1_400' title='bbox 1013 2654 1136 2687; x_wconf 75' lang='lat' dir='ltr'><em>Omnia</em></span> <span class='ocrx_word' id='word_1_401' title='bbox 1149 2654 1187 2685; x_wconf 76' lang='grc' dir='ltr'>,η’</span> <span class='ocrx_word' id='word_1_402' title='bbox 1194 2653 1344 2685; x_wconf 78' lang='lat' dir='ltr'>veniant.</span> <span class='ocrx_word' id='word_1_403' title='bbox 1362 2651 1412 2684; x_wconf 82' lang='lat' dir='ltr'>Ut</span> <span class='ocrx_word' id='word_1_404' title='bbox 1421 2652 1582 2684; x_wconf 66' lang='lat' dir='ltr'>eueniant</span> 
     </span>
     <span class='ocr_line' id='line_1_76' title="bbox 896 2701 1579 2752; baseline -0.007 -12"><span class='ocrx_word' id='word_1_405' title='bbox 896 2705 1039 2752; x_wconf 88' lang='lat' dir='ltr'>quidam</span> <span class='ocrx_word' id='word_1_406' title='bbox 1065 2718 1105 2739; x_wconf 87' lang='lat' dir='ltr'>ex</span> <span class='ocrx_word' id='word_1_407' title='bbox 1124 2703 1346 2746; x_wconf 78' lang='lat' dir='ltr'>melioribus,</span> <span class='ocrx_word' id='word_1_408' title='bbox 1373 2701 1480 2735; x_wconf 84' lang='lat' dir='ltr'>etiam</span> <span class='ocrx_word' id='word_1_409' title='bbox 1503 2702 1579 2736; x_wconf 87' lang='lat' dir='ltr'>Pu-</span> 
     </span>
     <span class='ocr_line' id='line_1_77' title="bbox 895 2753 1579 2800; baseline -0.006 -7"><span class='ocrx_word' id='word_1_410' title='bbox 895 2765 1040 2793; x_wconf 85' lang='lat' dir='ltr'>teaneus</span> <span class='ocrx_word' id='word_1_411' title='bbox 1057 2770 1075 2791; x_wconf 84' lang='lat' dir='ltr'>a</span> <span class='ocrx_word' id='word_1_412' title='bbox 1092 2768 1202 2791; x_wconf 87' lang='lat' dir='ltr'>manu</span> <span class='ocrx_word' id='word_1_413' title='bbox 1217 2755 1352 2800; x_wconf 86' lang='lat' dir='ltr'>prima;</span> <span class='ocrx_word' id='word_1_414' title='bbox 1380 2761 1475 2788; x_wconf 86' lang='lat' dir='ltr'>recte</span> <span class='ocrx_word' id='word_1_415' title='bbox 1492 2766 1501 2789; x_wconf 69' lang='grc' dir='ltr'><em>ι</em></span> <span class='ocrx_word' id='word_1_416' title='bbox 1518 2753 1579 2799; x_wconf 80' lang='lat' dir='ltr'>qui</span> 
     </span>
     <span class='ocr_line' id='line_1_78' title="bbox 897 2805 1578 2852; baseline -0.012 -5"><span class='ocrx_word' id='word_1_417' title='bbox 897 2824 997 2847; x_wconf 86' lang='lat' dir='ltr'>error</span> <span class='ocrx_word' id='word_1_418' title='bbox 1009 2823 1050 2845; x_wconf 82' lang='lat' dir='ltr'>ex</span> <span class='ocrx_word' id='word_1_419' title='bbox 1060 2809 1201 2845; x_wconf 81' lang='lat' dir='ltr'>elisione</span> <span class='ocrx_word' id='word_1_420' title='bbox 1215 2805 1388 2842; x_wconf 84' lang='lat' dir='ltr'>vocalium</span> <span class='ocrx_word' id='word_1_421' title='bbox 1403 2805 1578 2852; x_wconf 80' lang='lat' dir='ltr'>profluxit.</span> 
     </span>
    </p>
   </div>
   <div class='ocr_carea' id='block_1_21' title="bbox 1344 2899 1392 2925">
    <p class='ocr_par' dir='ltr' id='par_1_27' title="bbox 1344 2899 1392 2925">
     <span class='ocr_line' id='line_1_79' title="bbox 1344 2899 1392 2925; baseline 0 0"><span class='ocrx_word' id='word_1_422' title='bbox 1344 2899 1392 2925; x_wconf 89' lang='lat'>10</span> 
     </span>
    </p>
   </div>
  </div>
 </body>
</html>
