1884 3112
296 228 384 275 330

698 227 1047 274 EPISTOLA
1081 227 1298 276 XVIII.

359 320 543 383 Currere
566 337 635 369 me
658 331 767 368 nota
786 340 867 369 nec
887 320 1120 407 patiuntur
1141 339 1276 387 aqua.
1267 321 1287 355 Ρ

294 397 397 463 Ipsa
418 395 540 444 vides
563 394 714 445 caelum
737 394 834 462 pice
857 396 1050 459 nigrius3
1076 407 1121 444 et
1142 393 1254 445 freta
1275 394 1418 443 ventis

358 473 578 531 Turbida,
599 492 764 540 perque
789 492 912 522 cavas
934 473 1006 521 vix
1026 473 1231 521 obeunda
1253 484 1382 521 rates.

298 551 450 608 Unus,
476 561 521 598 et
541 549 614 598 hic
637 549 799 608 audax,
826 570 851 598 a
871 569 959 616 quo
984 550 1068 598 tibi
1091 549 1215 599 litera
1238 561 1390 598 nostra

365 626 586 676 Redditur
600 664 612 686 ,
637 647 662 675 a
684 639 819 695 portu
843 628 989 676 navita
1010 628 1148 676 movit
1167 629 1263 677 iter.
1672 651 1710 674 ιο

297 765 428 803 rentur,
456 769 606 808 quatuor
621 762 755 798 codices
778 775 852 798 non
881 776 974 798 con-

298 814 500 849 temnendae
523 821 634 850 notae:
659 821 695 849 et
716 821 793 849 tum
815 815 974 860 sequenti

298 879 401 900 versu
411 869 591 911 patiantur
607 879 744 912 quoque
760 867 803 901 sit
821 867 976 902 scriben-

300 918 386 952 dum
404 944 414 962 ‚
438 918 615 963 quomodo
642 931 731 953 unus
758 919 896 964 Regius.
925 919 977 953 Ex

300 970 465 1005 Scriverii
498 982 636 1015 quoque
666 971 878 1005 membranis
911 970 978 1016 legi

300 1029 414 1069 posset
428 1048 436 1066 ,
460 1035 538 1056 nam
555 1035 615 1057 cur
626 1034 701 1057 mea
715 1024 793 1056 vela
807 1026 978 1056 morentur.

303 1075 514 1111 Patavianus
531 1101 540 1119 ,
579 1087 641 1109 nec
659 1077 844 1118 poliantur.
881 1074 979 1108 Mola

302 1139 392 1172 aqua
404 1139 468 1172 pro
484 1130 566 1161 nolu
583 1126 715 1160 Moreti
727 1125 835 1160 codex
848 1138 856 1160 :
874 1127 978 1160 dubia

303 1179 416 1225 prima
434 1178 549 1213 editio.
567 1178 700 1213 HEINS.
723 1197 768 1204 -
781 1179 881 1212 Mota
891 1189 980 1222 aqua

303 1243 377 1266 non
406 1230 502 1264 facile
525 1229 668 1275 quidem
695 1228 953 1274 repudiandum
967 1245 976 1271 ς

304 1284 469 1327 frequens
495 1283 590 1316 enim
618 1281 676 1316 illa
701 1294 767 1315 vox
793 1281 921 1326 poetis,
945 1286 981 1315 et

306 1336 451 1379 confusa
465 1347 546 1369 cum
562 1339 654 1369 nola.
677 1333 807 1368 BURM.

351 1401 368 1434 7
374 1413 381 1420 .
388 1388 468 1430 Ipsa
474 1387 570 1421 vides
581 1388 696 1420 caelum
702 1389 779 1429 pice
787 1387 913 1428 nigrius
919 1389 982 1418 etc.

306 1438 568 1483 Tempestatem
583 1437 630 1472 sic
643 1438 796 1471 Musaeus
810 1436 982 1479 describit,

306 1490 344 1525 in
362 1503 429 1534 qua
445 1490 548 1535 periit
564 1489 742 1531 Leander3
762 1489 827 1535 309
840 1514 849 1531 ,
868 1500 951 1532 sqq:

308 1546 373 1586 Νὺξ
384 1544 430 1585 ἦν,
442 1558 503 1577 ευτε
510 1542 632 1586 μάλιςοι
643 1546 863 1591 βαρυπνειοντες
878 1540 983 1583 αῆται,

308 1598 475 1647 Χειμερίῃς
498 1601 635 1644 πνοιῆσιν
655 1593 853 1633 ακοντίζοντες
870 1592 961 1632 ἄῆται
973 1616 983 1634 ,

308 1648 435 1695 AOFo'ov'
423 1650 617 1690 εμπίπτουσιν
627 1647 675 1679 ἐπὶ
686 1647 812 1694 {myst-lv:
827 1644 987 1682 θαλάσσης

312 1711 356 1747 Δὴ
379 1708 443 1741 τότε
468 1707 629 1754 Λειανδρός
645 1720 717 1754 περ,
738 1706 874 1747 ἔθήμονσς
890 1704 987 1737 &mest
1011 1705 1013 1708 ’

399 1772 515 1801 Ὴμῗης
526 1782 535 1800 ι

313 1810 516 1853 Δυσχελάδων
544 1809 686 1856 πεφᾶρητο
718 1810 905 1842 eumenem
942 1807 989 1842 ε’πὶ

327 1905 339 1912 .,
401 1875 511 1895 νωτων.

313 1916 378 1952 HQ
407 1915 519 1956 κύματι
540 1918 621 1956 κῦμα
652 1914 801 1947 κυλίνδετο
818 1936 828 1954 ,
857 1911 989 1955 σῦγχυτο

405 1963 433 1999 δ’
455 1968 533 2014 {56⁸on
548 1990 558 2008 ‚

314 2014 428 2067 ’Afflipz
449 2022 573 2061 μίσγετο
595 2019 695 2056 πέντος
711 2042 722 2061 ,
755 2017 888 2067 ἄνέργετο
907 2016 990 2050 πάν-

405 2076 484 2105 τοθεν
504 2073 567 2114 ἠχὴ

317 2125 521 2168 Μαρναμένων
532 2122 577 2156 ἂν
572 2122 785 2171 ‘'fawv’Zcqu'fcp
798 2119 825 2156 δ’
845 2120 993 2156 ἀνι-ἔπνεεν

408 2178 500 2224 Εὖρος
518 2201 528 2219 ‚

319 2232 383 2264 Koa
404 2230 496 2265 Notos·
526 2229 553 2265 ἔς
584 2227 690 2276 Βορέην
720 2224 851 2269 μεγάλας
871 2223 994 2269 ἀφέηκεν

407 2278 539 2317 ἄπειλας

321 2335 386 2367 Καὶ
400 2333 504 2370 κτύπος
521 2332 555 2372 ἦν
572 2331 696 2374 ἁλίας-ος
717 2330 925 2379 ε’[ιισμαράγοιι
949 2334 996 2364 θα·

412 2384 537 2423 λάσσης.

325 2434 399 2479 Qui
416 2435 557 2480 quidem
570 2447 706 2478 versus,
736 2446 845 2479 quum
858 2444 932 2467 non
947 2430 994 2466 ita

324 2487 444 2532 procul
473 2487 515 2521 ab
544 2487 704 2521 Homero
734 2485 899 2520 recedant
911 2510 921 2528 ‚
957 2489 998 2517 ut

322 2551 514 2572 numerum
527 2539 564 2573 in
582 2538 644 2573 illis
659 2545 693 2573 et
710 2536 898 2583 quamdam
917 2548 998 2570 ver—

324 2591 450 2625 borum
463 2590 693 2636 granditatem
708 2589 879 2624 desideres
893 2615 901 2632 ,
920 2600 993 2622 non

324 2642 362 2677 hi
377 2650 458 2678 sunt
474 2650 590 2678 tamen
601 2669 610 2685 ,
637 2655 717 2677 meo
734 2641 875 2686 quidem
897 2639 996 2685 judi-

325 2695 378 2730 cio
391 2721 401 2739 ,
426 2695 521 2730 unde
539 2708 619 2730 cum
640 2694 710 2729 Jul.
729 2693 815 2729 Caes.
838 2691 998 2737 Scaliger.

330 2747 475 2790 (Poetic.
490 2759 525 2791 v,
539 2748 574 2791 α)
586 2747 719 2792 colligas
736 2745 860 2781 Musaei
870 2743 998 2791 stylum

1040 777 1111 800 esse
1129 763 1320 799 Homerico
1338 765 1435 808 longe
1451 763 1641 807 politiorem
1655 763 1714 796 al-

1039 829 1101 863 que
1114 821 1334 863 comptiorem.
1346 818 1483 852 Verum
1494 815 1557 851 sihi
1568 826 1712 860 persua-

1040 877 1130 905 serat
1162 869 1215 903 vir
1250 868 1464 904 doctissimus
1481 894 1491 912 ,
1527 866 1587 902 sed
1618 866 1713 901 idem

1042 921 1250 967 quandoque
1259 924 1515 971 Παραδσξὸτατος,
1527 931 1600 953 ιιοιι
1610 917 1716 953 aliurn

1042 974 1085 1008 de
1098 974 1259 1008 Herus-et
1270 971 1420 1007 Leandri
1430 970 1604 1007 amoribus
1613 970 1715 1016 scrip*

1041 1025 1119 1060 sisse
1133 1052 1143 1070 ,
1170 1038 1275 1071 quam
1298 1025 1482 1070 antiquum
1502 1023 1598 1063 hunc
1621 1023 1716 1057 Mu-

1041 1090 1148 1113 saeum
1160 1103 1171 1121 ‚
1197 1090 1302 1123 quem
1329 1075 1493 1122 Virgilius
1510 1075 1604 1120 ficit
1613 1078 1717 1119 prin—

1042 1133 1148 1174 cipem
1166 1131 1404 1176 Elysiacarum
1431 1131 1633 1163 cantionum.
1667 1125 1725 1160 ld.-

1043 1180 1124 1215 ibid.
1134 1180 1172 1216 Si
1185 1181 1260 1227 quis
1271 1192 1354 1215 vero
1365 1180 1402 1214 in
1414 1178 1618 1225 opinionem
1626 1177 1717 1212 hanc

1045 1232 1280 1276 descenderit,
1308 1231 1388 1266 huic
1404 1242 1468 1276 ego
1481 1242 1559 1264 sum
1576 1230 1714 1272 auctor,

1045 1292 1085 1319 ut
1094 1298 1174 1320 cum
1186 1283 1371 1319 Harduino
1383 1281 1546 1325 AEneida,
1557 1288 1594 1316 et
1602 1280 1715 1316 Flacci

1046 1338 1173 1385 lyrica,
1190 1336 1296 1371 veluti
1313 1334 1460 1371 totidem
1472 1333 1605 1379 spurios
1620 1333 1721 1367 soetus

1044 1397 1080 1424 et
1096 1389 1308 1424 adulterinos
1321 1414 1330 1432 ,
1356 1400 1397 1422 ex
1412 1385 1592 1431 utriusque
1609 1390 1721 1431 poetae

1044 1442 1204 1487 operibus
1220 1441 1337 1486 jubeat
1353 1438 1500 1474 exulare.
1517 1435 1598 1472 Vid.
1617 1437 1720 1471 Heiu-

1045 1497 1126 1529 πίε-ᾗ.
1143 1494 1280 1529 Praesat.
1302 1492 1345 1528 ad
1363 1493 1567 1527 Musaeums

1087 1548 1117 1581 8.
1133 1549 1258 1592 Perque
1269 1559 1371 1582 cauas
1383 1549 1444 1581 vix
1458 1545 1611 1581 obeunda
1619 1547 1722 1579 rates.

1047 1601 1222 1639 Adeundu,
1228 1600 1381 1645 quinque
1389 1598 1502 1644 scripti
1514 1610 1522 1634 2
1530 1604 1600 1633 tres
1606 1599 1726 1633 obeun-

1048 1655 1108 1687 da:
1118 1653 1210 1698 quod
1221 1665 1343 1688 verum
1351 1659 1412 1687 est.
1422 1651 1479 1687 Sic
1488 1651 1552 1697 Ep.
1561 1661 1637 1694 xvr,
1651 1664 1664 1684 1
1672 1651 1724 1695 75:

1049 1715 1153 1746 Sceptra

1080 1762 1190 1787 Finibus
1198 1761 1329 1786 iimmenss

1164 1722 1254 1746 pareus
1266 1713 1352 1743 Asin»,
1369 1721 1420 1746 qua
1430 1711 1504 1737 nulla
1514 1710 1613 1736 beatior
1621 1717 1666 1735 om
1673 1715 1725 1740 est,

1318 1761 1407 1785 siovx
1393 1760 1439 1784 obe
1443 1759 1562 1784 unndate
1563 1763 1598 1783 et.
1611 1758 1718 1783 Hans.

1096 1823 1147 1845 ιο.
1173 1811 1209 1844 A
1228 1814 1327 1855 portu
1349 1812 1464 1844 nanda
1484 1807 1579 1852 ficit
1601 1809 1674 1841 iter.
1691 1807 1729 1840 Ε

1044 1868 1144 1910 portu
1154 1864 1322 1910 potiores3
1338 1869 1377 1896 ut
1388 1869 1423 1896 et
1431 1863 1534 1896 movit
1544 1854 1630 1894 1te'r:
1641 1872 1728 1905 quos

1051 1923 1186 1951 secutus
1207 1927 1313 1950 sum·
1330 1925 1529 1959 quanquam
1551 1909 1729 1963 Propertii

1052 1967 1114 2002 ista
1130 1980 1251 2002 succu1
1252 1973 1355 2009 runt,
1371 1976 1407 2009 1,
1427 1964 1522 2010 Eleg.
1539 1974 1599 2008 17:

1084 2022 1186 2047 Primus
1198 2028 1220 2046 el
1235 2021 1317 2045 invito
1330 2020 1465 2052 gurgitee
1441 2018 1465 2042 se
1466 2018 1502 2043 eit
1516 2018 1564 2042 ietr
1552 2025 1572 2042 r.

1055 2063 1155 2098 Alter
1181 2060 1434 2102 Mentelianus,
1459 2059 1560 2092 soluit
1580 2060 1652 2091 iter.
1680 2055 1727 2090 H.

1054 2117 1176 2151 Posset
1193 2112 1326 2148 firmari
1342 2124 1382 2146 ex
1397 2110 1460 2144 illis
1472 2109 1729 2151 Flor.111,10:

1057 2166 1212 2211 ‹Quum
1227 2164 1327 2199 tertia
1334 2162 1446 2208 vigilia
1455 2160 1599 2194 Morino
1609 2158 1730 2194 solvis-

1055 2224 1107 2252 set
1123 2230 1141 2250 a
1154 2223 1303 2262 portu.»
1296 2214 1375 2248 ›Et
1390 2219 1558 2258 praeterea
1583 2211 1635 2245 his
1659 2208 1730 2244 Ci-

1057 2270 1190 2306 ceronis
1206 2281 1268 2315 pro
1290 2260 1462 2309 Murena,
1488 2279 1522 2298 11
1547 2277 1556 2298 :
1581 2278 1598 2294 «
1620 2261 1730 2307 Quod

1057 2322 1084 2355 si
1100 2328 1203 2367 portu
1224 2318 1458 2360 solventibus,
1479 2317 1507 2351 si
1524 2315 1583 2361 qui
1598 2315 1672 2360 jam
1691 2314 1729 2348 in

1057 2379 1162 2418 portu
1175 2386 1215 2407 ex
1227 2371 1294 2406 alto
1307 2343 1532 2410 invehuxitur‚
1545 2365 1731 2412 praecipere

1059 2427 1202 2461 solent.
1203 2427 1316 2459 ›Fecit
1326 2427 1399 2464 iter,
1415 2433 1487 2455 non
1499 2420 1631 2466 placet·
1624 2445 1633 2461 ,
1652 2417 1732 2462 quia

1060 2493 1169 2526 quum
1198 2477 1387 2524 Epistolam
1414 2474 1596 2516 traderet,
1625 2476 1731 2505 nauta

1060 2548 1131 2569 mos
1126 2536 1227 2573 ebul
1247 2531 1281 2565 id
1299 2537 1370 2574 est,
1392 2526 1575 2572 incipiebat
1590 2525 1674 2565 iter3
1691 2527 1732 2556 ut

1060 2597 1186 2620 movere
1200 2587 1332 2623 castra,
1347 2588 1383 2615 et
1398 2578 1596 2624 simpliciter
1605 2586 1731 2610 movere

1062 2637 1128 2671 dici
1153 2642 1278 2670 notum
1300 2639 1352 2667 est
1372 2645 1380 2666 ε
1394 2630 1515 2676 facere
1535 2638 1617 2662 vero
1639 2625 1706 2659 iter
1719 2649 1729 2668 ,

1061 2690 1136 2735 plus
1152 2695 1259 2723 notat.
1281 2686 1339 2721 Sic
1353 2697 1441 2730 saepe
1456 2680 1546 2729 apud
1562 2681 1729 2718 Nostrum

1062 2745 1152 2776 viam
1162 2740 1292 2786 sucere-
1318 2737 1444 2773 Bunm.
