1884 3112
489 254 885 301 HYPSIPYLE
920 243 1179 300 JAs-o‘m.

1474 271 1555 316 129

127 349 279 402 Tertia
297 348 453 399 messis
477 359 591 407 erat,
619 366 758 415 quum
779 359 828 396 tu
842 386 854 406 ‚
882 347 983 397 dare
1005 346 1102 397 vela
1124 357 1320 405 coactus,

192 426 394 501 Implesti
416 426 608 476 lacrimis
633 426 738 476 talia
759 426 894 475 verba
916 426 1033 474 tuis:

129 504 412 570 Abstrahor,¹
427 502 672 571 Hypsipyle
691 523 701 552 :
719 503 818 562 sed,
845 503 951 552 dent
971 502 1108 551 modo
1132 502 1223 551 fata
1243 520 1469 562 recursus,

195 582 279 631 Vir
299 593 404 632 tuus
425 581 531 631 hinc
553 581 666 630 abeo
687 601 698 630 :
717 581 786 629 vir
810 580 895 628 tibi
919 598 1093 646 semper
1116 598 1206 628 ero.
1510 594 1555 627 60

130 659 273 726 Quod
293 671 438 710 tamen
459 678 483 709 e
505 659 638 708 nobis
662 657 840 722 gravida
863 656 1030 706 celatur
1053 657 1101 704 in
1126 655 1246 715 alvo,

197 737 350 795 Vivat;
373 746 418 786 et
437 735 633 802 ejusdem
657 735 795 783 simus
818 746 1005 800 uterque
1029 752 1202 800 parens.

133 814 359 864 Hactenus
377 833 388 863 ε
409 825 474 873 et,
496 812 687 862 lacrimis
710 812 758 860 in
780 811 890 860 falsa
913 811 1174 860 cadentibus
1197 830 1296 870 ora,

198 892 366 940 Caetera
388 902 430 939 te
451 881 641 939 memini·
655 909 749 938 non
771 889 972 957 potuisse
997 889 1136 955 loqui.

133 967 328 1018 Ultimus
347 987 372 1029 e
390 968 523 1017 sociis
548 987 714 1017 sacram
728 967 988 1017 conscendis
1011 967 1059 1016 in
1071 968 1205 1031 *Argo
1229 987 1241 1016 :
1513 983 1560 1016 65

131 1103 207 1151 gius
228 1111 367 1151 tempus
382 1104 510 1150 placuit
523 1130 534 1150 ‚
571 1105 652 1150 quia
667 1104 755 1140 duos
776 1118 818 1140 ex

131 1152 201 1192 hoc
219 1157 315 1192 coitu
338 1156 426 1192 filios
445 1164 546 1192 natos
567 1157 695 1192 sciebat
709 1183 719 1201 ‚
742 1159 817 1192 Eu-

131 1221 230 1244 neam
236 1209 623 1257 etDeipbiIum.Hygin.
632 1209 715 1243 Fab.
725 1219 773 1243 xv
780 1215 817 1244 et

133 1271 307 1298 chxxnl.
326 1263 483 1298 Thoanta
494 1268 530 1296 et
546 1263 698 1296 Euneum
716 1267 816 1296 vocat

133 1313 250 1349 Lutat.
265 1313 310 1349 ad
325 1313 412 1349 Stat.
431 1323 483 1347 vx.
506 1312 619 1347 Theb.
643 1313 728 1356 3403
754 1311 815 1346 sed

133 1365 293 1412 geminos
304 1365 450 1411 peperit.
461 1364 548 1399 Stat.
561 1376 599 1407 v,
611 1364 724 1398 Theb.
738 1363 815 1407 464,

133 1424 170 1453 et
184 1417 315 1454 Noster
326 1417 397 1463 ipse
413 1429 513 1459 mox,
535 1429 606 1450 121.
627 1414 759 1450 BURM.

179 1470 232 1517 57.
254 1470 351 1504 Dan·
363 1471 442 1503 uela
451 1471 599 1502 coactus.
611 1466 767 1502 Instante
778 1465 817 1500 in

134 1521 256 1569 primis
270 1519 425 1556 Hercule
437 1546 447 1565 ,
463 1519 523 1566 qui
537 1517 745 1554 conficiendi
758 1517 817 1552 iti-

134 1574 229 1610 neris
253 1572 457 1619 impatiens,
485 1571 524 1606 in
551 1583 640 1605 nave
664 1582 816 1604 reman—

131 1632 238 1671 serat,
246 1637 317 1673 quo
323 1623 451 1670 majori
458 1622 606 1670 exempli
613 1622 818 1657 auctoritate

132 1675 369 1714 Lemniadum
389 1675 558 1711 illecebris
571 1681 688 1721 captos
703 1679 819 1720 posset

131 1729 243 1766 socios
249 1729 442 1775 increpare.
456 1726 650 1771 caeterum,
659 1739 751 1761 unus
760 1726 819 1761 in—

132 1788 188 1818 ter
204 1787 324 1829 poetas
347 1779 516 1824 Ovidius,
545 1779 607 1825 qui
627 1778 671 1813 de
693 1779 818 1824 Argo-

132 1834 249 1870 nautis
271 1838 506 1869 narraverunt
517 1858 527 1877 ‚
554 1838 627 1866 tres·
653 1843 763 1866 annos
779 1831 818 1865 in

133 1887 273 1922 Lemno
310 1886 516 1921 immoratos
551 1888 818 1919 commemorat.

135 1938 220 1975 Vid.
234 1937 397 1985 Aponon.
413 1936 493 1972 Val.
507 1935 619 1971 Flacc.

180 1992 234 2027 58.
254 1992 412 2036 Implesti
429 1991 579 2024 lacrimis
600 1990 688 2023 talia
716 1989 820 2022 verba

135 2046 216 2079 tais.
229 2043 330 2078 Malo
345 2044 495 2077 lacn'mis
508 2044 598 2083 suis,
622 2041 678 2076 vel
695 2047 818 2076 contra

137 2093 820 2132 membranammauctoritatemflmns.

138 2147 213 2184 Sed
237 2160 301 2183 cur
320 2159 396 2182 non
419 2151 498 2181 tuas
519 2147 679 2181 lacrimas
693 2172 702 2187 ,
730 2158 820 2191 per-

139 2199 227 2235 fidas
237 2225 248 2244 ,
276 2199 340 2234 tibi
362 2199 503 2234 usitatas
513 2225 523 2243 ,
539 2197 763 2244 interpretari
778 2197 823 2232 li-

140 2258 217 2288 ceat
227 2278 238 2296 ,
259 2257 296 2287 et
306 2251 356 2286 ita
365 2243 526 2287 codicum
536 2251 698 2286 omnium
710 2249 820 2285 fidem

138 2303 238 2350 sequi
249 2303 266 2338 ἐ’
294 2302 426 2338 Bmun.
441 2321 485 2329 —
499 2304 655 2348 Implesli
672 2305 821 2338 Iacn'mt's

138 2358 252 2391 verba.
264 2355 407 2391 Poetica
419 2367 502 2390 sane
512 2362 548 2390 et
557 2355 702 2390 feliciter
711 2354 822 2388 audax

138 2409 269 2444 locutio
279 2407 354 2442 haec
363 2433 373 2452 ,
388 2408 524 2452 implete
536 2409 640 2441 verba
648 2409 819 2449 lacrimis5

139 2461 235 2507 quod
251 2459 396 2507 quidem
414 2459 527 2495 soluta
545 2460 657 2494 oratio
676 2472 822 2505 expres-

136 2513 235 2549 sisset
252 2525 260 2548 :
275 2513 354 2549 Non
360 2514 511 2557 potuisti
518 2514 598 2557 quin
602 2513 718 2556 fleres,
736 2513 824 2546 talia

137 2566 290 2600 dicendo.
314 2564 390 2610 Qui
410 2564 511 2599 limes
525 2576 729 2599 sermonem
743 2577 823 2599 me-

139 2617 268 2653 tricum
281 2629 302 2652 a
317 2615 470 2664 pedestri
488 2615 714 2652 discriminat.

183 2671 236 2718 59.
253 2670 324 2705 Sed
342 2671 427 2704 dent
448 2671 545 2704 modo
553 2669 640 2714 sata
663 2682 821 2705 recursus.

142 2720 201 2757 Sic
207 2722 287 2758 libri
299 2722 471 2759 meliores.
486 2722 555 2756 Alii
567 2735 575 2757 :
591 2723 718 2758 Sidere!
725 2723 823 2760 modo

136 2773 220 2817 sata
233 2787 408 2811 recursum.
427 2775 560 2810 Hssms.

304 2857 345 2900 Ι.

918 1104 979 1139 -60,
1017 1107 1081 1140 Vir
1100 1109 1187 1139 tuus.
1214 1103 1421 1151 Apollonius
1446 1103 1503 1139 lib.
1520 1115 1534 1139 1
1549 1131 1560 1148 ,

882 1157 946 1205 892
958 1163 994 1192 et
1002 1170 1076 1203 sqq.
1090 1157 1191 1204 fingit
1208 1157 1377 1192 Jasonem
1392 1169 1467 1192 non
1483 1170 1561 1203 pro-

881 1209 1011 1244 misisse
1029 1209 1184 1244 reditum
1196 1236 1205 1252 ,
1229 1222 1345 1254 neque
1368 1221 1452 1255 ergo
1467 1221 1562 1244 con-

880 1261 1048 1304 nubium;
1059 1261 1119 1297 sed
1131 1262 1280 1307 petiisse,
1292 1268 1331 1296 ut
1341 1273 1492 1307 puerum
1503 1274 1563 1297 na-

881 1319 957 1347 tum
968 1313 1031 1348 sibi
1042 1313 1080 1347 in
1092 1313 1305 1349 Thessaliam
1316 1314 1482 1349 mitteret.
1494 1314 1562 1348 Mi-

881 1377 949 1399 nus
964 1371 1057 1400 certe
1076 1365 1254 1400 amatorie.
1270 1365 1400 1401 BURM.

925 1416 979 1451 61.
999 1418 1100 1461 Quod
1111 1421 1224 1452 tamen
1234 1424 1298 1453 etc.
1315 1416 1488 1463 Quamvis
1500 1419 1565 1454 in-

880 1468 971 1503 vitus
989 1481 1007 1503 a
1024 1476 1058 1504 te
1076 1469 1278 1514 abstrahar,
1305 1474 1419 1515 vimt‚·
1439 1470 1475 1505 id
1493 1478 1543 1506 est
1555 1498 1565 1516 ,

881 1532 928 1555 ne
943 1520 1054 1556 dolori
1067 1520 1180 1556 nimio
1194 1521 1374 1568 indulgeas
1387 1549 1397 1567 ,
1428 1530 1467 1558 ut
1483 1537 1565 1559 ser-

881 1579 983 1607 vetur
996 1599 1005 1615 ‚
1021 1579 1057 1607 et
1072 1577 1180 1614 vivat,
1199 1573 1293 1618 quod
1310 1582 1420 1619 gestas
1434 1576 1472 1610 in
1488 1576 1565 1610 alvo

883 1624 1011 1659 amoris
1027 1625 1138 1659 nostri
1154 1625 1289 1671 pignus.

926 1676 980 1710 53.
1014 1678 1230 1712 Cadenlibus.
1261 1676 1539 1725 Gottorphianus
1553 1708 1564 1726 ,

872 1729 1059 1774 fluentibus
1073 1740 1086 1771 ‚·
1114 1729 1208 1775 quod
1222 1730 1370 1766 minime
1386 1745 1564 1778 spernen-

883 1780 970 1815 dum
983 1807 992 1825 ‚
1011 1794 1122 1827 quum
1137 1782 1311 1828 majorem
1322 1783 1390 1819 hoc
1404 1784 1482 1820 loco
1493 1785 1564 1820 vim

882 1832 1011 1869 habere
1033 1834 1120 1869 mihi
1135 1834 1315 1878 videatur3
1333 1836 1430 1882 quasi
1440 1845 1565 1883 sponte

883 1891 920 1920 et
933 1885 1084 1921 ubertim
1101 1888 1340 1933 provenerint,
1358 1901 1425 1924 nee
1440 1896 1566 1924 coactae

885 1944 944 1972 aut
963 1938 1132 1974 simulatae
1154 1939 1234 1974 visae
1255 1939 1327 1974 sint
1340 1940 1564 1989 Hypsipylae;

884 1997 989 2036 atque
1015 1991 1063 2025 ita
1087 1991 1217 2026 facilius
1242 2005 1305 2037 per
1326 1991 1398 2026 illas
1422 1992 1567 2039 decepta

883 2042 999 2077 suerit.
1015 2043 1111 2078 Hinc
1122 2045 1268 2089 flumina
1287 2043 1511 2079 lacrimarum
1533 2052 1568 2080 et

883 2098 1006 2131 imbres
1020 2097 1146 2142 passim
1163 2104 1362 2131 occurrunt.
1376 2096 1508 2134 BURM.
1522 2115 1566 2124 —-

884 2149 1052 2183 Lacn'mis
1074 2152 1110 2183 in
1130 2149 1233 2194 falsa
1260 2150 1460 2184 cadentibus
1493 2162 1566 2184 om.

884 2201 1066 2247 Praefingit
1079 2201 1142 2236 sibi
1156 2201 1360 2247 perfidiam3
1374 2214 1449 2236 non
1469 2202 1565 2237 enim

875 2254 994 2299 salsus
1002 2254 1026 2288 J
1029 2266 1111 2289 ason
1122 2279 1131 2297 ‚
1150 2254 1209 2299 qui
1223 2253 1391 2288 Medeam
1404 2253 1567 2290 nondum

886 2314 1042 2342 noverat.
1056 2307 1170 2341 Verus
1188 2319 1270 2341 vere
1282 2305 1463 2341 discedens
1472 2307 1568 2341 redi-

886 2367 1007 2394 turum
1022 2372 1058 2393 se
1077 2358 1276 2406 Hypsipiles
1291 2362 1398 2394 virum
1419 2359 1497 2403 (vir
1505 2361 1572 2394 libi

885 2425 1018 2457 semper
1026 2411 1104 2454 ero)
1121 2411 1338 2457 promiserat.

938 2466 991 2500 65.
1027 2466 1182 2499 Ultimus.
1204 2463 1314 2510 Atqui
1338 2462 1566 2509 Apollonius,

887 2518 1020 2564 Argon.
1035 2531 1048 2551 1
1056 2543 1065 2561 ,
1074 2529 1153 2564 910,
1164 2517 1319 2563 primum
1328 2528 1456 2550 navem
1465 2528 1568 2551 cons-

886 2569 1041 2606 cendisse
1052 2568 1161 2621 canit,
1181 2569 1237 2604 cui
1252 2567 1376 2603 accinit
1389 2567 1519 2603 Statius
1533 2578 1568 2603 v.

887 2623 999 2659 Theb.
1018 2622 1082 2666 480
1093 2633 1101 2655 ε

986 2675 1126 2709 Primoque
1136 2673 1196 2699 serit
1205 2673 1260 2698 dux
1271 2673 1378 2698 verbere
1390 2677 1509 2706 pontum.

888 2717 1013 2755 Sedilli
1022 2716 1129 2761 magis
1137 2714 1271 2750 solliciti
1280 2713 1444 2748 videntur
1449 2714 1573 2757 suisse,'

887 2777 927 2807 ut
933 2771 1067 2806 bonum
1074 2768 1174 2804 nobis
1182 2766 1307 2803 ducem
1314 2766 1338 2801 J
1340 2778 1566 2813 asona,quam

1361 2868 1389 2909 9
