<?xml version="1.0" encoding="UTF-8"?>
<!DOCTYPE html PUBLIC "-//W3C//DTD XHTML 1.0 Transitional//EN"
    "http://www.w3.org/TR/xhtml1/DTD/xhtml1-transitional.dtd">
<html xmlns="http://www.w3.org/1999/xhtml" xml:lang="en" lang="en">
 <head>
  <title>
</title>
<meta http-equiv="Content-Type" content="text/html;charset=utf-8" />
  <meta name='ocr-system' content='tesseract 3.04.00' />
  <meta name='ocr-capabilities' content='ocr_page ocr_carea ocr_par ocr_line ocrx_word'/>
</head>
<body>
  <div class='ocr_page' id='page_1' title='image "./quaeextantomniao01oviduoft_0164.png"; bbox 0 0 1884 3112; ppageno 0'>
   <div class='ocr_carea' id='block_1_1' title="bbox 289 293 367 338">
    <p class='ocr_par' dir='ltr' id='par_1_1' title="bbox 289 293 367 338">
     <span class='ocr_line' id='line_1_1' title="bbox 289 293 367 338; baseline 0.038 -3"><span class='ocrx_word' id='word_1_1' title='bbox 289 293 367 338; x_wconf 75' lang='lat'><strong>132</strong></span> 
     </span>
    </p>
   </div>
   <div class='ocr_carea' id='block_1_2' title="bbox 735 291 1224 341">
    <p class='ocr_par' dir='ltr' id='par_1_2' title="bbox 735 291 1224 341">
     <span class='ocr_line' id='line_1_2' title="bbox 735 291 1224 341; baseline 0.008 -6"><span class='ocrx_word' id='word_1_2' title='bbox 735 291 1088 337; x_wconf 86' lang='lat' dir='ltr'>EPISTOLA</span> <span class='ocrx_word' id='word_1_3' title='bbox 1133 296 1224 341; x_wconf 89' lang='lat' dir='ltr'><strong>VI.</strong></span> 
     </span>
    </p>
   </div>
   <div class='ocr_carea' id='block_1_3' title="bbox 279 383 1686 832">
    <p class='ocr_par' dir='ltr' id='par_1_3' title="bbox 280 383 1416 527">
     <span class='ocr_line' id='line_1_3' title="bbox 342 383 1220 450; baseline 0.001 -18"><span class='ocrx_word' id='word_1_4' title='bbox 342 384 544 433; x_wconf 68' lang='lat' dir='ltr'><strong>illa-loco</strong></span> <span class='ocrx_word' id='word_1_5' title='bbox 566 383 712 441; x_wconf 85' lang='lat' dir='ltr'><strong>silvas,</strong></span> <span class='ocrx_word' id='word_1_6' title='bbox 735 384 916 450; x_wconf 86' lang='lat' dir='ltr'><strong>vivaque</strong></span> <span class='ocrx_word' id='word_1_7' title='bbox 938 403 1038 433; x_wconf 88' lang='lat' dir='ltr'><strong>saxa</strong></span> <span class='ocrx_word' id='word_1_8' title='bbox 1059 397 1220 434; x_wconf 83' lang='lat' dir='ltr'><strong>movet.</strong></span> 
     </span>
     <span class='ocr_line' id='line_1_4' title="bbox 280 458 1416 527; baseline -0.001 -18"><span class='ocrx_word' id='word_1_9' title='bbox 280 461 365 509; x_wconf 91' lang='lat' dir='ltr'><strong>Per</strong></span> <span class='ocrx_word' id='word_1_10' title='bbox 384 459 576 509; x_wconf 89' lang='lat' dir='ltr'><strong>tumulos</strong></span> <span class='ocrx_word' id='word_1_11' title='bbox 601 471 715 508; x_wconf 88' lang='lat' dir='ltr'><strong>errat</strong></span> <span class='ocrx_word' id='word_1_12' title='bbox 736 460 877 526; x_wconf 88' lang='lat' dir='ltr'><strong>passis</strong></span> <span class='ocrx_word' id='word_1_13' title='bbox 901 459 1112 509; x_wconf 88' lang='lat' dir='ltr'><strong>discincta</strong></span> <span class='ocrx_word' id='word_1_14' title='bbox 1133 458 1328 527; x_wconf 80' lang='lat' dir='ltr'><strong>capillis,</strong></span> <span class='ocrx_word' id='word_1_15' title='bbox 1414 522 1416 524; x_wconf 12' lang='lat' dir='ltr'>v</span> 
     </span>
    </p>

    <p class='ocr_par' dir='ltr' id='par_1_4' title="bbox 279 534 1686 680">
     <span class='ocr_line' id='line_1_5' title="bbox 346 534 1686 603; baseline 0.001 -18"><span class='ocrx_word' id='word_1_16' title='bbox 346 538 562 602; x_wconf 84' lang='lat' dir='ltr'><strong>Certaque</strong></span> <span class='ocrx_word' id='word_1_17' title='bbox 585 536 637 583; x_wconf 88' lang='lat' dir='ltr'><strong>de</strong></span> <span class='ocrx_word' id='word_1_18' title='bbox 661 535 821 601; x_wconf 85' lang='lat' dir='ltr'><strong>tepidis</strong></span> <span class='ocrx_word' id='word_1_19' title='bbox 845 534 1014 599; x_wconf 76' lang='lat' dir='ltr'>colligit</span> <span class='ocrx_word' id='word_1_20' title='bbox 1034 555 1133 585; x_wconf 90' lang='lat' dir='ltr'><strong>ossa</strong></span> <span class='ocrx_word' id='word_1_21' title='bbox 1153 538 1289 600; x_wconf 84' lang='lat' dir='ltr'><strong>rogis.</strong></span> <span class='ocrx_word' id='word_1_22' title='bbox 1598 560 1686 603; x_wconf 47' lang='grc' dir='ltr'><strong>περ</strong></span> 
     </span>
     <span class='ocr_line' id='line_1_6' title="bbox 279 612 1332 680; baseline -0.001 -17"><span class='ocrx_word' id='word_1_23' title='bbox 279 616 475 663; x_wconf 85' lang='lat' dir='ltr'><strong>Devovet</strong></span> <span class='ocrx_word' id='word_1_24' title='bbox 498 615 719 670; x_wconf 81' lang='lat' dir='ltr'><strong>absentes3</strong></span> <span class='ocrx_word' id='word_1_25' title='bbox 742 612 1056 680; x_wconf 84' lang='lat' dir='ltr'><strong>simulacraque</strong></span> <span class='ocrx_word' id='word_1_26' title='bbox 1073 633 1194 663; x_wconf 88' lang='lat' dir='ltr'><strong>cerea</strong></span> <span class='ocrx_word' id='word_1_27' title='bbox 1216 614 1332 678; x_wconf 86' lang='lat' dir='ltr'><strong>figit,</strong></span> 
     </span>
    </p>

    <p class='ocr_par' dir='ltr' id='par_1_5' title="bbox 279 689 1468 832">
     <span class='ocr_line' id='line_1_7' title="bbox 342 689 1292 754; baseline 0.002 -17"><span class='ocrx_word' id='word_1_28' title='bbox 342 691 403 737; x_wconf 89' lang='lat' dir='ltr'><strong>Et</strong></span> <span class='ocrx_word' id='word_1_29' title='bbox 424 690 629 737; x_wconf 91' lang='lat' dir='ltr'><strong>miserum</strong></span> <span class='ocrx_word' id='word_1_30' title='bbox 650 700 801 737; x_wconf 86' lang='lat' dir='ltr'><strong>tenues</strong></span> <span class='ocrx_word' id='word_1_31' title='bbox 822 689 869 735; x_wconf 92' lang='lat' dir='ltr'><strong>in</strong></span> <span class='ocrx_word' id='word_1_32' title='bbox 888 689 1010 754; x_wconf 90' lang='lat' dir='ltr'><strong>jecur</strong></span> <span class='ocrx_word' id='word_1_33' title='bbox 1030 702 1159 753; x_wconf 87' lang='lat' dir='ltr'><strong>urget</strong></span> <span class='ocrx_word' id='word_1_34' title='bbox 1177 710 1292 740; x_wconf 90' lang='lat' dir='ltr'><strong>acus.</strong></span> 
     </span>
     <span class='ocr_line' id='line_1_8' title="bbox 279 762 1468 832; baseline 0.001 -18"><span class='ocrx_word' id='word_1_35' title='bbox 279 767 341 814; x_wconf 87' lang='lat' dir='ltr'><strong>Et</strong></span> <span class='ocrx_word' id='word_1_36' title='bbox 363 784 459 831; x_wconf 88' lang='lat' dir='ltr'><strong>quae</strong></span> <span class='ocrx_word' id='word_1_37' title='bbox 479 765 706 813; x_wconf 88' lang='lat' dir='ltr'><strong>nescierim</strong></span> <span class='ocrx_word' id='word_1_38' title='bbox 725 763 893 813; x_wconf 89' lang='lat' dir='ltr'><strong>melius.</strong></span> <span class='ocrx_word' id='word_1_39' title='bbox 921 765 1039 814; x_wconf 90' lang='lat' dir='ltr'><strong>Male</strong></span> <span class='ocrx_word' id='word_1_40' title='bbox 1065 767 1275 832; x_wconf 87' lang='lat' dir='ltr'><strong>quaeritur</strong></span> <span class='ocrx_word' id='word_1_41' title='bbox 1297 762 1468 826; x_wconf 70' lang='lat' dir='ltr'><strong>herbis,</strong></span> 
     </span>
    </p>
   </div>
   <div class='ocr_carea' id='block_1_4' title="bbox 267 910 959 1677">
    <p class='ocr_par' dir='ltr' id='par_1_6' title="bbox 267 910 950 956">
     <span class='ocr_line' id='line_1_9' title="bbox 267 910 950 956; baseline 0 -11"><span class='ocrx_word' id='word_1_42' title='bbox 267 913 519 956; x_wconf 69' lang='lat' dir='ltr'><strong>flumz&#39;rtas12rlt&#39;l.</strong></span> <span class='ocrx_word' id='word_1_43' title='bbox 530 911 611 945; x_wconf 82' lang='lat' dir='ltr'><strong>Non</strong></span> <span class='ocrx_word' id='word_1_44' title='bbox 622 910 710 945; x_wconf 90' lang='lat' dir='ltr'><strong>male</strong></span> <span class='ocrx_word' id='word_1_45' title='bbox 723 910 950 955; x_wconf 72' lang='lat' dir='ltr'><strong>quifidmt&#39;na5</strong></span> 
     </span>
    </p>

    <p class='ocr_par' dir='ltr' id='par_1_7' title="bbox 277 961 959 1264">
     <span class='ocr_line' id='line_1_10' title="bbox 279 961 952 998; baseline -0.001 -1"><span class='ocrx_word' id='word_1_46' title='bbox 279 963 365 998; x_wconf 87' lang='lat' dir='ltr'><strong>nihil</strong></span> <span class='ocrx_word' id='word_1_47' title='bbox 387 969 505 997; x_wconf 81' lang='lat' dir='ltr'><strong>tamen</strong></span> <span class='ocrx_word' id='word_1_48' title='bbox 524 961 783 996; x_wconf 82' lang='lat' dir='ltr'><strong>immutandum</strong></span> <span class='ocrx_word' id='word_1_49' title='bbox 799 975 952 996; x_wconf 88' lang='lat' dir='ltr'><strong>censue-</strong></span> 
     </span>
     <span class='ocr_line' id='line_1_11' title="bbox 278 1013 950 1058; baseline -0.001 -10"><span class='ocrx_word' id='word_1_50' title='bbox 278 1015 346 1048; x_wconf 90' lang='lat' dir='ltr'><strong>rim</strong></span> <span class='ocrx_word' id='word_1_51' title='bbox 369 1025 377 1046; x_wconf 74' lang='grc' dir='ltr'>ε</span> <span class='ocrx_word' id='word_1_52' title='bbox 390 1016 536 1058; x_wconf 81' lang='lat' dir='ltr'><strong>flumina</strong></span> <span class='ocrx_word' id='word_1_53' title='bbox 559 1013 654 1047; x_wconf 88' lang='lat' dir='ltr'><strong>enim</strong></span> <span class='ocrx_word' id='word_1_54' title='bbox 680 1020 772 1048; x_wconf 87' lang='lat' dir='ltr'><strong>recte</strong></span> <span class='ocrx_word' id='word_1_55' title='bbox 797 1015 930 1058; x_wconf 84' lang='lat' dir='ltr'><strong>obliqua</strong></span> <span class='ocrx_word' id='word_1_56' title='bbox 940 1040 950 1055; x_wconf 89' lang='lat'><strong>,</strong></span> 
     </span>
     <span class='ocr_line' id='line_1_12' title="bbox 277 1063 954 1109; baseline -0.003 -9"><span class='ocrx_word' id='word_1_57' title='bbox 277 1066 313 1100; x_wconf 90' lang='lat' dir='ltr'><strong>id</strong></span> <span class='ocrx_word' id='word_1_58' title='bbox 330 1072 398 1108; x_wconf 87' lang='lat' dir='ltr'><strong>est,</strong></span> <span class='ocrx_word' id='word_1_59' title='bbox 411 1077 511 1099; x_wconf 75' lang='lat' dir='ltr'><strong>cuma</strong></span> <span class='ocrx_word' id='word_1_60' title='bbox 524 1063 699 1107; x_wconf 87' lang='lat' dir='ltr'><strong>dicuntur,</strong></span> <span class='ocrx_word' id='word_1_61' title='bbox 716 1077 864 1109; x_wconf 88' lang='lat' dir='ltr'><strong>quorum</strong></span> <span class='ocrx_word' id='word_1_62' title='bbox 879 1065 954 1098; x_wconf 86' lang='lat' dir='ltr'><strong>im·-</strong></span> 
     </span>
     <span class='ocr_line' id='line_1_13' title="bbox 279 1116 956 1163; baseline -0.001 -11"><span class='ocrx_word' id='word_1_63' title='bbox 279 1125 379 1163; x_wconf 90' lang='lat' dir='ltr'><strong>petus</strong></span> <span class='ocrx_word' id='word_1_64' title='bbox 395 1129 438 1151; x_wconf 92' lang='lat' dir='ltr'><strong>eo</strong></span> <span class='ocrx_word' id='word_1_65' title='bbox 453 1116 625 1151; x_wconf 77' lang='lat' dir='ltr'><strong>difficilius</strong></span> <span class='ocrx_word' id='word_1_66' title='bbox 638 1120 784 1152; x_wconf 79' lang='lat' dir='ltr'><strong>sistitur.</strong></span> <span class='ocrx_word' id='word_1_67' title='bbox 804 1129 873 1161; x_wconf 93' lang='lat' dir='ltr'><strong>quo</strong></span> <span class='ocrx_word' id='word_1_68' title='bbox 886 1130 956 1151; x_wconf 85' lang='lat' dir='ltr'><strong>ve-</strong></span> 
     </span>
     <span class='ocr_line' id='line_1_14' title="bbox 278 1167 959 1214; baseline -0.003 -10"><span class='ocrx_word' id='word_1_69' title='bbox 278 1169 399 1213; x_wconf 89' lang='lat' dir='ltr'><strong>locior,</strong></span> <span class='ocrx_word' id='word_1_70' title='bbox 414 1182 453 1203; x_wconf 89' lang='lat' dir='ltr'><strong>ex</strong></span> <span class='ocrx_word' id='word_1_71' title='bbox 464 1167 556 1213; x_wconf 86' lang='lat' dir='ltr'><strong>ipsis,</strong></span> <span class='ocrx_word' id='word_1_72' title='bbox 571 1180 648 1213; x_wconf 84' lang='lat' dir='ltr'><strong>quae</strong></span> <span class='ocrx_word' id='word_1_73' title='bbox 660 1168 870 1214; x_wconf 72' lang='lat' dir='ltr'><strong>praecipitem</strong></span> <span class='ocrx_word' id='word_1_74' title='bbox 882 1181 959 1203; x_wconf 87' lang='lat' dir='ltr'><strong>mo·</strong></span> 
     </span>
     <span class='ocr_line' id='line_1_15' title="bbox 278 1219 629 1264; baseline -0.003 -9"><span class='ocrx_word' id='word_1_75' title='bbox 278 1228 402 1256; x_wconf 84' lang='lat' dir='ltr'><strong>rantur</strong></span> <span class='ocrx_word' id='word_1_76' title='bbox 413 1247 423 1264; x_wconf 89' lang='lat'>‚</span> <span class='ocrx_word' id='word_1_77' title='bbox 439 1219 629 1255; x_wconf 73' lang='lat' dir='ltr'><strong>obstaculis.</strong></span> 
     </span>
    </p>

    <p class='ocr_par' dir='ltr' id='par_1_8' title="bbox 277 1271 956 1629">
     <span class='ocr_line' id='line_1_16' title="bbox 322 1271 954 1317; baseline -0.002 -10"><span class='ocrx_word' id='word_1_78' title='bbox 322 1274 375 1307; x_wconf 87' lang='grc'><strong>88.</strong></span> <span class='ocrx_word' id='word_1_79' title='bbox 402 1274 547 1317; x_wconf 71' lang='lat' dir='ltr'><strong>Vivaque</strong></span> <span class='ocrx_word' id='word_1_80' title='bbox 561 1284 650 1306; x_wconf 73' lang='lat' dir='ltr'><strong>saxa</strong></span> <span class='ocrx_word' id='word_1_81' title='bbox 663 1276 780 1306; x_wconf 73' lang='lat' dir='ltr'><strong>movet.</strong></span> <span class='ocrx_word' id='word_1_82' title='bbox 807 1271 954 1316; x_wconf 89' lang='lat' dir='ltr'><strong>Quam—</strong></span> 
     </span>
     <span class='ocr_line' id='line_1_17' title="bbox 279 1324 952 1371; baseline -0.001 -12"><span class='ocrx_word' id='word_1_83' title='bbox 279 1338 384 1371; x_wconf 85' lang='lat' dir='ltr'><strong>quam</strong></span> <span class='ocrx_word' id='word_1_84' title='bbox 394 1328 468 1359; x_wconf 87' lang='lat' dir='ltr'><strong>loco</strong></span> <span class='ocrx_word' id='word_1_85' title='bbox 482 1338 609 1359; x_wconf 76' lang='lat' dir='ltr'><strong>morere</strong></span> <span class='ocrx_word' id='word_1_86' title='bbox 624 1324 731 1370; x_wconf 90' lang='lat' dir='ltr'><strong>proba</strong></span> <span class='ocrx_word' id='word_1_87' title='bbox 747 1324 790 1359; x_wconf 90' lang='lat' dir='ltr'><strong>sit</strong></span> <span class='ocrx_word' id='word_1_88' title='bbox 803 1324 930 1359; x_wconf 87' lang='lat' dir='ltr'><strong>locutio</strong></span> <span class='ocrx_word' id='word_1_89' title='bbox 943 1350 952 1368; x_wconf 92' lang='lat'><strong><em>‚</em></strong></span> 
     </span>
     <span class='ocr_line' id='line_1_18' title="bbox 279 1376 956 1422; baseline -0.003 -10"><span class='ocrx_word' id='word_1_90' title='bbox 279 1384 320 1412; x_wconf 85' lang='lat' dir='ltr'><strong>ut</strong></span> <span class='ocrx_word' id='word_1_91' title='bbox 335 1377 457 1412; x_wconf 89' lang='lat' dir='ltr'><strong>Senec.</strong></span> <span class='ocrx_word' id='word_1_92' title='bbox 471 1376 514 1410; x_wconf 86' lang='lat' dir='ltr'><strong>de</strong></span> <span class='ocrx_word' id='word_1_93' title='bbox 529 1376 610 1411; x_wconf 89' lang='lat' dir='ltr'><strong>Vita</strong></span> <span class='ocrx_word' id='word_1_94' title='bbox 619 1376 709 1411; x_wconf 86' lang='lat' dir='ltr'><strong>beat.</strong></span> <span class='ocrx_word' id='word_1_95' title='bbox 725 1390 764 1422; x_wconf 84' lang='lat'><strong>27</strong></span> <span class='ocrx_word' id='word_1_96' title='bbox 777 1378 867 1411; x_wconf 75' lang='lat' dir='ltr'><strong>:Nec</strong></span> <span class='ocrx_word' id='word_1_97' title='bbox 878 1378 956 1410; x_wconf 83' lang='lat' dir='ltr'><strong>ideo</strong></span> 
     </span>
     <span class='ocr_line' id='line_1_19' title="bbox 277 1428 954 1468; baseline -0.001 -5"><span class='ocrx_word' id='word_1_98' title='bbox 277 1433 340 1463; x_wconf 83' lang='lat' dir='ltr'><strong>aut</strong></span> <span class='ocrx_word' id='word_1_99' title='bbox 352 1431 427 1463; x_wconf 84' lang='lat' dir='ltr'><strong>loco</strong></span> <span class='ocrx_word' id='word_1_100' title='bbox 438 1441 513 1462; x_wconf 84' lang='lat' dir='ltr'><strong>eam</strong></span> <span class='ocrx_word' id='word_1_101' title='bbox 525 1432 670 1468; x_wconf 68' lang='lat' dir='ltr'><strong>movent,</strong></span> <span class='ocrx_word' id='word_1_102' title='bbox 684 1428 824 1462; x_wconf 86' lang='lat' dir='ltr'><strong>mallem</strong></span> <span class='ocrx_word' id='word_1_103' title='bbox 836 1434 954 1462; x_wconf 80' lang='lat' dir='ltr'><strong>tamen</strong></span> 
     </span>
     <span class='ocr_line' id='line_1_20' title="bbox 278 1479 955 1522; baseline -0.004 -7"><span class='ocrx_word' id='word_1_104' title='bbox 278 1480 336 1515; x_wconf 87' lang='lat' dir='ltr'><strong>hie</strong></span> <span class='ocrx_word' id='word_1_105' title='bbox 352 1481 471 1519; x_wconf 75' lang='lat' dir='ltr'><strong>trahit,</strong></span> <span class='ocrx_word' id='word_1_106' title='bbox 488 1486 527 1513; x_wconf 89' lang='lat' dir='ltr'><strong>ut</strong></span> <span class='ocrx_word' id='word_1_107' title='bbox 540 1479 673 1514; x_wconf 81' lang='lat' dir='ltr'><strong>codices</strong></span> <span class='ocrx_word' id='word_1_108' title='bbox 692 1480 804 1514; x_wconf 90' lang='lat' dir='ltr'><strong>Vossii</strong></span> <span class='ocrx_word' id='word_1_109' title='bbox 818 1505 827 1522; x_wconf 91' lang='lat'><strong>,</strong></span> <span class='ocrx_word' id='word_1_110' title='bbox 852 1479 955 1513; x_wconf 81' lang='lat' dir='ltr'><strong>Scri-</strong></span> 
     </span>
     <span class='ocr_line' id='line_1_21' title="bbox 277 1530 955 1577; baseline -0.003 -10"><span class='ocrx_word' id='word_1_111' title='bbox 277 1533 363 1568; x_wconf 80' lang='lat' dir='ltr'><strong>verii</strong></span> <span class='ocrx_word' id='word_1_112' title='bbox 373 1559 383 1577; x_wconf 92' lang='lat'><strong>,</strong></span> <span class='ocrx_word' id='word_1_113' title='bbox 401 1539 436 1567; x_wconf 89' lang='lat' dir='ltr'><strong>et</strong></span> <span class='ocrx_word' id='word_1_114' title='bbox 445 1530 724 1577; x_wconf 85' lang='lat' dir='ltr'><strong>Gottorphiensis</strong></span> <span class='ocrx_word' id='word_1_115' title='bbox 735 1531 885 1574; x_wconf 86' lang='lat' dir='ltr'><strong>habent;</strong></span> <span class='ocrx_word' id='word_1_116' title='bbox 904 1537 955 1565; x_wconf 80' lang='lat' dir='ltr'><strong>est</strong></span> 
     </span>
     <span class='ocr_line' id='line_1_22' title="bbox 279 1583 773 1629; baseline -0.006 -10"><span class='ocrx_word' id='word_1_117' title='bbox 279 1591 397 1619; x_wconf 85' lang='lat' dir='ltr'><strong>autem</strong></span> <span class='ocrx_word' id='word_1_118' title='bbox 412 1584 559 1618; x_wconf 82' lang='lat' dir='ltr'><strong>verbum</strong></span> <span class='ocrx_word' id='word_1_119' title='bbox 580 1583 773 1629; x_wconf 83' lang='lat' dir='ltr'><strong>magicum:</strong></span> 
     </span>
    </p>

    <p class='ocr_par' dir='ltr' id='par_1_9' title="bbox 278 1642 894 1677">
     <span class='ocr_line' id='line_1_23' title="bbox 278 1642 894 1677; baseline -0.003 -8"><span class='ocrx_word' id='word_1_120' title='bbox 278 1644 320 1669; x_wconf 76' lang='lat' dir='ltr'><strong>Te</strong></span> <span class='ocrx_word' id='word_1_121' title='bbox 330 1652 433 1677; x_wconf 79' lang='lat' dir='ltr'><strong>quoque</strong></span> <span class='ocrx_word' id='word_1_122' title='bbox 441 1662 449 1674; x_wconf 87' lang='lat'><em>‚</em></span> <span class='ocrx_word' id='word_1_123' title='bbox 461 1644 536 1669; x_wconf 80' lang='lat' dir='ltr'><strong>Luna</strong></span> <span class='ocrx_word' id='word_1_124' title='bbox 544 1662 553 1675; x_wconf 90' lang='lat'><strong>,</strong></span> <span class='ocrx_word' id='word_1_125' title='bbox 569 1642 649 1668; x_wconf 69' lang='lat' dir='ltr'><strong>traho.</strong></span> <span class='ocrx_word' id='word_1_126' title='bbox 669 1643 746 1668; x_wconf 70' lang='lat' dir='ltr'>MET-</span> <span class='ocrx_word' id='word_1_127' title='bbox 757 1649 806 1667; x_wconf 81' lang='lat' dir='ltr'><strong>vn</strong></span> <span class='ocrx_word' id='word_1_128' title='bbox 814 1660 823 1673; x_wconf 81' lang='lat'><strong>,</strong></span> <span class='ocrx_word' id='word_1_129' title='bbox 837 1649 894 1674; x_wconf 74' lang='lat'><strong>⁵07.</strong></span> 
     </span>
    </p>
   </div>
   <div class='ocr_carea' id='block_1_5' title="bbox 252 1690 962 2817">
    <p class='ocr_par' dir='ltr' id='par_1_10' title="bbox 277 1690 958 1882">
     <span class='ocr_line' id='line_1_24' title="bbox 278 1690 955 1736; baseline -0.003 -10"><span class='ocrx_word' id='word_1_130' title='bbox 278 1709 323 1720; x_wconf 89' lang='lat'><strong>--</strong></span> <span class='ocrx_word' id='word_1_131' title='bbox 358 1693 502 1736; x_wconf 79' lang='lat' dir='ltr'><strong>Vivaque</strong></span> <span class='ocrx_word' id='word_1_132' title='bbox 522 1703 610 1726; x_wconf 71' lang='lat' dir='ltr'><strong>satta</strong></span> <span class='ocrx_word' id='word_1_133' title='bbox 633 1694 749 1725; x_wconf 71' lang='lat' dir='ltr'><strong>movet.</strong></span> <span class='ocrx_word' id='word_1_134' title='bbox 776 1690 830 1724; x_wconf 90' lang='lat' dir='ltr'><strong>Eo</strong></span> <span class='ocrx_word' id='word_1_135' title='bbox 851 1702 955 1725; x_wconf 83' lang='lat' dir='ltr'><strong>sensu</strong></span> 
     </span>
     <span class='ocr_line' id='line_1_25' title="bbox 279 1742 953 1789; baseline -0.004 -10"><span class='ocrx_word' id='word_1_136' title='bbox 279 1746 366 1784; x_wconf 71' lang='lat' dir='ltr'><strong>viva,</strong></span> <span class='ocrx_word' id='word_1_137' title='bbox 377 1742 470 1788; x_wconf 91' lang='lat' dir='ltr'><strong>quod</strong></span> <span class='ocrx_word' id='word_1_138' title='bbox 480 1742 620 1789; x_wconf 84' lang='lat' dir='ltr'><strong>magicis</strong></span> <span class='ocrx_word' id='word_1_139' title='bbox 626 1742 835 1777; x_wconf 83' lang='lat' dir='ltr'><strong>carminibus</strong></span> <span class='ocrx_word' id='word_1_140' title='bbox 842 1749 953 1786; x_wconf 85' lang='lat' dir='ltr'><strong>eruta,</strong></span> 
     </span>
     <span class='ocr_line' id='line_1_26' title="bbox 277 1792 958 1839; baseline -0.003 -9"><span class='ocrx_word' id='word_1_141' title='bbox 277 1795 354 1831; x_wconf 89' lang='lat' dir='ltr'><strong>loco</strong></span> <span class='ocrx_word' id='word_1_142' title='bbox 366 1795 610 1839; x_wconf 84' lang='lat' dir='ltr'><strong>movebantur,</strong></span> <span class='ocrx_word' id='word_1_143' title='bbox 625 1795 681 1829; x_wconf 83' lang='lat' dir='ltr'><strong>vel</strong></span> <span class='ocrx_word' id='word_1_144' title='bbox 692 1792 825 1829; x_wconf 58' lang='lat' dir='ltr'><strong>moisen-i</strong></span> <span class='ocrx_word' id='word_1_145' title='bbox 833 1794 958 1830; x_wconf 83' lang='lat' dir='ltr'><strong>crede-</strong></span> 
     </span>
     <span class='ocr_line' id='line_1_27' title="bbox 278 1847 417 1882; baseline -0.014 0"><span class='ocrx_word' id='word_1_146' title='bbox 278 1847 417 1882; x_wconf 80' lang='lat' dir='ltr'><strong>bantur.</strong></span> 
     </span>
    </p>

    <p class='ocr_par' dir='ltr' id='par_1_11' title="bbox 280 1895 962 2098">
     <span class='ocr_line' id='line_1_28' title="bbox 323 1895 962 1944; baseline 0 -13"><span class='ocrx_word' id='word_1_147' title='bbox 323 1898 377 1944; x_wconf 85' lang='lat'><strong>89.</strong></span> <span class='ocrx_word' id='word_1_148' title='bbox 407 1898 477 1935; x_wconf 72' lang='lat' dir='ltr'><strong>Pes</strong></span> <span class='ocrx_word' id='word_1_149' title='bbox 484 1898 627 1931; x_wconf 82' lang='lat' dir='ltr'><strong>tumulos</strong></span> <span class='ocrx_word' id='word_1_150' title='bbox 641 1901 733 1931; x_wconf 76' lang='lat' dir='ltr'><strong>errat</strong></span> <span class='ocrx_word' id='word_1_151' title='bbox 744 1902 807 1931; x_wconf 87' lang='lat' dir='ltr'><strong>etc.</strong></span> <span class='ocrx_word' id='word_1_152' title='bbox 824 1895 962 1942; x_wconf 79' lang='lat' dir='ltr'><strong>Sparsis·</strong></span> 
     </span>
     <span class='ocr_line' id='line_1_29' title="bbox 280 1948 957 1994; baseline -0.003 -10"><span class='ocrx_word' id='word_1_153' title='bbox 280 1948 408 1994; x_wconf 80' lang='lat' dir='ltr'><strong>capillis</strong></span> <span class='ocrx_word' id='word_1_154' title='bbox 420 1974 429 1991; x_wconf 94' lang='lat'>‚</span> <span class='ocrx_word' id='word_1_155' title='bbox 458 1954 494 1982; x_wconf 85' lang='lat' dir='ltr'><strong>et</strong></span> <span class='ocrx_word' id='word_1_156' title='bbox 516 1948 627 1983; x_wconf 87' lang='lat' dir='ltr'><strong>soluta</strong></span> <span class='ocrx_word' id='word_1_157' title='bbox 647 1955 742 1983; x_wconf 78' lang='lat' dir='ltr'><strong>veste</strong></span> <span class='ocrx_word' id='word_1_158' title='bbox 758 1962 767 1991; x_wconf 81' lang='lat'><em>3</em></span> <span class='ocrx_word' id='word_1_159' title='bbox 795 1948 842 1984; x_wconf 87' lang='lat' dir='ltr'><strong>sic</strong></span> <span class='ocrx_word' id='word_1_160' title='bbox 859 1948 957 1984; x_wconf 86' lang='lat' dir='ltr'><strong>enim</strong></span> 
     </span>
     <span class='ocr_line' id='line_1_30' title="bbox 281 2000 957 2046; baseline 0 -11"><span class='ocrx_word' id='word_1_161' title='bbox 281 2000 474 2046; x_wconf 81' lang='lat' dir='ltr'><strong>postulabat</strong></span> <span class='ocrx_word' id='word_1_162' title='bbox 499 2012 555 2034; x_wconf 87' lang='lat' dir='ltr'><strong>res</strong></span> <span class='ocrx_word' id='word_1_163' title='bbox 579 2000 721 2045; x_wconf 82' lang='lat' dir='ltr'><strong>magica.</strong></span> <span class='ocrx_word' id='word_1_164' title='bbox 753 2001 858 2035; x_wconf 86' lang='lat' dir='ltr'><strong>Plura</strong></span> <span class='ocrx_word' id='word_1_165' title='bbox 877 2000 957 2036; x_wconf 79' lang='lat' dir='ltr'><strong>vide</strong></span> 
     </span>
     <span class='ocr_line' id='line_1_31' title="bbox 282 2051 956 2098; baseline -0.001 -11"><span class='ocrx_word' id='word_1_166' title='bbox 282 2052 373 2098; x_wconf 91' lang='lat' dir='ltr'><strong>apud</strong></span> <span class='ocrx_word' id='word_1_167' title='bbox 385 2052 580 2095; x_wconf 87' lang='lat' dir='ltr'><strong>Lucanum,</strong></span> <span class='ocrx_word' id='word_1_168' title='bbox 592 2052 629 2086; x_wconf 88' lang='lat' dir='ltr'><strong>in</strong></span> <span class='ocrx_word' id='word_1_169' title='bbox 642 2051 828 2096; x_wconf 83' lang='lat' dir='ltr'><strong>Pharsalia,</strong></span> <span class='ocrx_word' id='word_1_170' title='bbox 839 2053 896 2087; x_wconf 90' lang='lat' dir='ltr'><strong>lib.</strong></span> <span class='ocrx_word' id='word_1_171' title='bbox 904 2063 956 2097; x_wconf 87' lang='lat' dir='ltr'><strong>v1‚</strong></span> 
     </span>
    </p>

    <p class='ocr_par' dir='ltr' id='par_1_12' title="bbox 252 2104 612 2150">
     <span class='ocr_line' id='line_1_32' title="bbox 252 2104 612 2150; baseline -0.008 -10"><span class='ocrx_word' id='word_1_172' title='bbox 252 2148 254 2150; x_wconf 14' lang='lat' dir='ltr'><strong>q</strong></span> <span class='ocrx_word' id='word_1_173' title='bbox 281 2116 369 2140; x_wconf 76' lang='lat' dir='ltr'><strong>vers.</strong></span> <span class='ocrx_word' id='word_1_174' title='bbox 384 2104 451 2147; x_wconf 77' lang='lat'><strong>554</strong></span> <span class='ocrx_word' id='word_1_175' title='bbox 461 2130 471 2147; x_wconf 91' lang='lat'><strong>,</strong></span> <span class='ocrx_word' id='word_1_176' title='bbox 489 2110 524 2138; x_wconf 89' lang='lat' dir='ltr'><strong>et</strong></span> <span class='ocrx_word' id='word_1_177' title='bbox 539 2116 612 2148; x_wconf 86' lang='lat' dir='ltr'><strong>sqq.</strong></span> 
     </span>
    </p>

    <p class='ocr_par' dir='ltr' id='par_1_13' title="bbox 279 2157 959 2664">
     <span class='ocr_line' id='line_1_33' title="bbox 325 2157 958 2204; baseline -0.002 -14"><span class='ocrx_word' id='word_1_178' title='bbox 325 2169 380 2204; x_wconf 78' lang='lat'><strong>9⁰·</strong></span> <span class='ocrx_word' id='word_1_179' title='bbox 395 2158 556 2201; x_wconf 63' lang='lat' dir='ltr'><strong>Certaque</strong></span> <span class='ocrx_word' id='word_1_180' title='bbox 565 2158 606 2190; x_wconf 84' lang='lat' dir='ltr'><strong>de</strong></span> <span class='ocrx_word' id='word_1_181' title='bbox 613 2157 734 2200; x_wconf 75' lang='lat' dir='ltr'><strong>lepidis</strong></span> <span class='ocrx_word' id='word_1_182' title='bbox 744 2158 958 2200; x_wconf 62' lang='lat' dir='ltr'><strong>colhgvuossa</strong></span> 
     </span>
     <span class='ocr_line' id='line_1_34' title="bbox 280 2208 958 2253; baseline 0 -11"><span class='ocrx_word' id='word_1_183' title='bbox 280 2211 378 2251; x_wconf 72' lang='lat' dir='ltr'><strong>mgis.</strong></span> <span class='ocrx_word' id='word_1_184' title='bbox 386 2208 476 2242; x_wconf 84' lang='lat' dir='ltr'><strong>Pute</strong></span> <span class='ocrx_word' id='word_1_185' title='bbox 480 2219 599 2251; x_wconf 79' lang='lat' dir='ltr'><strong>ancus,</strong></span> <span class='ocrx_word' id='word_1_186' title='bbox 611 2210 759 2251; x_wconf 72' lang='lat' dir='ltr'><strong>colligat.</strong></span> <span class='ocrx_word' id='word_1_187' title='bbox 769 2208 958 2253; x_wconf 68' lang='lat' dir='ltr'><strong>Cunctaque</strong></span> 
     </span>
     <span class='ocr_line' id='line_1_35' title="bbox 279 2258 959 2293; baseline 0 0"><span class='ocrx_word' id='word_1_188' title='bbox 279 2271 360 2293; x_wconf 86' lang='lat' dir='ltr'><strong>ossa</strong></span> <span class='ocrx_word' id='word_1_189' title='bbox 366 2258 603 2293; x_wconf 75' lang='lat' dir='ltr'><strong>Scriverianus</strong></span> <span class='ocrx_word' id='word_1_190' title='bbox 615 2265 650 2292; x_wconf 85' lang='lat' dir='ltr'><strong>et</strong></span> <span class='ocrx_word' id='word_1_191' title='bbox 658 2258 866 2293; x_wconf 82' lang='lat' dir='ltr'><strong>Hasniensis.</strong></span> <span class='ocrx_word' id='word_1_192' title='bbox 882 2260 959 2293; x_wconf 65' lang='lat' dir='ltr'><strong>Cur-</strong></span> 
     </span>
     <span class='ocr_line' id='line_1_36' title="bbox 281 2309 959 2355; baseline 0 -10"><span class='ocrx_word' id='word_1_193' title='bbox 281 2314 381 2355; x_wconf 76' lang='lat' dir='ltr'><strong>taque</strong></span> <span class='ocrx_word' id='word_1_194' title='bbox 405 2310 594 2355; x_wconf 80' lang='lat' dir='ltr'><strong>suspicatur</strong></span> <span class='ocrx_word' id='word_1_195' title='bbox 618 2309 832 2344; x_wconf 78' lang='lat' dir='ltr'><strong>doctissimus</strong></span> <span class='ocrx_word' id='word_1_196' title='bbox 856 2310 959 2345; x_wconf 82' lang='lat' dir='ltr'><strong>Gro-</strong></span> 
     </span>
     <span class='ocr_line' id='line_1_37' title="bbox 280 2360 958 2405; baseline 0.001 -9"><span class='ocrx_word' id='word_1_197' title='bbox 280 2362 404 2396; x_wconf 78' lang='lat' dir='ltr'><strong>novius</strong></span> <span class='ocrx_word' id='word_1_198' title='bbox 416 2387 426 2405; x_wconf 83' lang='lat'><strong>,</strong></span> <span class='ocrx_word' id='word_1_199' title='bbox 450 2360 758 2396; x_wconf 86' lang='lat' dir='ltr'><strong>Observationibus</strong></span> <span class='ocrx_word' id='word_1_200' title='bbox 774 2360 958 2397; x_wconf 88' lang='lat' dir='ltr'><strong>Ecclesias-</strong></span> 
     </span>
     <span class='ocr_line' id='line_1_38' title="bbox 281 2412 956 2458; baseline 0.001 -10"><span class='ocrx_word' id='word_1_201' title='bbox 281 2413 356 2448; x_wconf 83' lang='lat' dir='ltr'><strong>ticis</strong></span> <span class='ocrx_word' id='word_1_202' title='bbox 368 2439 377 2457; x_wconf 91' lang='lat'><strong>,</strong></span> <span class='ocrx_word' id='word_1_203' title='bbox 395 2426 467 2458; x_wconf 88' lang='lat' dir='ltr'><strong>cap.</strong></span> <span class='ocrx_word' id='word_1_204' title='bbox 482 2414 513 2447; x_wconf 90' lang='grc'><strong>5.</strong></span> <span class='ocrx_word' id='word_1_205' title='bbox 527 2413 661 2447; x_wconf 74' lang='lat' dir='ltr'><strong>Hnms.</strong></span> <span class='ocrx_word' id='word_1_206' title='bbox 681 2412 777 2447; x_wconf 85' lang='lat' dir='ltr'><strong>Nihil</strong></span> <span class='ocrx_word' id='word_1_207' title='bbox 794 2413 956 2457; x_wconf 86' lang='lat' dir='ltr'><strong>equidem</strong></span> 
     </span>
     <span class='ocr_line' id='line_1_39' title="bbox 282 2464 953 2509; baseline 0 -10"><span class='ocrx_word' id='word_1_208' title='bbox 282 2465 492 2499; x_wconf 84' lang='lat' dir='ltr'><strong>mutandum</strong></span> <span class='ocrx_word' id='word_1_209' title='bbox 510 2476 518 2498; x_wconf 92' lang='lat'>:</span> <span class='ocrx_word' id='word_1_210' title='bbox 532 2476 606 2499; x_wconf 86' lang='lat' dir='ltr'><strong>non</strong></span> <span class='ocrx_word' id='word_1_211' title='bbox 620 2464 715 2498; x_wconf 86' lang='lat' dir='ltr'><strong>enim</strong></span> <span class='ocrx_word' id='word_1_212' title='bbox 728 2464 845 2498; x_wconf 83' lang='lat' dir='ltr'><strong>omnia</strong></span> <span class='ocrx_word' id='word_1_213' title='bbox 862 2476 953 2509; x_wconf 86' lang='lat' dir='ltr'><strong>ossa,</strong></span> 
     </span>
     <span class='ocr_line' id='line_1_40' title="bbox 280 2515 958 2561; baseline 0 -10"><span class='ocrx_word' id='word_1_214' title='bbox 280 2515 361 2552; x_wconf 80' lang='lat' dir='ltr'><strong>licet</strong></span> <span class='ocrx_word' id='word_1_215' title='bbox 385 2517 543 2560; x_wconf 86' lang='lat' dir='ltr'><strong>minuta,</strong></span> <span class='ocrx_word' id='word_1_216' title='bbox 570 2515 666 2549; x_wconf 83' lang='lat' dir='ltr'><strong>utilia</strong></span> <span class='ocrx_word' id='word_1_217' title='bbox 690 2522 790 2550; x_wconf 86' lang='lat' dir='ltr'><strong>erant</strong></span> <span class='ocrx_word' id='word_1_218' title='bbox 818 2516 958 2561; x_wconf 81' lang='lat' dir='ltr'><strong>magicis</strong></span> 
     </span>
     <span class='ocr_line' id='line_1_41' title="bbox 283 2567 959 2613; baseline 0.003 -13"><span class='ocrx_word' id='word_1_219' title='bbox 283 2568 411 2602; x_wconf 86' lang='lat' dir='ltr'><strong>artibus</strong></span> <span class='ocrx_word' id='word_1_220' title='bbox 423 2594 432 2611; x_wconf 93' lang='lat'><em>‚</em></span> <span class='ocrx_word' id='word_1_221' title='bbox 447 2568 505 2602; x_wconf 85' lang='lat' dir='ltr'><strong>sed</strong></span> <span class='ocrx_word' id='word_1_222' title='bbox 523 2567 693 2613; x_wconf 78' lang='lat' dir='ltr'><strong>praecipue</strong></span> <span class='ocrx_word' id='word_1_223' title='bbox 705 2567 806 2601; x_wconf 77' lang='lat' dir='ltr'><strong>calvae</strong></span> <span class='ocrx_word' id='word_1_224' title='bbox 818 2574 853 2601; x_wconf 91' lang='lat' dir='ltr'><strong>et</strong></span> <span class='ocrx_word' id='word_1_225' title='bbox 867 2580 959 2612; x_wconf 79' lang='lat' dir='ltr'><strong>prae-</strong></span> 
     </span>
     <span class='ocr_line' id='line_1_42' title="bbox 282 2619 958 2664; baseline 0.001 -13"><span class='ocrx_word' id='word_1_226' title='bbox 282 2620 435 2663; x_wconf 82' lang='lat' dir='ltr'><strong>segmina</strong></span> <span class='ocrx_word' id='word_1_227' title='bbox 453 2619 611 2664; x_wconf 80' lang='lat' dir='ltr'><strong>quaedam</strong></span> <span class='ocrx_word' id='word_1_228' title='bbox 624 2645 633 2662; x_wconf 92' lang='lat'><strong>‚</strong></span> <span class='ocrx_word' id='word_1_229' title='bbox 658 2625 697 2652; x_wconf 86' lang='lat' dir='ltr'><strong>ut</strong></span> <span class='ocrx_word' id='word_1_230' title='bbox 717 2619 786 2664; x_wconf 82' lang='lat' dir='ltr'><strong>jam</strong></span> <span class='ocrx_word' id='word_1_231' title='bbox 807 2619 958 2653; x_wconf 89' lang='lat' dir='ltr'><strong>Huber-</strong></span> 
     </span>
    </p>

    <p class='ocr_par' dir='ltr' id='par_1_14' title="bbox 263 2669 958 2817">
     <span class='ocr_line' id='line_1_43' title="bbox 263 2669 957 2721; baseline 0.001 -18"><span class='ocrx_word' id='word_1_232' title='bbox 263 2669 375 2721; x_wconf 54' lang='lat' dir='ltr'><strong>xtinus</strong></span> <span class='ocrx_word' id='word_1_233' title='bbox 387 2670 492 2710; x_wconf 79' lang='lat' dir='ltr'><strong>vidit;</strong></span> <span class='ocrx_word' id='word_1_234' title='bbox 513 2677 548 2705; x_wconf 89' lang='lat' dir='ltr'><strong>et</strong></span> <span class='ocrx_word' id='word_1_235' title='bbox 566 2671 746 2705; x_wconf 86' lang='lat' dir='ltr'><strong>Reinesius</strong></span> <span class='ocrx_word' id='word_1_236' title='bbox 764 2670 871 2716; x_wconf 86' lang='lat' dir='ltr'><strong>Epist.</strong></span> <span class='ocrx_word' id='word_1_237' title='bbox 885 2682 957 2705; x_wconf 81' lang='lat' dir='ltr'><strong>xxx</strong></span> 
     </span>
     <span class='ocr_line' id='line_1_44' title="bbox 283 2719 957 2764; baseline 0.004 -11"><span class='ocrx_word' id='word_1_238' title='bbox 283 2719 326 2753; x_wconf 89' lang='lat' dir='ltr'><strong>ad</strong></span> <span class='ocrx_word' id='word_1_239' title='bbox 343 2719 554 2764; x_wconf 87' lang='lat' dir='ltr'><strong>Daumium,</strong></span> <span class='ocrx_word' id='word_1_240' title='bbox 573 2721 662 2755; x_wconf 89' lang='lat' dir='ltr'><strong>hanc</strong></span> <span class='ocrx_word' id='word_1_241' title='bbox 688 2721 957 2756; x_wconf 81' lang='lat' dir='ltr'><strong>lectionemre-</strong></span> 
     </span>
     <span class='ocr_line' id='line_1_45' title="bbox 281 2771 958 2817; baseline 0.004 -12"><span class='ocrx_word' id='word_1_242' title='bbox 281 2771 463 2805; x_wconf 74' lang='lat' dir='ltr'><strong>tinendam</strong></span> <span class='ocrx_word' id='word_1_243' title='bbox 478 2784 551 2807; x_wconf 76' lang='lat' dir='ltr'><strong>esse</strong></span> <span class='ocrx_word' id='word_1_244' title='bbox 575 2785 613 2807; x_wconf 84' lang='lat' dir='ltr'><strong>se</strong></span> <span class='ocrx_word' id='word_1_245' title='bbox 634 2774 838 2817; x_wconf 76' lang='lat' dir='ltr'><strong>persuasisse</strong></span> <span class='ocrx_word' id='word_1_246' title='bbox 862 2773 958 2808; x_wconf 85' lang='lat' dir='ltr'><strong>Gro-</strong></span> 
     </span>
    </p>
   </div>
   <div class='ocr_carea' id='block_1_6' title="bbox 1016 911 1694 1012">
    <p class='ocr_par' dir='ltr' id='par_1_15' title="bbox 1016 911 1694 1012">
     <span class='ocr_line' id='line_1_46' title="bbox 1016 911 1694 958; baseline 0.007 -12"><span class='ocrx_word' id='word_1_247' title='bbox 1016 911 1122 946; x_wconf 84' lang='lat' dir='ltr'><strong>novio</strong></span> <span class='ocrx_word' id='word_1_248' title='bbox 1137 912 1263 948; x_wconf 81' lang='lat' dir='ltr'><strong>scribit.</strong></span> <span class='ocrx_word' id='word_1_249' title='bbox 1293 915 1431 958; x_wconf 67' lang='lat' dir='ltr'><strong>Coll131it</strong></span> <span class='ocrx_word' id='word_1_250' title='bbox 1447 926 1532 949; x_wconf 74' lang='lat' dir='ltr'><strong>vero</strong></span> <span class='ocrx_word' id='word_1_251' title='bbox 1547 926 1626 950; x_wconf 59' lang='lat' dir='ltr'><strong>non.</strong></span> <span class='ocrx_word' id='word_1_252' title='bbox 1641 923 1694 952; x_wconf 83' lang='lat' dir='ltr'><strong>est</strong></span> 
     </span>
     <span class='ocr_line' id='line_1_47' title="bbox 1017 963 1694 1012; baseline 0.009 -15"><span class='ocrx_word' id='word_1_253' title='bbox 1017 963 1233 998; x_wconf 89' lang='lat' dir='ltr'><strong>movendum</strong></span> <span class='ocrx_word' id='word_1_254' title='bbox 1247 976 1254 997; x_wconf 92' lang='lat'>:</span> <span class='ocrx_word' id='word_1_255' title='bbox 1270 965 1394 1000; x_wconf 80' lang='lat' dir='ltr'><strong>Horat.</strong></span> <span class='ocrx_word' id='word_1_256' title='bbox 1410 976 1434 1000; x_wconf 85' lang='lat'><strong>1.</strong></span> <span class='ocrx_word' id='word_1_257' title='bbox 1450 966 1521 1001; x_wconf 83' lang='lat' dir='ltr'><strong>Sat.</strong></span> <span class='ocrx_word' id='word_1_258' title='bbox 1534 978 1617 1012; x_wconf 85' lang='lat' dir='ltr'><strong>vm,</strong></span> <span class='ocrx_word' id='word_1_259' title='bbox 1627 978 1694 1003; x_wconf 71' lang='lat'><strong>22¹2</strong></span> 
     </span>
    </p>
   </div>
   <div class='ocr_carea' id='block_1_7' title="bbox 1059 1023 1690 1058">
    <p class='ocr_par' dir='ltr' id='par_1_16' title="bbox 1059 1023 1690 1058">
     <span class='ocr_line' id='line_1_48' title="bbox 1059 1023 1690 1058; baseline 0.01 -12"><span class='ocrx_word' id='word_1_260' title='bbox 1059 1040 1090 1047; x_wconf 90' lang='lat'><strong>...</strong></span> <span class='ocrx_word' id='word_1_261' title='bbox 1102 1023 1172 1055; x_wconf 86' lang='lat' dir='ltr'><strong>Quin</strong></span> <span class='ocrx_word' id='word_1_262' title='bbox 1182 1032 1239 1048; x_wconf 74' lang='lat' dir='ltr'><strong>osse</strong></span> <span class='ocrx_word' id='word_1_263' title='bbox 1251 1024 1334 1056; x_wconf 76' lang='lat' dir='ltr'><strong>legant</strong></span> <span class='ocrx_word' id='word_1_264' title='bbox 1346 1043 1354 1055; x_wconf 89' lang='lat'>‚</span> <span class='ocrx_word' id='word_1_265' title='bbox 1365 1025 1509 1058; x_wconf 61' lang='lat' dir='ltr'><strong>herbaque</strong></span> <span class='ocrx_word' id='word_1_266' title='bbox 1519 1032 1648 1052; x_wconf 67' lang='lat' dir='ltr'><strong>nocentes.</strong></span> <span class='ocrx_word' id='word_1_267' title='bbox 1658 1028 1690 1052; x_wconf 80' lang='lat' dir='ltr'><strong>B.</strong></span> 
     </span>
    </p>
   </div>
   <div class='ocr_carea' id='block_1_8' title="bbox 1013 1071 1695 1823">
    <p class='ocr_par' dir='ltr' id='par_1_17' title="bbox 1018 1071 1694 1468">
     <span class='ocr_line' id='line_1_49' title="bbox 1061 1071 1693 1117; baseline 0.013 -14"><span class='ocrx_word' id='word_1_268' title='bbox 1061 1083 1114 1117; x_wconf 85' lang='lat'><strong>9¹·</strong></span> <span class='ocrx_word' id='word_1_269' title='bbox 1149 1071 1393 1117; x_wconf 55' lang='lat' dir='ltr'><strong>&amp;malamque</strong></span> <span class='ocrx_word' id='word_1_270' title='bbox 1418 1085 1525 1108; x_wconf 80' lang='lat' dir='ltr'><strong>cerea.</strong></span> <span class='ocrx_word' id='word_1_271' title='bbox 1565 1073 1693 1110; x_wconf 83' lang='lat' dir='ltr'><strong>Cereas</strong></span> 
     </span>
     <span class='ocr_line' id='line_1_50' title="bbox 1020 1121 1694 1168; baseline 0.01 -14"><span class='ocrx_word' id='word_1_272' title='bbox 1020 1121 1150 1167; x_wconf 84' lang='lat' dir='ltr'><strong>effigies</strong></span> <span class='ocrx_word' id='word_1_273' title='bbox 1162 1148 1172 1165; x_wconf 88' lang='lat'>‚</span> <span class='ocrx_word' id='word_1_274' title='bbox 1191 1121 1273 1157; x_wconf 87' lang='lat' dir='ltr'><strong>dicit</strong></span> <span class='ocrx_word' id='word_1_275' title='bbox 1284 1149 1293 1167; x_wconf 89' lang='lat'><strong><em>‚</em></strong></span> <span class='ocrx_word' id='word_1_276' title='bbox 1311 1135 1388 1168; x_wconf 86' lang='lat' dir='ltr'><strong>quae</strong></span> <span class='ocrx_word' id='word_1_277' title='bbox 1401 1123 1621 1161; x_wconf 75' lang='lat' dir='ltr'><strong>devovendos</strong></span> <span class='ocrx_word' id='word_1_278' title='bbox 1634 1139 1694 1162; x_wconf 88' lang='lat' dir='ltr'><strong>re-</strong></span> 
     </span>
     <span class='ocr_line' id='line_1_51' title="bbox 1019 1174 1694 1222; baseline 0.01 -16"><span class='ocrx_word' id='word_1_279' title='bbox 1019 1174 1270 1217; x_wconf 67' lang='lat' dir='ltr'><strong>praesentabant</strong></span> <span class='ocrx_word' id='word_1_280' title='bbox 1282 1201 1291 1218; x_wconf 92' lang='lat'><strong>,</strong></span> <span class='ocrx_word' id='word_1_281' title='bbox 1317 1181 1353 1209; x_wconf 84' lang='lat' dir='ltr'><strong>et</strong></span> <span class='ocrx_word' id='word_1_282' title='bbox 1366 1176 1492 1211; x_wconf 85' lang='lat' dir='ltr'><strong>acubus</strong></span> <span class='ocrx_word' id='word_1_283' title='bbox 1505 1176 1619 1212; x_wconf 79' lang='lat' dir='ltr'><strong>infixae</strong></span> <span class='ocrx_word' id='word_1_284' title='bbox 1628 1204 1637 1222; x_wconf 89' lang='lat'><strong>,</strong></span> <span class='ocrx_word' id='word_1_285' title='bbox 1655 1177 1694 1213; x_wconf 85' lang='lat' dir='ltr'><strong>iu</strong></span> 
     </span>
     <span class='ocr_line' id='line_1_52' title="bbox 1018 1224 1692 1272; baseline 0.009 -14"><span class='ocrx_word' id='word_1_286' title='bbox 1018 1224 1137 1269; x_wconf 85' lang='lat' dir='ltr'><strong>ignem</strong></span> <span class='ocrx_word' id='word_1_287' title='bbox 1152 1225 1291 1260; x_wconf 87' lang='lat' dir='ltr'><strong>abibant</strong></span> <span class='ocrx_word' id='word_1_288' title='bbox 1304 1225 1503 1272; x_wconf 79' lang='lat' dir='ltr'><strong>liquesactae.</strong></span> <span class='ocrx_word' id='word_1_289' title='bbox 1517 1246 1562 1254; x_wconf 89' lang='lat'>—</span> <span class='ocrx_word' id='word_1_290' title='bbox 1576 1229 1692 1264; x_wconf 83' lang='lat' dir='ltr'><strong>S1‘mu-</strong></span> 
     </span>
     <span class='ocr_line' id='line_1_53' title="bbox 1018 1278 1693 1326; baseline 0.01 -17"><span class='ocrx_word' id='word_1_291' title='bbox 1018 1278 1174 1321; x_wconf 82' lang='lat' dir='ltr'><strong>lacraque</strong></span> <span class='ocrx_word' id='word_1_292' title='bbox 1183 1279 1395 1323; x_wconf 66' lang='lat' dir='ltr'><strong>cereafinffl‘l.</strong></span> <span class='ocrx_word' id='word_1_293' title='bbox 1404 1278 1693 1326; x_wconf 69' lang='lat' dir='ltr'><strong>Puteaneusfigil.</strong></span> 
     </span>
     <span class='ocr_line' id='line_1_54' title="bbox 1020 1327 1693 1378; baseline 0.009 -17"><span class='ocrx_word' id='word_1_294' title='bbox 1020 1327 1164 1372; x_wconf 83' lang='lat' dir='ltr'><strong>Optime</strong></span> <span class='ocrx_word' id='word_1_295' title='bbox 1174 1354 1183 1371; x_wconf 94' lang='lat'><strong>,</strong></span> <span class='ocrx_word' id='word_1_296' title='bbox 1201 1335 1241 1362; x_wconf 91' lang='lat' dir='ltr'><strong>ut</strong></span> <span class='ocrx_word' id='word_1_297' title='bbox 1256 1327 1298 1363; x_wconf 88' lang='lat' dir='ltr'><strong>de</strong></span> <span class='ocrx_word' id='word_1_298' title='bbox 1312 1327 1538 1365; x_wconf 80' lang='lat' dir='ltr'><strong>defixionibus</strong></span> <span class='ocrx_word' id='word_1_299' title='bbox 1553 1331 1693 1378; x_wconf 76' lang='lat' dir='ltr'><strong>magicis</strong></span> 
     </span>
     <span class='ocr_line' id='line_1_55' title="bbox 1020 1379 1694 1426; baseline 0.012 -14"><span class='ocrx_word' id='word_1_300' title='bbox 1020 1385 1150 1424; x_wconf 79' lang='lat' dir='ltr'><strong>agatur.</strong></span> <span class='ocrx_word' id='word_1_301' title='bbox 1167 1379 1264 1415; x_wconf 88' lang='lat' dir='ltr'><strong>Vidit</strong></span> <span class='ocrx_word' id='word_1_302' title='bbox 1279 1379 1314 1414; x_wconf 84' lang='lat' dir='ltr'><strong>id</strong></span> <span class='ocrx_word' id='word_1_303' title='bbox 1328 1381 1400 1426; x_wconf 76' lang='lat' dir='ltr'><strong>iam</strong></span> <span class='ocrx_word' id='word_1_304' title='bbox 1411 1380 1607 1419; x_wconf 77' lang='lat' dir='ltr'><strong>Salmasius.</strong></span> <span class='ocrx_word' id='word_1_305' title='bbox 1619 1382 1694 1419; x_wconf 82' lang='lat' dir='ltr'><strong>Se·-</strong></span> 
     </span>
     <span class='ocr_line' id='line_1_56' title="bbox 1019 1431 1431 1468; baseline 0.007 -3"><span class='ocrx_word' id='word_1_306' title='bbox 1019 1443 1106 1466; x_wconf 89' lang='lat' dir='ltr'><strong>neca</strong></span> <span class='ocrx_word' id='word_1_307' title='bbox 1121 1431 1274 1466; x_wconf 86' lang='lat' dir='ltr'><strong>Hercule</strong></span> <span class='ocrx_word' id='word_1_308' title='bbox 1294 1432 1431 1468; x_wconf 82' lang='lat' dir='ltr'><strong>OEtaeo:</strong></span> 
     </span>
    </p>

    <p class='ocr_par' dir='ltr' id='par_1_18' title="bbox 1178 1487 1534 1522">
     <span class='ocr_line' id='line_1_57' title="bbox 1178 1487 1534 1522; baseline 0.011 -11"><span class='ocrx_word' id='word_1_309' title='bbox 1178 1502 1203 1512; x_wconf 85' lang='grc'><strong>..</strong></span> <span class='ocrx_word' id='word_1_310' title='bbox 1213 1504 1220 1511; x_wconf 95' lang='grc'><strong>.</strong></span> <span class='ocrx_word' id='word_1_311' title='bbox 1240 1487 1298 1512; x_wconf 84' lang='lat' dir='ltr'><strong>Hoc</strong></span> <span class='ocrx_word' id='word_1_312' title='bbox 1311 1506 1320 1519; x_wconf 92' lang='lat'><strong>,</strong></span> <span class='ocrx_word' id='word_1_313' title='bbox 1336 1487 1438 1521; x_wconf 76' lang='lat' dir='ltr'><strong>inquit,</strong></span> <span class='ocrx_word' id='word_1_314' title='bbox 1455 1497 1534 1522; x_wconf 62' lang='lat' dir='ltr'><strong>magn</strong></span> 
     </span>
    </p>

    <p class='ocr_par' dir='ltr' id='par_1_19' title="bbox 1013 1533 1695 1823">
     <span class='ocr_line' id='line_1_58' title="bbox 1050 1533 1549 1569; baseline 0.008 -10"><span class='ocrx_word' id='word_1_315' title='bbox 1050 1533 1147 1559; x_wconf 79' lang='lat' dir='ltr'><strong>Dixere</strong></span> <span class='ocrx_word' id='word_1_316' title='bbox 1162 1543 1283 1560; x_wconf 77' lang='lat' dir='ltr'><strong>amorem·</strong></span> <span class='ocrx_word' id='word_1_317' title='bbox 1292 1544 1369 1568; x_wconf 71' lang='lat' dir='ltr'><strong>posse</strong></span> <span class='ocrx_word' id='word_1_318' title='bbox 1381 1536 1456 1569; x_wconf 72' lang='lat' dir='ltr'><strong>defigi</strong></span> <span class='ocrx_word' id='word_1_319' title='bbox 1472 1538 1549 1563; x_wconf 65' lang='lat' dir='ltr'><strong>malm</strong></span> 
     </span>
     <span class='ocr_line' id='line_1_59' title="bbox 1020 1581 1695 1630; baseline 0.012 -15"><span class='ocrx_word' id='word_1_320' title='bbox 1020 1581 1130 1616; x_wconf 81' lang='lat' dir='ltr'><strong>Paulo</strong></span> <span class='ocrx_word' id='word_1_321' title='bbox 1146 1582 1244 1617; x_wconf 87' lang='lat' dir='ltr'><strong>aliter</strong></span> <span class='ocrx_word' id='word_1_322' title='bbox 1259 1584 1398 1619; x_wconf 85' lang='lat' dir='ltr'><strong>Persius</strong></span> <span class='ocrx_word' id='word_1_323' title='bbox 1416 1584 1488 1620; x_wconf 85' lang='lat' dir='ltr'><strong>Sat.</strong></span> <span class='ocrx_word' id='word_1_324' title='bbox 1504 1596 1541 1630; x_wconf 79' lang='lat' dir='ltr'><strong>v,</strong></span> <span class='ocrx_word' id='word_1_325' title='bbox 1562 1585 1612 1622; x_wconf 79' lang='lat'><strong>16.</strong></span> <span class='ocrx_word' id='word_1_326' title='bbox 1627 1587 1695 1622; x_wconf 77' lang='lat' dir='ltr'><strong>In-</strong></span> 
     </span>
     <span class='ocr_line' id='line_1_60' title="bbox 1013 1636 1695 1683; baseline 0.01 -17"><span class='ocrx_word' id='word_1_327' title='bbox 1013 1645 1122 1676; x_wconf 71' lang='lat' dir='ltr'><strong>genuo</strong></span> <span class='ocrx_word' id='word_1_328' title='bbox 1135 1636 1266 1678; x_wconf 80' lang='lat' dir='ltr'><strong>culpam</strong></span> <span class='ocrx_word' id='word_1_329' title='bbox 1277 1637 1418 1681; x_wconf 64' lang='lat' dir='ltr'><strong>defigere</strong></span> <span class='ocrx_word' id='word_1_330' title='bbox 1424 1638 1513 1678; x_wconf 81' lang='lat' dir='ltr'><strong>ludo,</strong></span> <span class='ocrx_word' id='word_1_331' title='bbox 1527 1638 1695 1683; x_wconf 78' lang='lat' dir='ltr'><strong>tanquam</strong></span> 
     </span>
     <span class='ocr_line' id='line_1_61' title="bbox 1018 1683 1694 1734; baseline 0.009 -16"><span class='ocrx_word' id='word_1_332' title='bbox 1018 1685 1136 1719; x_wconf 89' lang='lat' dir='ltr'><strong>aculeo</strong></span> <span class='ocrx_word' id='word_1_333' title='bbox 1162 1692 1304 1731; x_wconf 87' lang='lat' dir='ltr'><strong>tangere</strong></span> <span class='ocrx_word' id='word_1_334' title='bbox 1325 1687 1478 1734; x_wconf 84' lang='lat' dir='ltr'><strong>satyricis</strong></span> <span class='ocrx_word' id='word_1_335' title='bbox 1492 1683 1694 1734; x_wconf 74' lang='lat' dir='ltr'><strong>repreheu-</strong></span> 
     </span>
     <span class='ocr_line' id='line_1_62' title="bbox 1018 1735 1694 1787; baseline 0.01 -17"><span class='ocrx_word' id='word_1_336' title='bbox 1018 1735 1180 1771; x_wconf 86' lang='lat' dir='ltr'><strong>sionibus.</strong></span> <span class='ocrx_word' id='word_1_337' title='bbox 1200 1737 1316 1772; x_wconf 87' lang='lat' dir='ltr'><strong>Valer.</strong></span> <span class='ocrx_word' id='word_1_338' title='bbox 1332 1737 1422 1774; x_wconf 83' lang='lat' dir='ltr'><strong>Flac.</strong></span> <span class='ocrx_word' id='word_1_339' title='bbox 1438 1738 1495 1774; x_wconf 88' lang='lat' dir='ltr'><strong>lib.</strong></span> <span class='ocrx_word' id='word_1_340' title='bbox 1518 1750 1592 1786; x_wconf 79' lang='lat' dir='ltr'><strong>vn,</strong></span> <span class='ocrx_word' id='word_1_341' title='bbox 1608 1741 1672 1785; x_wconf 81' lang='lat'><strong>463</strong></span> <span class='ocrx_word' id='word_1_342' title='bbox 1682 1768 1694 1787; x_wconf 84' lang='lat'><strong>,</strong></span> 
     </span>
     <span class='ocr_line' id='line_1_63' title="bbox 1020 1787 1230 1823; baseline 0.01 -2"><span class='ocrx_word' id='word_1_343' title='bbox 1020 1787 1062 1822; x_wconf 90' lang='lat' dir='ltr'><strong>de</strong></span> <span class='ocrx_word' id='word_1_344' title='bbox 1081 1788 1230 1823; x_wconf 87' lang='lat' dir='ltr'><strong>Medea:</strong></span> 
     </span>
    </p>
   </div>
   <div class='ocr_carea' id='block_1_9' title="bbox 1018 1848 1702 2819">
    <p class='ocr_par' dir='ltr' id='par_1_20' title="bbox 1020 1848 1648 1925">
     <span class='ocr_line' id='line_1_64' title="bbox 1020 1848 1648 1884; baseline 0.006 -11"><span class='ocrx_word' id='word_1_345' title='bbox 1020 1848 1139 1874; x_wconf 68' lang='lat' dir='ltr'><strong>(lai-mina</strong></span> <span class='ocrx_word' id='word_1_346' title='bbox 1151 1857 1221 1874; x_wconf 82' lang='lat' dir='ltr'><strong>nunc</strong></span> <span class='ocrx_word' id='word_1_347' title='bbox 1229 1853 1299 1874; x_wconf 75' lang='lat' dir='ltr'><strong>totos</strong></span> <span class='ocrx_word' id='word_1_348' title='bbox 1309 1848 1394 1875; x_wconf 74' lang='lat' dir='ltr'><strong>volvit</strong></span> <span class='ocrx_word' id='word_1_349' title='bbox 1403 1849 1510 1883; x_wconf 72' lang='lat' dir='ltr'><strong>figitque</strong></span> <span class='ocrx_word' id='word_1_350' title='bbox 1519 1858 1567 1884; x_wconf 73' lang='lat' dir='ltr'><strong>per</strong></span> <span class='ocrx_word' id='word_1_351' title='bbox 1575 1855 1648 1877; x_wconf 70' lang='lat' dir='ltr'><strong>artus</strong></span> 
     </span>
     <span class='ocr_line' id='line_1_65' title="bbox 1020 1896 1595 1925; baseline 0.005 -3"><span class='ocrx_word' id='word_1_352' title='bbox 1020 1896 1159 1922; x_wconf 68' lang='lat' dir='ltr'><strong>AEsonidn.</strong></span> <span class='ocrx_word' id='word_1_353' title='bbox 1486 1897 1595 1925; x_wconf 69' lang='lat' dir='ltr'><strong>Bruu-</strong></span> 
     </span>
    </p>

    <p class='ocr_par' dir='ltr' id='par_1_21' title="bbox 1019 1947 1702 2396">
     <span class='ocr_line' id='line_1_66' title="bbox 1062 1947 1702 1994; baseline 0.008 -15"><span class='ocrx_word' id='word_1_354' title='bbox 1062 1958 1115 1992; x_wconf 80' lang='lat'><strong>9²·</strong></span> <span class='ocrx_word' id='word_1_355' title='bbox 1151 1947 1202 1980; x_wconf 82' lang='lat' dir='ltr'><strong>Et</strong></span> <span class='ocrx_word' id='word_1_356' title='bbox 1219 1949 1373 1982; x_wconf 60' lang='lat' dir='ltr'><strong>miserum</strong></span> <span class='ocrx_word' id='word_1_357' title='bbox 1399 1951 1517 1982; x_wconf 76' lang='lat' dir='ltr'><strong>tenues</strong></span> <span class='ocrx_word' id='word_1_358' title='bbox 1540 1951 1579 1983; x_wconf 79' lang='lat' dir='ltr'><strong>in</strong></span> <span class='ocrx_word' id='word_1_359' title='bbox 1594 1949 1702 1994; x_wconf 82' lang='lat' dir='ltr'><strong>jecur</strong></span> 
     </span>
     <span class='ocr_line' id='line_1_67' title="bbox 1019 1999 1695 2045; baseline 0.009 -16"><span class='ocrx_word' id='word_1_360' title='bbox 1019 2001 1115 2040; x_wconf 73' lang='lat' dir='ltr'><strong>urget</strong></span> <span class='ocrx_word' id='word_1_361' title='bbox 1136 2010 1228 2033; x_wconf 84' lang='lat' dir='ltr'><strong>acus.</strong></span> <span class='ocrx_word' id='word_1_362' title='bbox 1255 1999 1373 2045; x_wconf 82' lang='lat' dir='ltr'><strong>lnfigit</strong></span> <span class='ocrx_word' id='word_1_363' title='bbox 1387 2026 1397 2043; x_wconf 89' lang='lat'><strong>,</strong></span> <span class='ocrx_word' id='word_1_364' title='bbox 1422 2000 1552 2035; x_wconf 81' lang='lat' dir='ltr'><strong>ulcerat</strong></span> <span class='ocrx_word' id='word_1_365' title='bbox 1579 2000 1695 2035; x_wconf 83' lang='lat' dir='ltr'><strong>devo-</strong></span> 
     </span>
     <span class='ocr_line' id='line_1_68' title="bbox 1020 2049 1696 2097; baseline 0.007 -15"><span class='ocrx_word' id='word_1_366' title='bbox 1020 2055 1096 2082; x_wconf 85' lang='lat' dir='ltr'><strong>tum</strong></span> <span class='ocrx_word' id='word_1_367' title='bbox 1110 2049 1225 2095; x_wconf 87' lang='lat' dir='ltr'><strong>jecur,</strong></span> <span class='ocrx_word' id='word_1_368' title='bbox 1252 2051 1344 2095; x_wconf 90' lang='lat' dir='ltr'><strong>quod</strong></span> <span class='ocrx_word' id='word_1_369' title='bbox 1359 2051 1457 2086; x_wconf 87' lang='lat' dir='ltr'><strong>sedes</strong></span> <span class='ocrx_word' id='word_1_370' title='bbox 1471 2051 1598 2086; x_wconf 78' lang='lat' dir='ltr'><strong>amoris</strong></span> <span class='ocrx_word' id='word_1_371' title='bbox 1612 2064 1696 2097; x_wconf 57' lang='lat' dir='ltr'><strong>pru-</strong></span> 
     </span>
     <span class='ocr_line' id='line_1_69' title="bbox 1019 2100 1698 2147; baseline 0.004 -12"><span class='ocrx_word' id='word_1_372' title='bbox 1019 2100 1119 2145; x_wconf 82' lang='lat' dir='ltr'><strong>cipua</strong></span> <span class='ocrx_word' id='word_1_373' title='bbox 1130 2101 1318 2145; x_wconf 85' lang='lat' dir='ltr'><strong>serebatur,</strong></span> <span class='ocrx_word' id='word_1_374' title='bbox 1333 2114 1373 2135; x_wconf 89' lang='lat' dir='ltr'><strong>ea</strong></span> <span class='ocrx_word' id='word_1_375' title='bbox 1383 2114 1456 2147; x_wconf 86' lang='lat' dir='ltr'><strong>spe,</strong></span> <span class='ocrx_word' id='word_1_376' title='bbox 1469 2102 1577 2137; x_wconf 78' lang='lat' dir='ltr'><strong>utine</strong></span> <span class='ocrx_word' id='word_1_377' title='bbox 1592 2103 1698 2138; x_wconf 63' lang='lat' dir='ltr'><strong>simu}</strong></span> 
     </span>
     <span class='ocr_line' id='line_1_70' title="bbox 1020 2154 1697 2201; baseline 0.003 -14"><span class='ocrx_word' id='word_1_378' title='bbox 1020 2160 1282 2197; x_wconf 87' lang='lat' dir='ltr'><strong>percuteretur,</strong></span> <span class='ocrx_word' id='word_1_379' title='bbox 1305 2154 1403 2199; x_wconf 84' lang='lat' dir='ltr'><strong>cujus</strong></span> <span class='ocrx_word' id='word_1_380' title='bbox 1419 2167 1554 2188; x_wconf 86' lang='lat' dir='ltr'><strong>ceream</strong></span> <span class='ocrx_word' id='word_1_381' title='bbox 1572 2154 1697 2201; x_wconf 83' lang='lat' dir='ltr'><strong>imagi-</strong></span> 
     </span>
     <span class='ocr_line' id='line_1_71' title="bbox 1019 2205 1694 2251; baseline 0.003 -13"><span class='ocrx_word' id='word_1_382' title='bbox 1019 2217 1103 2239; x_wconf 88' lang='lat' dir='ltr'><strong>nem</strong></span> <span class='ocrx_word' id='word_1_383' title='bbox 1123 2205 1345 2250; x_wconf 87' lang='lat' dir='ltr'><strong>percutiebat.</strong></span> <span class='ocrx_word' id='word_1_384' title='bbox 1381 2205 1502 2241; x_wconf 84' lang='lat' dir='ltr'><strong>Simile</strong></span> <span class='ocrx_word' id='word_1_385' title='bbox 1529 2205 1694 2251; x_wconf 83' lang='lat' dir='ltr'><strong>quiddam</strong></span> 
     </span>
     <span class='ocr_line' id='line_1_72' title="bbox 1019 2256 1692 2302; baseline 0.004 -12"><span class='ocrx_word' id='word_1_386' title='bbox 1019 2256 1271 2291; x_wconf 79' lang='lat' dir='ltr'><strong>conserendum</strong></span> <span class='ocrx_word' id='word_1_387' title='bbox 1289 2270 1331 2291; x_wconf 87' lang='lat' dir='ltr'><strong>ex</strong></span> <span class='ocrx_word' id='word_1_388' title='bbox 1351 2259 1523 2293; x_wconf 83' lang='lat' dir='ltr'><strong>Henn&#39;ade</strong></span> <span class='ocrx_word' id='word_1_389' title='bbox 1537 2284 1547 2300; x_wconf 86' lang='lat'><strong>,</strong></span> <span class='ocrx_word' id='word_1_390' title='bbox 1572 2257 1628 2293; x_wconf 87' lang='lat' dir='ltr'><strong>lib.</strong></span> <span class='ocrx_word' id='word_1_391' title='bbox 1646 2268 1692 2302; x_wconf 78' lang='lat' dir='ltr'><strong>v,</strong></span> 
     </span>
     <span class='ocr_line' id='line_1_73' title="bbox 1019 2308 1695 2356; baseline 0.003 -14"><span class='ocrx_word' id='word_1_392' title='bbox 1019 2308 1078 2342; x_wconf 88' lang='lat' dir='ltr'><strong>ubi</strong></span> <span class='ocrx_word' id='word_1_393' title='bbox 1096 2309 1263 2344; x_wconf 85' lang='lat' dir='ltr'><strong>mirandis</strong></span> <span class='ocrx_word' id='word_1_394' title='bbox 1287 2310 1498 2345; x_wconf 81' lang='lat' dir='ltr'><strong>carminibus</strong></span> <span class='ocrx_word' id='word_1_395' title='bbox 1521 2310 1695 2356; x_wconf 80' lang='lat' dir='ltr'><strong>magicum</strong></span> 
     </span>
     <span class='ocr_line' id='line_1_74' title="bbox 1019 2359 1460 2396; baseline 0 -1"><span class='ocrx_word' id='word_1_396' title='bbox 1019 2359 1223 2395; x_wconf 87' lang='lat' dir='ltr'><strong>describitur</strong></span> <span class='ocrx_word' id='word_1_397' title='bbox 1244 2361 1460 2396; x_wconf 82' lang='lat' dir='ltr'><strong>sacrificium.</strong></span> 
     </span>
    </p>

    <p class='ocr_par' dir='ltr' id='par_1_22' title="bbox 1018 2411 1696 2819">
     <span class='ocr_line' id='line_1_75' title="bbox 1062 2411 1695 2459; baseline 0.003 -13"><span class='ocrx_word' id='word_1_398' title='bbox 1062 2413 1115 2459; x_wconf 83' lang='lat'><strong>93.</strong></span> <span class='ocrx_word' id='word_1_399' title='bbox 1129 2415 1180 2447; x_wconf 83' lang='lat' dir='ltr'><strong>Et</strong></span> <span class='ocrx_word' id='word_1_400' title='bbox 1199 2426 1271 2458; x_wconf 82' lang='lat' dir='ltr'><strong>quae</strong></span> <span class='ocrx_word' id='word_1_401' title='bbox 1290 2416 1465 2447; x_wconf 69' lang='lat' dir='ltr'><strong>nescierim</strong></span> <span class='ocrx_word' id='word_1_402' title='bbox 1483 2415 1610 2448; x_wconf 50' lang='lat' dir='ltr'><strong>›melius-¹</strong></span> <span class='ocrx_word' id='word_1_403' title='bbox 1636 2411 1695 2448; x_wconf 87' lang='lat' dir='ltr'><strong>Sic</strong></span> 
     </span>
     <span class='ocr_line' id='line_1_76' title="bbox 1019 2463 1693 2510; baseline 0 -12"><span class='ocrx_word' id='word_1_404' title='bbox 1019 2465 1115 2498; x_wconf 90' lang='lat' dir='ltr'><strong>enim</strong></span> <span class='ocrx_word' id='word_1_405' title='bbox 1139 2464 1483 2510; x_wconf 86' lang='lat' dir='ltr'><strong>interpungendum;</strong></span> <span class='ocrx_word' id='word_1_406' title='bbox 1509 2463 1596 2499; x_wconf 84' lang='lat' dir='ltr'><strong>adeo</strong></span> <span class='ocrx_word' id='word_1_407' title='bbox 1618 2476 1693 2498; x_wconf 86' lang='lat' dir='ltr'><strong>non</strong></span> 
     </span>
     <span class='ocr_line' id='line_1_77' title="bbox 1020 2514 1696 2562; baseline 0 -13"><span class='ocrx_word' id='word_1_408' title='bbox 1020 2515 1157 2550; x_wconf 88' lang='lat' dir='ltr'><strong>Medeae</strong></span> <span class='ocrx_word' id='word_1_409' title='bbox 1172 2516 1331 2561; x_wconf 84' lang='lat' dir='ltr'><strong>peritiam</strong></span> <span class='ocrx_word' id='word_1_410' title='bbox 1349 2516 1489 2562; x_wconf 69' lang='lat' dir='ltr'><strong>magice</strong></span> <span class='ocrx_word' id='word_1_411' title='bbox 1505 2515 1587 2549; x_wconf 71' lang='lat' dir='ltr'><strong>artis</strong></span> <span class='ocrx_word' id='word_1_412' title='bbox 1602 2514 1696 2549; x_wconf 82' lang='lat' dir='ltr'><strong>invi-</strong></span> 
     </span>
     <span class='ocr_line' id='line_1_78' title="bbox 1020 2565 1695 2614; baseline -0.001 -13"><span class='ocrx_word' id='word_1_413' title='bbox 1020 2566 1079 2601; x_wconf 81' lang='lat' dir='ltr'><strong>det</strong></span> <span class='ocrx_word' id='word_1_414' title='bbox 1086 2568 1290 2614; x_wconf 85' lang='lat' dir='ltr'><strong>Hypsipyle,</strong></span> <span class='ocrx_word' id='word_1_415' title='bbox 1298 2574 1464 2602; x_wconf 81' lang='lat' dir='ltr'><strong>utcontra</strong></span> <span class='ocrx_word' id='word_1_416' title='bbox 1472 2566 1592 2601; x_wconf 86' lang='lat' dir='ltr'><strong>talium</strong></span> <span class='ocrx_word' id='word_1_417' title='bbox 1600 2565 1695 2611; x_wconf 85' lang='lat' dir='ltr'><strong>igna-</strong></span> 
     </span>
     <span class='ocr_line' id='line_1_79' title="bbox 1018 2617 1694 2670; baseline -0.001 -17"><span class='ocrx_word' id='word_1_418' title='bbox 1018 2631 1067 2653; x_wconf 85' lang='lat' dir='ltr'><strong>rae</strong></span> <span class='ocrx_word' id='word_1_419' title='bbox 1086 2619 1148 2670; x_wconf 74' lang='lat' dir='ltr'><strong>sibi</strong></span> <span class='ocrx_word' id='word_1_420' title='bbox 1171 2632 1212 2653; x_wconf 80' lang='lat' dir='ltr'><strong>ex</strong></span> <span class='ocrx_word' id='word_1_421' title='bbox 1229 2619 1346 2653; x_wconf 87' lang='lat' dir='ltr'><strong>animo</strong></span> <span class='ocrx_word' id='word_1_422' title='bbox 1364 2617 1512 2665; x_wconf 84' lang='lat' dir='ltr'><strong>plaudat.</strong></span> <span class='ocrx_word' id='word_1_423' title='bbox 1534 2636 1580 2646; x_wconf 92' lang='lat'>—</span> <span class='ocrx_word' id='word_1_424' title='bbox 1597 2619 1694 2652; x_wconf 75' lang='lat' dir='ltr'><strong>Male</strong></span> 
     </span>
     <span class='ocr_line' id='line_1_80' title="bbox 1018 2669 1694 2715; baseline -0.001 -11"><span class='ocrx_word' id='word_1_425' title='bbox 1018 2673 1287 2715; x_wconf 70' lang='lat' dir='ltr'><strong>quoen&#39;turberbtlr</strong></span> <span class='ocrx_word' id='word_1_426' title='bbox 1294 2678 1358 2706; x_wconf 85' lang='lat' dir='ltr'><strong>etc.</strong></span> <span class='ocrx_word' id='word_1_427' title='bbox 1365 2669 1492 2705; x_wconf 81' lang='lat' dir='ltr'><strong>Aldina</strong></span> <span class='ocrx_word' id='word_1_428' title='bbox 1499 2669 1571 2705; x_wconf 82' lang='lat' dir='ltr'><strong>haec</strong></span> <span class='ocrx_word' id='word_1_429' title='bbox 1577 2669 1694 2714; x_wconf 79' lang='lat' dir='ltr'><strong>lectio,</strong></span> 
     </span>
     <span class='ocr_line' id='line_1_81' title="bbox 1020 2721 1691 2768; baseline -0.001 -12"><span class='ocrx_word' id='word_1_430' title='bbox 1020 2734 1097 2767; x_wconf 85' lang='lat' dir='ltr'><strong>quae</strong></span> <span class='ocrx_word' id='word_1_431' title='bbox 1113 2722 1184 2768; x_wconf 89' lang='lat' dir='ltr'><strong>jam</strong></span> <span class='ocrx_word' id='word_1_432' title='bbox 1207 2722 1374 2757; x_wconf 78' lang='lat' dir='ltr'><strong>servanda</strong></span> <span class='ocrx_word' id='word_1_433' title='bbox 1391 2721 1534 2768; x_wconf 88' lang='lat' dir='ltr'><strong>Micyllo</strong></span> <span class='ocrx_word' id='word_1_434' title='bbox 1549 2721 1691 2756; x_wconf 75' lang='lat' dir='ltr'><strong>videba-</strong></span> 
     </span>
     <span class='ocr_line' id='line_1_82' title="bbox 1019 2772 1690 2819; baseline -0.004 -10"><span class='ocrx_word' id='word_1_435' title='bbox 1019 2781 1094 2819; x_wconf 83' lang='lat' dir='ltr'><strong>tur,</strong></span> <span class='ocrx_word' id='word_1_436' title='bbox 1112 2782 1147 2810; x_wconf 89' lang='lat' dir='ltr'><strong>et</strong></span> <span class='ocrx_word' id='word_1_437' title='bbox 1162 2774 1343 2809; x_wconf 87' lang='lat' dir='ltr'><strong>retinenda</strong></span> <span class='ocrx_word' id='word_1_438' title='bbox 1360 2786 1516 2819; x_wconf 75' lang='lat' dir='ltr'><strong>prorsus,</strong></span> <span class='ocrx_word' id='word_1_439' title='bbox 1535 2772 1690 2819; x_wconf 81' lang='lat' dir='ltr'><strong>quamvis</strong></span> 
     </span>
    </p>
   </div>
   <div class='ocr_carea' id='block_1_10' title="bbox 1709 0 1884 269">
    <p class='ocr_par' dir='ltr' id='par_1_23' title="bbox 1709 0 1884 269">
     <span class='ocr_line' id='line_1_83' title="bbox 1709 0 1884 269; baseline 0 2843"><span class='ocrx_word' id='word_1_440' title='bbox 1709 0 1884 269; x_wconf 95' lang='lat' dir='ltr'><strong> </strong></span> 
     </span>
    </p>
   </div>
   <div class='ocr_carea' id='block_1_11' title="bbox 1828 557 1884 3112">
    <p class='ocr_par' dir='ltr' id='par_1_24' title="bbox 1828 557 1884 3112">
     <span class='ocr_line' id='line_1_84' title="bbox 1828 557 1884 3112; baseline 0 0"><span class='ocrx_word' id='word_1_441' title='bbox 1828 557 1884 3112; x_wconf 95' lang='lat' dir='ltr'><strong> </strong></span> 
     </span>
    </p>
   </div>
  </div>
 </body>
</html>
