1884 3112
309 267 394 313 250

739 267 1086 313 EPISTOLA
1130 270 1269 315 xlv.

307 361 501 424 Vulgus,
527 361 719 427 Hymen,
745 361 1002 426 Hymenaee,
1026 372 1182 409 vocant
1201 381 1211 410 :
1231 362 1346 425 fugit
1366 361 1442 413 ille
1463 376 1683 415 vocantes.

369 440 471 504 Ipsa
493 438 608 485 Iovis
633 437 794 503 conjux
817 437 948 486 cessit
968 437 1024 486 ab
1048 438 1159 487 urbe
1183 458 1275 487 sua.
1542 439 1544 441 ’

304 517 416 564 Ecce
437 534 556 563 mero
584 514 733 573 dubii,
758 514 968 563 comitum
992 513 1180 563 clamore
1203 514 1478 581 frequentes,

370 590 499 639 Flore
522 610 639 639 novo
662 591 857 640 madidas
881 591 1145 657 impediente
1170 611 1333 650 comas,
1675 609 1718 643 30

304 666 357 712 In
382 666 595 715 thalamos
616 666 724 726 laeti,
751 667 988 726 thalamos,
1015 687 1094 717 sua
1116 668 1269 727 busta,
1295 667 1524 734 feruntur3

367 743 597 810 Strataque
623 744 910 811 corporibus,
936 744 1087 794 funere
1113 745 1263 808 digna,
1291 757 1512 812 premunt.

301 821 486 888 Jamque
510 821 611 869 cibo
635 821 826 887 vinoque
851 841 1001 884 graves
1022 841 1266 889 somnoque
1288 823 1520 888 jacebant;

343 972 395 1005 27.
421 961 566 1004 Vulgus,
596 961 728 1007 Ilymeu
742 987 752 1005 ‚
772 963 952 1008 Hymenoee
964 989 973 1003 ‚

300 1015 403 1045 vocat
417 1019 480 1046 etc.
511 1012 593 1046 Non
617 1013 675 1047 abs
703 1026 742 1047 re
762 1014 897 1048 mentio
922 1013 979 1048 hic

301 1064 490 1108 Imeenaei,
509 1064 567 1108 qui
579 1071 700 1099 cantus
709 1064 897 1110 hisnuptiis
906 1065 979 1110 pri-

300 1126 400 1148 mum
422 1115 584 1150 inventus
606 1123 657 1150 est
669 1143 678 1160 ,
701 1117 846 1164 Hygino
862 1124 947 1152 teste
966 1143 976 1162 ,

300 1166 331 1200 F
332 1167 384 1201 ab.
395 1177 568 1201 chxxm.
576 1186 620 1193 —-
628 1170 731 1212 Fugit
738 1171 798 1203 ille
808 1174 977 1204 vocantes.

301 1218 359 1253 Sic
375 1218 458 1253 etin
477 1220 713 1265 Metamorph.
733 1231 754 1254 x
765 1247 774 1264 ,
794 1221 835 1256 3:

437 1279 550 1312 orpheia
564 1280 736 1313 nequicquam
749 1289 810 1305 voce
824 1286 939 1306 vocatur.

299 1326 395 1352 Adfuit
405 1328 448 1352 ille
462 1328 583 1361 qnidem;
597 1329 641 1353 sed
654 1337 700 1353 nec
718 1329 831 1354 solennia
842 1330 920 1354 verb·
932 1348 941 1361 ,

299 1376 355 1402 Nee
369 1376 439 1400 laetos
451 1376 539 1401 vultus
547 1395 556 1407 ,
572 1385 619 1401 nec
630 1376 692 1402 felix
704 1377 800 1402 adtulit
810 1387 885 1403 omen
895 1383 944 1403 etc.

343 1428 395 1462 28.
427 1429 509 1472 Ipsa
530 1430 628 1462 Jous‘s
655 1430 781 1475 conjux
808 1434 913 1464 cessit
935 1433 979 1464 ab

297 1481 376 1512 urbe
402 1492 475 1513 sua.
506 1480 561 1514 Ab
590 1480 691 1526 Argis
703 1508 712 1525 ,
739 1482 865 1517 seilicet
886 1509 895 1526 ,
920 1483 978 1517 ubi

298 1531 429 1576 nuptiae
447 1531 667 1567 celebrantur
680 1533 882 1568 Danaidum
895 1547 977 1569 cum

300 1582 443 1629 AEgypti
455 1583 549 1626 siliis3
565 1597 635 1628 quo
646 1584 789 1629 quidem
799 1585 874 1620 loco
882 1587 979 1620 Jovis

299 1635 424 1678 conjux
446 1635 605 1680 inprimis
631 1635 882 1682 delectabatur,
898 1637 977 1683 quia

300 1686 347 1720 ibi
374 1693 455 1720 nata
486 1687 682 1731 serebatur,
708 1687 856 1734 ideoque
882 1702 977 1723 suam

299 1741 409 1771 urbem
434 1745 536 1783 poeta
552 1740 694 1774 vocavit.
719 1758 776 1766 -ν
792 1742 880 1775 Urbe
904 1753 976 1775 sua.

301 1789 469 1834 Sequitur
489 1790 563 1825 illos
590 1798 746 1826 auctores
773 1792 866 1826 Naso
879 1819 889 1836 ,
918 1793 977 1837 qui

300 1841 367 1876 hoc
384 1841 484 1888 Argis
494 1843 623 1877 sactum
639 1856 710 1878 esse
726 1852 872 1879 narrant
889 1845 977 1880 :vid.

302 1894 434 1940 Hygin.
452 1894 533 1928 Fab.
555 1895 636 1936 1683
653 1903 688 1930 et
705 1895 883 1943 Scholiast.
896 1897 979 1931 AEs-

299 1945 390 1991 chyli
406 1946 526 1980 Prom.
542 1947 616 1980 852.
638 1946 709 1981 Sed
733 1947 916 1992 Libanius,
939 1949 976 1982 in

300 1997 558 2032 narrationibus
573 1998 614 2033 ab
631 1998 758 2033 Allatio
772 1999 889 2045 editis,
906 2014 978 2046 cap.

304 2059 384 2082 xxu
397 2075 406 2091 ,
425 2048 507 2084 dicit
530 2050 694 2084 Danaum
716 2058 793 2096 post
810 2051 876 2087 hoc
890 2065 978 2098 per—

300 2107 478 2145 petratum
493 2102 624 2136 facinus
641 2103 764 2148 fugisse
779 2130 788 2147 ,
804 2104 887 2138 etin
900 2105 977 2139 Pe·-

299 2153 534 2197 loponnesum
545 2153 740 2199 advectum,
753 2155 903 2200 potitum
913 2156 978 2190 Ar-

302 2205 380 2249 givo
395 2217 515 2250 regno.
530 2205 659 2240 Bunm.

344 2270 397 2303 29.
414 2259 565 2291 Clamore
572 2257 776 2302 frequentes.
792 2260 916 2295 Nescio
932 2272 976 2294 au

301 2322 385 2343 sana
402 2308 476 2343 haec
488 2309 577 2353 sint,
600 2317 635 2344 et
646 2323 690 2344 an
706 2310 811 2345 latine
822 2312 955 2346 dicatur
965 2339 975 2357 ‚

291 2363 489 2407 frequentes
499 2366 644 2397 clamore
657 2368 822 2399 comitum.
838 2365 976 2400 Huber-

302 2416 394 2450 tinus
407 2417 559 2461 exponit,
571 2416 704 2451 densati
715 2424 750 2451 et
757 2417 958 2452 circumdati
969 2432 977 2453 :

300 2468 360 2503 sed
369 2470 524 2514 exempla
535 2470 797 2505 talislocutionis
808 2470 976 2505 desidero:

302 2532 385 2553 nam
398 2520 491 2565 quod
506 2520 632 2566 legitur
648 2533 705 2565 vl,
732 2522 877 2556 Metam.
893 2522 953 2555 165
967 2534 975 2555 ε

306 2573 467 2606 Comitum
490 2574 597 2606 Niobe
621 2576 833 2607 celeberrima
853 2575 949 2607 turba
963 2599 973 2614 ‚

304 2623 371 2657 hoc
391 2631 484 2658 recte
506 2632 618 2669 posset
633 2625 800 2670 explicari.
828 2625 975 2658 Vlitium

301 2673 358 2708 hie
377 2688 514 2720 quoque
543 2676 676 2711 haesisse
700 2683 840 2722 apparet
858 2702 867 2719 ,
896 2677 975 2720 quia

301 2725 401 2759 illum
425 2727 569 2762 voluisse
598 2728 769 2773 refulgere
783 2755 794 2772 ‚
822 2731 975 2762 comitum

302 2780 446 2813 clamore
448 2778 634 2825 frequenti,
645 2780 777 2815 notavit
794 2780 975 2816 Heinsius:

1042 962 1079 996 in
1096 962 1321 998 Gronoviano
1333 970 1406 998 erat
1420 965 1563 998 clamore
1569 964 1723 1008 ficmen-

1043 1018 1095 1047 tes
1117 1027 1127 1048 ,¹
1154 1015 1191 1048 in
1207 1028 1279 1048 uno
1306 1015 1443 1049 Heinsii
1469 1019 1610 1050 comiti:
1628 1016 1718 1051 sorte

1042 1069 1196 1101 comitum
1215 1069 1358 1101 clamore
1375 1071 1546 1112 sequente,
1571 1067 1624 1102 vel
1640 1068 1719 1112 src-

1043 1122 1152 1152 mente
1171 1130 1181 1151 .·
1202 1118 1260 1152 sed
1277 1119 1508 1164 etfrequenti,
1535 1125 1574 1153 ut
1591 1119 1717 1154 Vlitius

1042 1169 1178 1204 volebat
1189 1195 1199 1213 ,
1221 1169 1357 1204 admitti
1373 1178 1485 1215 potest
1499 1196 1508 1213 ,
1534 1177 1574 1204 ut
1588 1171 1720 1216 repeti—

1042 1221 1176 1256 tionem
1194 1221 1381 1268 Hymenaei
1391 1222 1530 1256 indicet.
1540 1222 1667 1256 Buram.
1675 1240 1719 1247 —

1043 1274 1134 1307 Ecce
1149 1286 1237 1307 mem
1255 1274 1354 1307 dubii
1364 1279 1428 1308 etc.
1451 1274 1576 1308 Mente
1592 1272 1718 1308 scilicet

1043 1331 1078 1359 et
1095 1337 1239 1370 corpore
1252 1351 1262 1369 ,
1290 1331 1326 1359 et
1349 1324 1528 1370 utriusque
1546 1326 1618 1370 jam
1643 1336 1718 1358 non

1043 1377 1121 1411 satis
1140 1383 1317 1422 compotes
1333 1389 1341 1411 ε
1355 1377 1448 1411 inter
1465 1376 1669 1411 ebrietatem
1682 1382 1719 1410 et

1044 1428 1278 1463 ebriositatem
1294 1427 1411 1463 medii.
1424 1446 1469 1455 ·-
1479 1430 1640 1463 Comitum
1651 1429 1720 1462 cla-

1043 1494 1131 1515 more
1129 1481 1335 1526 frequentes,
1348 1492 1425 1526 pro,
1437 1492 1510 1514 non
1519 1479 1593 1514 sine
1605 1478 1730 1515 multo.

1043 1537 1197 1567 comitum
1214 1535 1357 1567 clamore
1368 1544 1382 1576 ,·
1397 1532 1460 1567 etsi
1472 1532 1574 1578 paulo
1584 1531 1718 1566 dictum

1043 1584 1204 1619 audacius
1222 1584 1403 1630 Lennepio
1417 1583 1575 1619 videatur
1586 1609 1596 1628 ,
1620 1595 1718 1629 μνω-

1041 1636 1228 1670 serendum
1252 1643 1371 1671 tamen
1394 1635 1564 1670 existimat
1590 1634 1717 1669 erudi-

1042 1694 1160 1722 torum
1174 1688 1330 1722 virorum
1346 1687 1555 1732 conjecturis
1571 1698 1655 1731 quas
1670 1686 1715 1720 as-

1040 1742 1110 1774 sert
1127 1740 1362 1774 Burmannus.

1084 1792 1122 1826 31
1130 1818 1137 1824 .
1158 1793 1198 1826 In
1209 1793 1375 1824 thalamos
1383 1792 1464 1833 leti,
1475 1791 1642 1823 thalamos
1650 1795 1714 1824 etc.

1041 1844 1123 1878 Non
1130 1843 1203 1877 sine
1210 1855 1309 1877 causa
1315 1842 1422 1877 verbo
1428 1840 1508 1875 huic
1518 1841 1621 1875 instat
1630 1852 1715 1885 poe-

1041 1901 1087 1939 ta,
1101 1896 1180 1941 quia
1191 1896 1292 1940 longe
1303 1894 1378 1938 alia,
1392 1906 1497 1939 quam
1504 1893 1604 1937 solet,
1616 1893 1714 1940 Lyn-

1041 1961 1142 1982 ceum
1159 1954 1194 1982 et
1211 1948 1333 1981 fratres
1346 1946 1382 1980 in
1397 1948 1558 1980 thalamis
1565 1957 1640 1980 sors
1654 1957 1715 1979 ex·

1041 2000 1206 2044 pectabat.
1225 2017 1268 2025 ·-
1295 1997 1370 2033 Cur
1385 2005 1502 2032 autem
1517 2010 1558 2032 ea
1572 1997 1714 2044 Lynceo

1041 2059 1160 2086 narret
1185 2052 1461 2099 Hypermnestra
1472 2076 1482 2095 ,
1506 2062 1582 2095 quae
1599 2049 1713 2094 ipsum

1040 2110 1133 2138 certe
1149 2116 1221 2138 non
1238 2104 1412 2149 fugerent,
1425 2109 1536 2148 poetae
1545 2100 1712 2136 concedas

1041 2154 1219 2188 uberrimo
1231 2179 1240 2197 ,
1259 2153 1318 2198 qui
1331 2151 1547 2187 describendi
1562 2150 1714 2186 occasio-

1040 2219 1124 2240 nem
1144 2212 1284 2250 nactus,
1303 2204 1390 2239 elabi
1411 2217 1484 2238 non
1505 2203 1623 2238 voluit.

1083 2259 1135 2291 32.
1156 2258 1332 2302 Strataque
1346 2258 1543 2301 corporibus.
1570 2255 1613 2288 In
1639 2265 1711 2288 uno

1040 2310 1171 2344 Moreti
1183 2336 1191 2353 ,
1200 2309 1327 2354 funera
1344 2321 1354 2342 .-
1370 2309 1407 2342 in
1424 2307 1628 2348 Basileensi‚
1638 2306 1711 2351 suff·

1039 2365 1170 2396 neribus
1192 2374 1323 2406 coqmre
1339 2362 1451 2404 dtpna.
1473 2360 1578 2394 Forte
1595 2371 1605 2393 z

1070 2421 1204 2452 Strataque
1213 2417 1346 2443 funeribus
1356 2424 1461 2449 corpore
1469 2416 1540 2440 diota
1548 2418 1676 2448 premunt.

1039 2469 1213 2503 Premunt
1220 2479 1363 2512 corpore
1372 2472 1570 2509 strata,quae
1576 2462 1664 2497 dicta
1674 2467 1710 2496 et

1039 2521 1207 2555 destinata
1219 2526 1320 2553 erant
1332 2530 1456 2554 eorum
1465 2514 1653 2551 funeribus.
1667 2512 1708 2547 B.

1082 2573 1134 2606 33.
1155 2574 1296 2616 Jamque
1313 2573 1387 2605 cibo
1397 2597 1406 2611 ,
1430 2573 1569 2613 vinoque
1580 2577 1708 2610 graues.

1038 2624 1176 2658 Dicitur
1191 2623 1287 2657 enim
1302 2623 1445 2657 Danaus
1460 2620 1581 2666 pocula
1598 2628 1708 2662 sopo—

1037 2677 1143 2710 rifero
1173 2675 1402 2709 medicamine
1428 2673 1580 2708 infecisse
1593 2698 1603 2715 ,
1638 2683 1708 2715 quo

1038 2727 1186 2772 graviori
1205 2739 1330 2761 somno
1349 2736 1526 2771 oppressos
1543 2724 1708 2769 conjuges

1038 2779 1115 2813 filiae
1135 2778 1262 2813 facilius
1278 2777 1559 2823 aggrederentur.
1571 2775 1710 2820 Legen-

1873 235 1875 238 -
1828 0 1884 186 „zeutam
