1884 3112
328 272 411 316 282

747 275 1117 324 EPISTOLA
1152 282 1298 329 XVI.

389 359 522 430 Spem
544 363 670 425 facit,
694 366 780 417 hoc
801 370 936 437 recipi
958 389 1026 420 me
1049 390 1225 438 quoque
1248 392 1378 440 posse
1397 376 1543 427 modo.

326 441 437 504 Quae
458 454 550 490 rata
573 443 682 503 sint,
707 463 787 494 nec
811 458 852 495 te
876 447 1037 496 frustra
1058 449 1328 515 promiserit,
1354 464 1486 520 opto,
1683 470 1723 505 15

387 519 484 566 Hoc
508 519 616 567 mihi
642 541 738 587 quae
761 524 899 572 suasit
918 537 1056 574 mater
1070 525 1248 575 Amoris
1270 528 1365 576 iter.

323 595 520 661 Namque
543 615 625 660 ego
650 598 797 648 divino
819 602 1013 661 monitu,
1039 621 1095 650 ne
1118 604 1263 652 nescia
1285 618 1462 671 pecces;

385 673 614 733 Advehor3
634 687 678 724 et
700 689 844 743 coepto
863 697 954 726 non
973 677 1065 728 leve
1084 699 1246 738 numen
1268 682 1400 731 adest.
1610 745 1614 750 Ι

323 749 504 798 Praemia
522 771 678 814 magna
702 754 897 819 quidem,
922 755 999 804 sed
1020 774 1115 803 non
1138 757 1356 819 indebita,
1382 779 1546 827 posco;

387 825 594 876 Pollicita
615 841 682 877 est
699 829 890 879 thalamo
914 843 956 880 te
977 832 1189 898 Cytherea
1208 852 1320 883 meo.
1682 862 1726 886 20

322 902 417 951 Hac
443 902 571 963 duce,
599 905 731 968 Sigeo
755 907 912 956 dubias
935 927 959 956 a
981 907 1109 957 litore
1133 909 1215 957 feci

384 981 540 1042 Longa
562 981 794 1031 Phereclea
815 1002 896 1048 per
916 983 1028 1033 freta
1050 1003 1199 1051 puppe
1222 986 1325 1034 vias.

321 1053 403 1103 Illa
425 1055 546 1104 dedit
567 1056 714 1106 faciles
738 1078 882 1117 auraS,
907 1072 1149 1127 ventosque
1172 1062 1407 1112 secundos:

387 1134 442 1181 In
463 1152 580 1182 mare
603 1135 811 1184 nimirum
830 1136 903 1201 jus
924 1136 1060 1186 habet
1084 1150 1181 1187 orta
1199 1140 1322 1188 mari.

324 1208 497 1257 Perstet
517 1229 527 1258 :
548 1222 612 1269 et,
639 1223 691 1259 ut
712 1211 878 1278 pelagi,
904 1213 966 1262 sic
988 1215 1180 1280 pectoris
1203 1215 1377 1281 adjuvet
1398 1228 1575 1267 aestum:
1656 1256 1660 1259 -
1684 1233 1726 1267 25

387 1285 565 1334 Deferat
587 1287 634 1334 in
656 1299 812 1354 portus
836 1300 881 1337 et
901 1308 997 1338 mea
1016 1303 1117 1339 vota
1139 1310 1256 1340 suos.

323 1361 566 1411 Attulimus
588 1363 801 1423 flammas,
826 1384 919 1414 non
941 1365 1015 1415 hie
1038 1368 1302 1427 invenimus,
1327 1369 1423 1419 illas
1443 1390 1454 1420 :

388 1438 468 1486 Hae
490 1439 600 1487 mihi
623 1451 710 1488 tam
733 1440 876 1503 longae
899 1461 1026 1491 causa
1049 1443 1168 1492 fuere
1191 1444 1281 1495 viae.
1446 1502 1449 1506 .

323 1513 437 1562 Nam
459 1533 602 1581 neque
626 1516 764 1564 tristis
786 1517 950 1576 hiems,
975 1537 1118 1584 neque
1141 1538 1223 1567 nos
1245 1520 1333 1569 huc
1356 1520 1527 1588 adpulit
1545 1539 1693 1571 error:

388 1591 583 1639 Taenaris
607 1603 674 1640 est
696 1591 823 1641 classi
847 1604 961 1642 terra
982 1594 1120 1659 petita
1141 1613 1258 1644 meae.
1685 1610 1729 1645 3ο

324 1738 473 1779 recepltir.
495 1736 622 1771 BURM.
634 1754 677 1763 —-
689 1739 845 1783 Epistola
861 1743 993 1784 recepta

324 1787 510 1832 opponitur
534 1789 690 1834 protinus
712 1803 793 1824 curn
814 1797 993 1825 contemtu

323 1838 511 1884 repudiatae
539 1847 598 1874 aut
628 1841 786 1877 remissae.
818 1842 970 1887 Accepta
982 1869 992 1884 ‚

325 1890 417 1935 quod
438 1890 612 1926 latinitatis
635 1893 806 1928 rationem
823 1895 995 1939 postulare

324 1941 446 1976 Douza
463 1942 684 1988 existimavit,
701 1944 767 1979 hoc
788 1945 863 1979 loeo
879 1945 993 1980 minus

323 1994 550 2028 commodum
565 1995 690 2030 suisset.
706 1996 866 2032 Lunum.

371 2046 421 2080 16.
442 2048 566 2081 Divino
588 2051 722 2082 monitu.
743 2049 882 2083 Venere
896 2075 906 2093 ,
922 2049 995 2084 sci-

325 2096 403 2132 licet
416 2123 425 2140 ,
443 2106 621 2134 monente.

370 2162 421 2182 21.
453 2151 596 2184 Dubius.
625 2151 776 2187 Incertas
796 2178 806 2196 ,
835 2152 968 2198 ignotas
983 2178 993 2197 ,

326 2199 485 2234 nondum
506 2210 708 2247 peragratas.

368 2265 420 2286 22.
437 2255 554 2297 Longa
567 2255 748 2288 Phereclea
751 2268 817 2299 per
814 2255 911 2299 freta
914 2269 996 2300 pup-

319 2317 365 2348 pe
375 2307 459 2339 vias.
468 2307 583 2350 Puppe
591 2308 785 2351 Phereclea;
795 2307 849 2341 cui
863 2315 996 2342 struen-

326 2355 378 2390 dae
389 2355 456 2390 dux
467 2356 650 2392 phereclus
660 2359 854 2403 praesuerat,
866 2359 924 2404 qui
932 2360 995 2393 Pa-

325 2407 439 2442 ridem
453 2407 576 2443 deinde
594 2408 636 2443 ad
655 2409 785 2444 bellum
800 2410 995 2455 Troianum

325 2466 489 2504 sequutus
501 2486 510 2503 ,
530 2473 549 2494 a
561 2460 721 2495 Merione
736 2474 839 2511 caesus
849 2468 919 2503 est;
934 2461 997 2496 de—

325 2510 437 2545 bitum
452 2511 628 2546 industriae
643 2512 842 2558 praemium,
854 2525 929 2558 quae
945 2518 997 2547 tot

329 2559 490 2606 Troianis
509 2563 703 2609 Graecisque
723 2565 812 2599 mala
833 2564 997 2599 intulerit.

326 2616 477 2661 Μηριόνης
502 2619 532 2650 δὲ
550 2618 686 2660 Φέρεκλον
710 2618 849 2667 ἐνήρατο,
870 2619 997 2655 τέκτονος

415 2669 495 2708 vion,

327 2706 522 2764 Ᾰρμουίδεω,
545 2720 574 2758 ἕς
598 2725 701 2769 χερσὶν
722 2721 849 2763 &rig-aro
867 2724 997 2758 δαίδαλα

414 2783 509 2802 5(vaoe
708 2788 711 2791 “

1057 1743 1194 1786 Τεύχειν·
1215 1745 1310 1787 ἔξοχοι
1328 1741 1385 1792 γάρ
1408 1758 1462 1787 μιν
1478 1745 1597 1789 ἐφίλατο
1611 1745 1730 1783 Παλλὰς

1144 1793 1266 1835 Ἀθήνη.

1058 1837 1101 1884 ὃς
1117 1852 1168 1881 καὶ
1177 1840 1358 1892 Α’λεξάνδρῳ
1376 1849 1533 1887 τεκτήνατο
1544 1852 1617 1887 νῆας
1628 1847 1728 1889 ε’ἶσας,

1058 1889 1087 1935 A'
1094 1899 1254 1947 ρχεκοὲκους
1263 1923 1274 1942 ,
1291 1902 1328 1933 αἵ
1341 1903 1417 1934 πᾶσι
1430 1901 1518 1934 κακὸν
1530 1900 1670 1948 Τρώεσσι
1683 1900 1730 1943 γε’-

1147 1964 1227 1984 vauro
1238 1975 1247 1993 ,

1060 1999 1136 2037 ofv'
1146 2003 1235 2048 αὐτῷ·
1246 2002 1309 2036 ε’πεὶ
1324 2003 1387 2036 ἕντι
1405 2006 1476 2037 θεῶν
1488 2002 1649 2046 ε’κθίσφατοι
1660 2004 1732 2051 ᾔῶη.

1382 2052 1422 2087 11.
1439 2059 1464 2087 Ε
1476 2078 1486 2096 ,
1503 2054 1546 2100 59
1557 2078 1566 2095 ,
1582 2064 1655 2096 sqq.

1060 2102 1141 2137 Fuit
1171 2110 1287 2139 autem
1313 2103 1379 2139 hoc
1407 2103 1609 2139 vaticinium
1625 2129 1635 2147 ,
1661 2115 1730 2148 quo

1060 2154 1205 2200 Troiani
1228 2155 1310 2201 jussi
1333 2162 1415 2190 sunt
1434 2155 1531 2190 omni
1556 2167 1595 2189 re
1617 2154 1730 2189 mari-

1058 2207 1144 2241 tima
1167 2208 1347 2242 abstinere.

1102 2260 1154 2302 24.
1178 2261 1350 2295 Nimirum.
1366 2258 1475 2294 Aldus
1484 2284 1493 2302 ,
1506 2257 1653 2302 Veneti,
1664 2257 1731 2292 Mi-

1060 2310 1166 2357 cyllus
1181 2317 1215 2345 et
1231 2311 1467 2345 Bersmannus
1482 2309 1667 2344 ediderunt
1682 2310 1736 2342 nil

1060 2365 1197 2405 mimum
1215 2361 1311 2396 etita
1326 2362 1522 2396 Puteaneus
1543 2367 1580 2395 et
1598 2366 1731 2406 septem

1061 2413 1116 2447 alii
1128 2426 1136 2447 :
1146 2426 1212 2448 nec
1227 2413 1381 2458 displicet
1394 2411 1579 2458 Naugerio.
1593 2413 1666 2448 Nec
1673 2412 1731 2446 Μί-

1060 2477 1148 2507 tum,
1165 2464 1348 2499 Junianus.
1363 2464 1493 2498 Bunu.

1104 2531 1156 2561 27.
1179 2517 1374 2551 Attulimus.
1395 2515 1544 2560 Proprie
1560 2526 1640 2549 usus
1651 2525 1732 2548 ver-

1060 2567 1106 2601 bo
1117 2594 1126 2611 ,
1144 2567 1187 2601 de
1201 2567 1240 2602 iis
1251 2593 1260 2611 ,
1280 2567 1339 2612 qui
1355 2579 1436 2601 cum
1451 2579 1489 2601 re
1506 2564 1653 2610 quadam
1669 2564 1731 2598 ad-

1061 2619 1232 2662 veniunt,
1251 2625 1291 2652 ut
1313 2618 1357 2653 ad
1378 2618 1433 2652 illa
1455 2616 1650 2662 Propertii,
1673 2614 1730 2649 lib.

1061 2681 1105 2704 111
1118 2696 1127 2713 ,
1144 2681 1186 2713 v,
1207 2671 1255 2713 14.

1096 2723 1240 2748 Αεὶιλίηιιις
1250 2724 1336 2756 longas
1346 2723 1373 2747 ὶιι
1381 2721 1446 2747 soetn
1458 2726 1529 2747 vasta
1539 2729 1630 2746 manus
1641 2738 1650 2751 ,

1062 2770 1194 2807 notavit
1209 2769 1483 2816 diligentissimus
1499 2768 1707 2807 Passeratius
1716 2780 1729 2814 ;
