1884 3112
645 258 841 304 PARIS
878 259 1189 304 HELENAE.

207 354 391 421 Sceptra
411 370 572 420 parens
594 351 712 400 Asiae
722 389 734 411 ‚
760 371 849 419 qua
869 350 996 400 nulla
1017 352 1193 402 beatior
1217 371 1292 402 ora
1302 365 1318 413 ,‘
1578 378 1613 413 ¹7

1547 262 1636 321 295

1619 367 1639 401 vv

269 430 459 480 Finibus
482 429 708 478 immensis
731 428 805 478 vix
830 429 1065 489 obeunda,
1090 442 1223 479 tenet.

205 510 468 561 Innumeras
491 507 646 566 urbes,
674 518 806 574 atque
831 526 961 557 aurea
985 519 1100 557 tecta
1121 508 1295 558 videbis
1315 528 1327 558 ε

271 585 473 654 Quaeque
495 604 602 634 suos
624 585 745 638 vdicas
770 584 937 652 templa>
957 584 1109 635 decere
1132 585 1269 633 Deos.

205 662 325 713 Ilion
345 662 582 730 adspicies,
607 661 867 728 firmataque
894 661 1094 710 turribus
1114 660 1215 710 altis

274 739 472 799 Moenia,
493 739 698 789 Phoebeae
718 750 885 795 structa
908 757 1067 794 canore
1087 738 1639 806 lyrae.180

207 816 333 881 Quid
356 815 441 865 tibi
465 815 519 864 de
540 815 674 864 turba
695 833 870 864 narrem
892 834 1167 882 numeroque
1192 815 1426 863 virorum?

269 893 358 942 Vix
380 891 599 960 populum
623 891 755 941 tellus
779 893 971 942 sustinet
994 891 1071 942 illa
1096 911 1240 941 suum.

207 971 455 1020 Occurrent
479 969 618 1018 denso
644 969 728 1018 tibi
750 970 951 1019 Troades
975 970 1150 1033 agmine
1173 981 1335 1019 matres
1354 989 1365 1018 :

267 1049 361 1097 Nec
384 1047 561 1115 capient
582 1047 799 1115 Phrygias
824 1049 935 1097 atria
957 1060 1114 1098 nostra
1134 1067 1289 1096 nurus.

208 1119 252 1176 Ο
279 1125 457 1194 quoties
481 1124 600 1174 dices
623 1145 633 1174 :
661 1144 793 1192 quam
816 1145 987 1193 pauper
1008 1126 1179 1175 Achaia
1200 1137 1355 1175 nostra
1378 1127 1465 1174 est!
1579 1141 1639 1175 185

269 1205 372 1252 Una
395 1202 554 1252 domus
577 1203 742 1270 quaevis
764 1204 892 1252 urbis
915 1204 1104 1253 habebit
1129 1222 1250 1270 opes.

203 1282 298 1332 Nec
320 1281 432 1330 mihi
457 1281 524 1330 fas
545 1280 680 1330 fuerit
703 1281 894 1348 Sparten
919 1294 1200 1331 contemnere
1226 1292 1426 1329 vestram.

269 1360 324 1407 In
349 1378 438 1426 qua
460 1370 514 1407 tu
538 1370 641 1408 nata
662 1378 708 1407 es
724 1395 737 1417 ‚
762 1371 880 1408 terra
900 1359 1034 1408 beata
1055 1358 1167 1408 mihi
1192 1368 1272 1407 est.

205 1438 343 1492 Parca
367 1435 446 1486 sed
470 1448 539 1486 est
561 1436 718 1503 Sparte
741 1455 751 1484 :
773 1435 972 1498 tu,cultu
995 1436 1130 1489 divite
1155 1434 1301 1503 digna.

269 1513 343 1563 Ad
368 1513 500 1563 talem
522 1513 712 1562 formam
735 1533 830 1562 non
854 1513 995 1562 facit
982 1525 1066 1562 lste
1090 1512 1640 1571 locuS.190

205 1593 333 1642 Hanc
351 1593 527 1642 faciem·
535 1591 671 1654 largis
696 1591 790 1640 sine
813 1591 903 1640 fine
925 1591 1156 1658 paratibus
1176 1589 1244 1638 uti
1259 1627 1271 1647 ‚

238 1667 539 1736 Deliciisque
564 1667 690 1717 decet
711 1665 936 1717 luxuriare
959 1667 1106 1718 novis.

203 1748 360 1813 Quum
382 1738 530 1796 videas
554 1744 724 1795 cultum
746 1758 903 1795 nostra
928 1746 981 1795 de
1006 1758 1137 1810 gente
1160 1746 1384 1803 virorum3
1419 1782 1421 1785 .

268 1823 459 1889 Qualem
480 1822 919 1884 Dardanidascredis
941 1822 1110 1873 habere
1132 1823 1308 1889 nurus?

202 1903 275 1951 Da
295 1901 431 1951 modo
456 1900 693 1950 tewfacilem
713 1920 724 1950 t
742 1920 829 1950 -nec
852 1900 1091 1964 dedignare
1114 1899 1347 1956 maritum,
1573 1912 1635 1956 195

206 2031 333 2106 Gapyn
343 2083 354 2102 ,
371 2063 408 2093 et
427 2055 581 2102 reliquos
593 2082 603 2101 ,
620 2055 680 2102 qui
702 2056 824 2097 medii,
844 2055 886 2090 ab

203 2110 317 2154 Jove,
334 2108 510 2156 adipsum
526 2108 691 2144 Pax-iden.

250 2164 324 2199 180.
346 2163 493 2199 Meta,
501 2164 622 2203 Facta,
633 2161 750 2197 Oxou.
759 2167 795 2196 et
801 2160 886 2205 Reg

249 2215 326 2251 181.
345 2216 518 2251 Deturba.
529 2216 586 2249 De
598 2216 714 2250 turbis.
725 2213 886 2249 Francol.

252 2267 324 2303 183.
345 2268 464 2302 Denso
488 2269 555 2301 tibi
573 2268 722 2301 Tmadcs
744 2269 887 2310 agmine.

204 2317 350 2355 Leid.et
363 2318 526 2354 Scriverii
537 2345 548 2362 ,
564 2320 701 2360 omum,-
720 2330 798 2364 quae
806 2330 888 2364 per-

203 2377 310 2418 petua
321 2371 395 2406 sere
407 2370 631 2406 librariorum
643 2376 694 2405 est
704 2369 886 2404 aberratio.

252 2423 324 2458 186.
351 2423 431 2458 Una
449 2424 565 2458 domus
578 2425 707 2467 qua-mle.
725 2423 885 2464 Quasvis,

204 2474 395 2521 Gottorph.
407 2474 499 2510 bene
510 2489 520 2516 ;
532 2474 600 2509 nisi
611 2477 763 2519 quamvis
773 2473 888 2509 malis:

201 2529 294 2564 sorte
311 2527 419 2563 etiam
431 2529 522 2564 orbis
531 2554 540 2567 ‚
555 2538 619 2572 pro
630 2528 732 2560 urbis.
753 2525 887 2561 Hmus.

208 2582 369 2626 Quamvis
384 2585 436 2614 est
454 2577 491 2613 in
510 2578 672 2613 Francos.
687 2576 781 2623 quod
804 2590 888 2612 ma-

202 2633 299 2669 lebat
312 2632 418 2667 etiam
435 2630 624 2673 Francius3
643 2636 694 2665 est
710 2642 795 2665 vero
807 2630 889 2665 imi-

206 2684 293 2720 tatio
309 2683 486 2731 Euripidis
501 2696 543 2719 ex
556 2682 684 2718 Oreste
694 2709 704 2727 ‚
730 2696 742 2717 1
752 2695 835 2717 120:

218 2735 300 2774 ‘20⁵’
310 2731 318 2743 ι
326 2739 423 2776 Ελλᾶς
439 2738 515 2786 αὐτῇ
532 2737 656 2785 σμικρᾶν
666 2738 852 2785 ,οὶκητήριοι

257 2790 329 2838 ¹94·
355 2790 481 2834 Quales
493 2789 691 2824 Dardamus
703 2789 812 2823 creda
825 2789 890 2822 ha-

952 2056 1029 2089 bere
1042 2065 1155 2088 nutus.
1178 2053 1338 2096 Qualem,
1366 2051 1529 2087 meliores
1553 2063 1635 2086 cum

949 2105 1073 2152 primis
1097 2104 1331 2147 editionibus;
1348 2116 1455 2150 quare
1479 2110 1515 2138 et
1530 2116 1636 2149 supe-

951 2158 1037 2194 riori
1050 2171 1154 2193 versu
1169 2159 1294 2192 cultum
1307 2157 1406 2203 lege,
1424 2168 1506 2191 cum
1525 2154 1637 2190 tribus

951 2210 1097 2256 scriptis.
1120 2208 1261 2250 Deinde
1277 2210 1501 2254 Dardanidas
1518 2207 1638 2242 multae

952 2264 1178 2299 membranae.
1214 2263 1450 2298 Dardanidum
1487 2266 1611 2296 matres
1627 2289 1634 2300 ,

953 2315 1098 2351 Maroni
1118 2327 1162 2359 v,
1188 2313 1394 2351 AEneidsset
1417 2315 1635 2348 Dardanides

953 2374 1052 2403 rates.
1074 2367 1225 2403 Remed.
1249 2367 1372 2402 Amor.
1390 2366 1455 2409 58,
1481 2379 1521 2400 ex
1536 2365 1635 2411 opti-

952 2421 1021 2456 mis
1035 2419 1260 2455 membranis.
1275 2419 1410 2454 Hssms.

1000 2474 1072 2520 ¹95·
1095 2473 1156 2506 Da
1171 2472 1268 2506 modo
1283 2473 1316 2505 te
1323 2469 1470 2515 facilem
1482 2480 1492 2502 .·
1503 2480 1566 2502 nec
1580 2469 1634 2502 de-

952 2526 1090 2569 dignam-
1105 2526 1258 2558 maritum
1268 2528 1332 2557 etc.
1349 2521 1409 2556 Sic
1417 2533 1556 2566 quoque
1567 2520 1638 2555 Pa-

952 2576 1000 2611 ris
1021 2575 1226 2611 Coluthaeus
1238 2601 1248 2620 ,
1267 2575 1352 2623 289:

954 2635 1044 2678 Δεῦρο
1069 2631 1167 2674 γάμον
1197 2628 1369 2677 κεράσωμεν
1391 2652 1401 2670 ,
1427 2627 1474 2661 ἔτι-ι’
1493 2625 1635 2673 Κυθέρεια(

1044 2683 1172 2716 uzeda:

954 2737 1003 2776 Μῆ
1028 2750 1064 2778 με
1083 2733 1337 2780 καταισχύνειας,
1359 2732 1435 2775 ἐμὴν
1453 2735 1505 2766 καὶ
1524 2730 1639 2778 Ku'vrpw

1047 2793 1178 2830 ωεγξης.
