1884 3112
527 242 786 287 ULIXES
828 242 1233 287 PENELOPAE.

1547 264 1597 291 21

181 339 309 388 Certe
322 356 405 400 ego
421 355 558 403 quum
571 335 834 395 Antinoum,
849 334 1175 404 Polybumque,
1185 335 1490 404 Medontaque
1501 338 1602 402 legi,

243 418 345 466 Heu
370 427 468 464 toto
493 415 673 479 sanguis
695 432 881 482 corpore
904 412 1056 463 nullus
1079 415 1192 464 erat!

177 495 267 542 Tot
285 494 466 560 juvenes
488 493 624 551 inter,
650 504 718 540 tot
739 491 843 540 vina
864 490 1099 558 liquentia,
1126 511 1298 560 semper

244 572 359 635 (Hei
382 571 494 620 mihi
507 572 528 620 l*
545 590 634 638 quo
657 569 831 619 credam
853 569 1041 636 pignore
1055 571 1102 632 ?)
1127 583 1246 621 casta
1266 591 1429 622 manes.

1536 582 1605 623 '50

178 650 344 699 Cur-ve
365 649 542 717 placent
563 647 666 706 ulli,
692 646 731 696 si
754 658 861 696 sunt
883 646 931 695 in
954 647 1135 696 fletibus
1160 667 1256 708 ora,

241 728 428 796 Deperit
449 739 495 776 ct
515 726 716 794 lacrymis
738 744 833 774 non
857 725 989 774 decor
1011 725 1095 775 iste
1121 726 1235 774 tibi?

176 807 309 856 Pacta
332 825 510 874 quoque
534 823 580 854 es
603 803 822 863 thalamo,
847 803 936 853 nisi
957 804 1146 854 mendax
1170 805 1256 855 tela
1279 818 1496 864 moretur,

238 885 300 932 Et
322 895 516 951 coeptum
537 901 714 932 revoces
738 882 895 932 callida
917 902 1092 950 semper
1114 903 1242 951 opus.

173 961 260 1010 Ars
282 961 377 1028 pia!
404 961 483 1010 sed
505 961 681 1028 quotics
704 960 865 1027 oculos*
881 960 1152 1011 frustrabere
1176 961 1295 1019 lana,
1562 975 1604 1009 55

237 1037 501 1086 Successum
524 1038 657 1086 toties
681 1056 751 1086 ars
776 1037 900 1087 dabit
923 1038 1009 1087 ista
1032 1038 1129 1086 tibi.

170 1114 266 1164 Ah!
292 1115 473 1175 melius,
496 1115 795 1184 Polypheme,
822 1128 901 1165 tuo
925 1129 1161 1184 superatus
1184 1117 1233 1166 in
1256 1129 1407 1175 antro,
1453 1156 1457 1158 -

235 1193 454 1243 Finissem
474 1194 674 1257 ingratos
699 1193 756 1243 ad
776 1193 891 1242 mala
915 1206 1038 1243 tanta
1062 1195 1178 1244 dies!

170 1271 378 1321 Threicio
401 1271 559 1322 melius
584 1272 840 1320 cecidissem
862 1271 1002 1320 milite
1026 1273 1190 1330 victus,

235 1350 439 1398 Ismaron
460 1360 656 1398 errantes
681 1368 820 1415 quum
843 1361 1021 1398 tenuere
1044 1351 1180 1399 rates!

1560 1367 1604 1399 60

172 1418 460 1477 Crudelemve
482 1426 562 1476 illo
587 1427 812 1475 satiassem
837 1439 1036 1494 tempore
1060 1427 1231 1486 Ditem,

238 1507 345 1571 Quo
370 1505 482 1556 redii
505 1505 672 1573 Stygiis
693 1504 783 1553 fata
805 1507 1004 1554 moratus
1028 1505 1176 1571 aquis!

171 1585 276 1634 Vidi
297 1584 380 1634 ubi
403 1582 728 1651 (nequicquam
752 1581 875 1649 quod
898 1601 967 1631 me
991 1593 1068 1631 tua
1090 1581 1217 1632 litera
1240 1581 1381 1645 celat)

169 1703 171 1706 Α
234 1662 403 1730 Sospes
426 1660 626 1725 digresso
650 1679 749 1727 quae
773 1659 883 1709 mihi
906 1671 1046 1709 mater
1068 1672 1174 1709 erat.

170 1739 366 1789 Rettulit
384 1738 464 1788 illa
486 1738 647 1787 domus
672 1738 824 1797 eadem
844 1736 980 1796 mala;
1004 1756 1162 1805 meque
1188 1748 1445 1804 querentem
1557 1751 1601 1786 65

215 1855 267 1899 48.
290 1855 368 1889 Heu
381 1857 462 1890 toto.
479 1854 529 1888 Ut
539 1857 620 1888 toto.
633 1853 768 1888 Hssms.
779 1852 853 1888 Sed

170 1907 339 1942 Francius
352 1906 528 1952 malebat,
542 1909 578 1941 in
592 1910 674 1940 toto.

214 1961 268 2008 49.
289 1961 357 1994 Tot
363 1962 447 1994 vina
455 1960 619 2006 lique-uffa
624 1971 763 2003 semper.
777 1958 853 1993 Etsi

169 2024 244 2047 non
258 2011 421 2057 ignorem
431 2015 514 2046 vina
525 2014 690 2057 liquentia
703 2011 851 2057 Virgilio

172 2063 224 2099 bis
237 2060 305 2099 dici
321 2063 463 2099 AEneid.
476 2075 519 2108 v,
541 2063 606 2098 238
623 2070 658 2098 et
676 2064 762 2110 776,
788 2063 856 2098 hoc

174 2123 293 2151 tamen
309 2116 387 2152 loco
407 2117 517 2163 magis
541 2117 694 2163 apposite
715 2119 857 2151 licentia

173 2168 321 2215 legatum
331 2168 425 2216 qnod
435 2169 582 2204 Barthio
593 2168 682 2203 Adv.
690 2180 788 2213 κων,
801 2183 813 2203 1
824 2183 836 2203 1
845 2195 854 2212 ,

175 2221 280 2256 etiam
289 2221 534 2268 Swarthioque
543 2227 594 2257 est
600 2222 723 2257 visum.
732 2223 857 2256 Libera

174 2276 259 2308 vina
267 2272 400 2309 dixerat
411 2274 594 2318 Horatius,
604 2274 682 2309 Art.
695 2275 857 2309 Poet.85.

176 2325 234 2361 Sic
245 2327 388 2360 licentes
393 2326 529 2362 Faunos
535 2326 794 2367 Statius-‚Theb
803 2338 855 2371 lv,

174 2378 252 2426 695.
263 2377 394 2413 Noster
405 2377 476 2424 ipse
490 2379 594 2424 paulo
606 2385 683 2425 post
695 2383 858 2414 vacantia

175 2433 258 2466 vina
270 2458 278 2472 ‚
301 2443 371 2476 quo
386 2442 503 2465 vacuae
522 2437 558 2465 et
580 2431 696 2466 otiosae
720 2439 857 2466 mentes

175 2490 366 2518 teneantur
379 2509 389 2526 ,
414 2482 508 2517 dixit.
531 2483 666 2518 Hmns.

221 2536 241 2570 5
248 2549 260 2570 1
267 2562 274 2569 .
301 2536 421 2570 Cur-ve
427 2537 571 2580 placen!
580 2537 651 2569 ulli.
665 2534 776 2578 Malo,
783 2537 859 2580 pla-

177 2599 243 2622 ces.
260 2587 394 2623 Hums.
406 2605 450 2614 —
460 2589 503 2622 Se·
515 2591 596 2622 sunt
618 2590 663 2622 in.
690 2588 858 2623 Francius

176 2638 313 2686 legebat
325 2666 335 2684 ,
350 2643 388 2674 si
396 2642 535 2675 sordent
537 2642 679 2685 fletibus
695 2653 764 2675 ora.

222 2691 279 2726 53.
309 2694 483 2728 Thalama.
497 2693 644 2728 Mallem
659 2719 667 2737 ,
681 2695 857 2728 thalamos.

178 2743 245 2778 nisi
264 2749 373 2789 pacta
395 2745 525 2792 passive
549 2746 660 2792 capias
673 2772 683 2790 ,
704 2753 743 2780 ut
767 2745 859 2782 infra

184 2795 292 2841 Epist.
298 2808 357 2843 111,
370 2802 516 2846 9.pr1'ma
522 2802 605 2834 meis
612 2802 760 2843 lapacla
766 2802 858 2833 ἴοι-[ἐ.

965 1854 1017 1887 55.
1032 1851 1174 1897 Arspia.
1183 1851 1433 1896 scribendum,
1442 1851 1480 1886 ni
1489 1851 1599 1886 fallor:

919 1912 972 1938 Ars
984 1913 1026 1946 pia
1035 1931 1044 1944 ‚
1058 1913 1104 1938 sed
1116 1914 1219 1947 quoties
1235 1914 1325 1939 oeulos
1335 1912 1495 1938 frustrabere
1505 1911 1585 1936 lana?

983 1964 1136 1988 Successum
1147 1963 1251 1997 quoties
1259 1971 1300 1987 ms
1309 1962 1382 1987 dabit
1392 1963 1441 1986 ista
1449 1961 1497 1986 tibi
1505 1961 1518 1986 ¹?

918 2011 999 2046 Hoc
1013 2023 1117 2046 sensu
1133 2038 1142 2055 ,
1162 2018 1201 2046 ut
1227 2009 1400 2046 collaudet
1424 2009 1546 2044 dolum
1566 2017 1602 2045 et

920 2071 1165 2110 commentum
1180 2063 1223 2098 de
1237 2070 1369 2098 retexta
1383 2063 1451 2098 tela
1463 2063 1601 2106 Ulixes;

921 2116 982 2150 sed
1011 2122 1050 2150 ut
1080 2116 1240 2162 desperet
1266 2114 1528 2162 quodammodo
1557 2115 1600 2150 de

922 2168 1092 2203 diuturno
1107 2169 1157 2203 rei
1168 2169 1272 2215 ipsius
1285 2181 1452 2205 successu.
1468 2168 1601 2202 HEINS.

967 2224 1018 2268 57.
1048 2222 1128 2256 Ah!
1151 2224 1290 2261 melius,
1311 2222 1515 2267 Polypheme
1537 2226 1602 2255 etc.

923 2273 1050 2321 Odyss.
1067 2281 1099 2318 1,
1123 2274 1189 2309 216
1210 2279 1245 2308 et
1260 2286 1333 2318 sqq.
1347 2292 1392 2299 —
1410 2275 1481 2308 Tuo
1501 2285 1602 2317 supe—

922 2330 1016 2360 ratus
1023 2330 1057 2360 ln
1069 2331 1176 2361 antro.
1187 2327 1240 2361 A!
1250 2328 1379 2366 melius,
1388 2327 1599 2373 Polypheme,

922 2383 979 2413 luo
1002 2381 1039 2412 sl
1052 2391 1197 2422 pransus
1220 2382 1257 2412 in
1281 2382 1399 2418 anlm,
1430 2391 1470 2412 ex
1493 2376 1601 2411 veteri

921 2431 1011 2465 libro
1036 2429 1240 2465 Swarthius.
1278 2430 1355 2476 Ego
1390 2429 1442 2464 nil
1470 2436 1602 2464 temere

923 2490 1079 2527 mutem,
1101 2484 1168 2518 nisi
1190 2485 1372 2527 deprensus
1401 2488 1602 2527 reponatur.

924 2537 1034 2571 IDEM.
1051 2537 1156 2570 Forte
1167 2562 1176 2579 ,
1189 2539 1381 2580 sipmnsus.

968 2590 1019 2623 58.
1044 2591 1238 2623 Fi'm'ssem...
1250 2590 1301 2622 ad
1307 2589 1400 2622 mala
1409 2590 1509 2620 lanta
1518 2587 1601 2620 dies.

925 2641 965 2676 Id
992 2649 1065 2684 est,
1092 2643 1166 2675 dies
1177 2642 1334 2687 finissem
1350 2667 1359 2681 ,
1389 2646 1576 2684 antequam
1592 2665 1601 2682 ,

925 2707 1001 2739 quae
1030 2693 1117 2728 mihi
1143 2693 1376 2730 imminebant
1400 2694 1493 2727 mala
1503 2719 1512 2735 ‚
1540 2692 1603 2726 in-

924 2746 1093 2793 gruerint.

968 2799 1021 2833 55.
1045 2800 1196 2833 Rettulit
1217 2800 1280 2833 illa
1300 2804 1365 2833 etc.
1384 2797 1503 2832 Mater
1518 2796 1607 2832 scili-
