1884 3112
303 280 382 336 140
653 320 655 322 .
759 282 1111 329 EPISTOLA
1144 286 1233 334 vi.

293 373 442 438 thue
463 390 544 434 ego
566 371 782 420 destituor
805 373 987 438 conjux,
1011 385 1235 440 materque
1258 374 1467 435 duorum;
1641 393 1702 427 155

355 450 397 497 A
421 449 604 497 totidem
623 449 738 497 natis
761 449 870 497 orba
892 449 971 508 sit,
991 469 1102 516 aque
1126 451 1235 499 viro.
1402 450 1403 453 ¹

291 525 382 573 Nec
406 524 516 572 male
539 537 664 591 parta
686 524 761 574 diu
787 537 950 583 teneat;
973 527 1187 594 pejusque
1209 526 1444 595 relinquat.

354 601 557 659 Exsulet3
578 614 622 650 et
644 614 741 650 toto
766 616 932 669 quaerat
954 604 1000 652 in
1021 605 1126 653 orbe
1147 604 1308 667 fugam.

292 678 437 741 Quam
457 678 581 726 fratri
603 699 804 742 germana
825 680 930 738 fuit,
952 680 1200 747 miseroque
1223 683 1395 748 parenti

352 755 485 813 Filia;
511 767 599 804 tam
615 757 750 815 natis,
776 770 863 805 tam
887 757 946 806 sit
967 758 1122 806 acerba
1139 758 1248 806 vim.
1643 774 1704 808 ‘ion

292 831 445 895 Quum
464 851 602 891 mare,
629 852 766 899 quum
788 845 922 882 terras
944 835 1255 893 consumserit,
1280 854 1378 884 aera
1398 847 1547 885 tentet.
1600 850 1603 853 ’

352 909 482 956 Erret
497 909 648 975 inops,
671 929 846 976 exspes,
870 910 988 960 eaede
1009 924 1188 960 cruenta
1211 931 1301 960 sua.

286 1061 387 1103 leges,
399 1059 540 1094 obvium
550 1060 640 1107 apud
649 1068 782 1098 veteres
794 1069 960 1098 auctores.

287 1110 416 1145 Lucan.
433 1122 504 1155 vn,
527 1112 610 1147 351:

285 1171 415 1195 Romanas
427 1172 525 1196 sancire
538 1173 626 1197 volent
638 1171 686 1197 hoc
698 1173 821 1204 sanguine
833 1174 909 1205 leges.

286 1218 419 1263 Livius,
437 1219 494 1254 lib.
511 1222 718 1254 xx1112Jam
737 1233 814 1265 ego,
832 1223 959 1265 inquit,

284 1274 446 1315 sanguine
457 1272 663 1307 Hannibalis
677 1276 828 1307 sanciam
839 1274 962 1307 Roma-

284 1323 494 1367 numsaedus.
516 1324 648 1359 lems.

332 1376 403 1408 155.
426 1376 585 1410 Duorum.
611 1375 727 1411 Eunei
749 1382 784 1411 et
815 1375 961 1410 Nebro—

286 1424 414 1470 phoni;
445 1426 645 1472 Apollodor.
673 1428 729 1462 lib.
752 1439 775 1462 1.
793 1426 963 1462 Biblioth.

286 1476 431 1512 Euneus
445 1485 481 1513 et
497 1478 679 1524 Deiphilus
692 1505 701 1522 ‚
720 1478 809 1525 apud
829 1479 962 1526 Hygin.

284 1538 332 1562 xv
340 1535 375 1563 et
385 1539 558 1564 CCLXXIII.
569 1530 863 1566 scholiastesvero
875 1531 963 1565 Pin-

285 1579 359 1614 dari
373 1607 383 1624 ‚
405 1581 443 1615 in
460 1582 670 1627 Argument.
688 1584 937 1619 Nemeaeorum
950 1609 959 1625 ,

284 1630 452 1666 Enneum
472 1641 507 1668 et
524 1634 686 1670 Thoanta
711 1642 820 1670 vocat.
849 1635 907 1670 Sic
926 1641 961 1668 et

284 1681 372 1716 Stat.
396 1683 508 1718 Theb.
521 1696 555 1719 v.

329 1734 401 1768 156.
434 1735 470 1769 A
492 1738 630 1771 totidem
657 1743 722 1772 etc.
751 1737 959 1773 Felicissime

281 1784 377 1820 hunc
387 1786 502 1820 locum
513 1788 708 1823 considerat
719 1790 833 1824 Julius
845 1788 961 1825 Caesar

283 1837 433 1883 Scaliger
447 1838 485 1872 in
502 1840 642 1881 Critico,
660 1841 758 1885 cujus
771 1842 877 1875 verba
888 1842 962 1876 haec

282 1895 364 1923 sunt
381 1902 388 1923 :
408 1904 425 1919 «
441 1889 623 1926 Ovidianae
641 1892 850 1940 Hypsipyles
870 1893 960 1928 clara

283 1940 475 1975 admodum
494 1941 697 1987 imprecatio
714 1951 781 1986 est;
799 1958 874 1990 quae
889 1958 962 1979 ne—

282 2005 349 2037 que
364 1992 496 2027 tumida
506 2020 516 2037 ,
526 2007 642 2039 neque
657 1995 825 2041 vulgaris,
841 2009 878 2031 ac
890 2004 961 2030 tam

282 2043 434 2079 rotunda
447 2071 456 2088 ,
486 2052 526 2080 ut
547 2053 618 2080 tam
635 2047 732 2082 brevi
750 2060 835 2095 gyro
853 2075 863 2092 ,
890 2055 961 2083 tam

281 2096 471 2141 composita
495 2098 586 2143 apud
615 2099 743 2134 multos
767 2100 873 2134 etiam
895 2114 962 2135 ex-

282 2147 445 2183 cellentes
461 2150 629 2194 possimus
647 2150 853 2186 desiderare.
864 2153 962 2188 »-—·A

282 2201 421 2233 tolidem
460 2205 554 2235 uallis·
581 2205 663 2237 orba
693 2207 743 2237 sil
767 2216 851 2249 aque
881 2208 962 2239 viro.

286 2251 378 2284 Orba
392 2264 416 2284 a
431 2257 524 2287 nalt's
541 2254 743 2299 infrequens
760 2270 767 2296 ;
796 2257 960 2291 usitatum

280 2304 361 2335 orba
375 2307 477 2343 natis,
497 2312 555 2338 aut
568 2310 729 2340 natorum.
746 2306 884 2342 Deinde
899 2311 961 2342 illa

280 2356 352 2387 viro
362 2380 370 2394 ,
390 2355 599 2399 Puteaneus,
612 2358 781 2404 etreliqui
795 2359 959 2405 plerique.

280 2403 457 2450 Legebam
472 2420 479 2442 :

309 2465 350 2489 Da
362 2465 471 2491 totidem
484 2467 551 2492 natis
565 2468 626 2493 orba
640 2468 673 2493 sit
684 2488 693 2500 ,
717 2469 777 2494 orba
794 2470 861 2496 viro.

215 2552 224 2562 =
281 2511 363 2547 Vid.
383 2527 486 2560 supra
502 2516 546 2555 ad
561 2530 592 2551 v.
610 2531 662 2565 29.
679 2519 775 2552 Dare
795 2532 836 2553 ex
851 2519 960 2554 veteri

280 2563 440 2600 formula.
455 2558 510 2600 D'i
518 2570 597 2602 dale
610 2596 618 2609 ,
638 2576 674 2603 et
687 2571 845 2611 Dz‘denl‚
865 2584 960 2616 quo—

282 2624 363 2649 rum
374 2617 466 2661 pleni
476 2620 659 2665 scriptores
671 2622 814 2667 antiqui.
829 2623 960 2658 HEINS.

311 2698 313 2700 ,
329 2667 400 2711 157.
423 2670 589 2715 Pejusque
604 2675 778 2718 relinquat.
793 2675 960 2719 Pejusque

282 2719 420 2758 relicta,
441 2732 531 2755 unus
545 2723 804 2760 Ambrosianus.
815 2727 959 2761 Patavi-

285 2781 352 2804 nus
374 2782 464 2806 unus
473 2796 483 2816 ,
500 2778 674 2820 paemquue
698 2779 864 2823 relinquat
887 2791 897 2812 :
921 2786 960 2813 ut

1018 1064 1193 1107 poem'sque
1215 1064 1336 1096 relicta
1357 1064 1522 1105 Eaesulet,
1546 1064 1705 1100 videatur

1023 1113 1281 1158 corrigendum.
1307 1113 1416 1160 Atqui
1426 1115 1479 1150 ita
1493 1115 1611 1151 Jureti
1633 1117 1705 1152 Ex-

1024 1172 1144 1210 cerpta
1153 1177 1223 1211 prae
1233 1178 1269 1201 se
1280 1165 1370 1211 serre
1375 1173 1498 1212 postea
1509 1168 1643 1213 agnovi.
1654 1169 1704 1204 H.

1073 1229 1086 1250 1
1092 1217 1144 1250 58.
1151 1218 1192 1251 In
1198 1217 1406 1261 otbefugam.
1415 1217 1547 1253 Durius
1557 1218 1702 1264 dictum,

1019 1280 1167 1312 quoeoere
1184 1269 1307 1313 fugam
1326 1281 1338 1310 ,·
1361 1274 1477 1314 pelen-5
1491 1270 1616 1315 fugam
1639 1284 1704 1317 pro

1026 1319 1145 1365 sugere
1157 1345 1166 1363 ,
1183 1319 1253 1354 dici
1270 1320 1441 1364 novimus.
1467 1320 1592 1366 Quare
1613 1322 1703 1357 sorte

1026 1369 1083 1405 hic
1107 1383 1181 1406 non
1206 1371 1396 1416 rejicienda
1424 1373 1583 1408 Vaticani
1600 1373 1704 1409 unius

1027 1421 1128 1457 lectio
1137 1449 1147 1466 ‚
1165 1427 1293 1468 quaerat
1303 1426 1340 1458 in
1349 1426 1536 1470 orbefidem
1544 1451 1552 1465 ‚
1567 1431 1607 1461 ut
1619 1437 1705 1460 nus-

1028 1488 1133 1520 quam
1157 1475 1284 1519 fidem,
1305 1483 1340 1511 at
1369 1477 1498 1523 ubique
1521 1476 1705 1523 perfidiam

1027 1527 1252 1562 inventuram
1263 1529 1475 1574 imprecetur
1487 1543 1495 1565 ι
1506 1530 1709 1576 nisiquaerat

1016 1579 1141 1623 fugam
1166 1580 1298 1614 dictum
1323 1582 1399 1626 quis
1418 1582 1519 1626 velit,
1538 1589 1578 1617 ut
1589 1587 1706 1627 pelen

1015 1631 1196 1675 fugam‚de
1205 1645 1274 1676 quo
1282 1632 1422 1678 Davies,
1432 1634 1475 1668 ad
1482 1635 1505 1668 J
1509 1634 1553 1668 ul.
1564 1633 1652 1669 Caes.
1659 1644 1703 1678 11,

1028 1683 1070 1717 de
1086 1683 1172 1718 Bell.
1198 1683 1285 1718 Gall.
1306 1686 1367 1728 243
1393 1693 1428 1720 et
1449 1682 1703 1730 peterev'iam,

1028 1734 1182 1769 Gronov.
1197 1735 1239 1769 ad
1254 1735 1326 1769 Liv.
1339 1747 1428 1780 x·1.11,
1444 1737 1463 1770 3
1477 1750 1485 1772 ε
1497 1749 1580 1772 nam
1599 1744 1635 1771 et
1649 1735 1706 1771 hic

1028 1798 1117 1820 unus
1147 1786 1298 1822 Strozzae
1322 1787 1470 1831 habebat
1481 1815 1492 1833 ‚
1521 1790 1648 1833 quoeral
1669 1791 1706 1823 ia

1028 1840 1105 1872 orbe
1119 1842 1219 1873 viam.
1234 1839 1365 1874 BURM.

1074 1889 1144 1924 152.
1169 1892 1285 1931 Erret,
1313 1894 1428 1935 inops,
1446 1904 1578 1936 exspes.
1599 1890 1706 1926 Multi

1026 1941 1163 1986 scripti,
1192 1944 1295 1977 Erret
1312 1946 1408 1988 inops
1428 1947 1559 1978 mentis.
1588 1943 1705 1979 Malet

1027 1991 1074 2026 ita
1091 2003 1164 2026 XIV.
1187 1993 1334 2028 Metam.
1352 2007 1435 2040 217:

1026 2050 1117 2080 Solus,
1133 2051 1222 2084 inops,
1236 2060 1327 2084 exspes
1335 2070 1344 2083 ,
1358 2051 1427 2076 letho
1440 2050 1575 2085 poenisque
1587 2050 1702 2076 relictus.

1028 2097 1070 2132 In
1087 2099 1163 2133 Ibin
1175 2125 1184 2143 ,
1205 2113 1291 2134 vers.
1312 2100 1371 2134 113
1388 2111 1397 2133 ε

1025 2158 1124 2189 Exsul,
1140 2159 1233 2192 inops,
1251 2167 1333 2189 erreS,
1346 2158 1481 2192 alienaque
1499 2158 1591 2184 limiu·
1599 2158 1702 2184 luntres.

1026 2205 1069 2239 In
1097 2206 1258 2240 Leidensi
1276 2213 1349 2241 erat
1372 2205 1585 2253 adscriptum
1609 2206 1701 2241 alte-

1024 2270 1105 2291 rum
1120 2263 1382 2303 pentametrum
1396 2271 1404 2292 :

1057 2318 1090 2342 Ei
1100 2316 1182 2350 fngiat
1194 2317 1260 2341 natis
1272 2317 1326 2350 ipsa
1335 2322 1440 2342 cruenta
1452 2317 1515 2342 suis.

1027 2363 1135 2409 Quod
1153 2364 1290 2399 videtur
1306 2377 1369 2410 pro
1385 2365 1478 2399 varia
1489 2359 1636 2400 lectione
1647 2377 1702 2411 ap·

1024 2417 1186 2461 positum.
1220 2416 1352 2451 Douzae
1394 2415 1503 2452 codex
1530 2415 1679 2450 >habebat
1690 2440 1701 2459 ,

1023 2473 1113 2502 erre!
1125 2473 1221 2512 inops
1237 2473 1362 2503 morltssr.
1380 2468 1421 2503 Β.
1432 2487 1476 2494 —-
1486 2467 1588 2503 Diras
1605 2468 1703 2514 Hyp-

1026 2521 1150 2568 sipyles
1178 2522 1215 2556 in
1238 2521 1406 2556 Medeam
1424 2528 1463 2555 ut
1481 2526 1628 2556 eventus
1644 2531 1704 2554 ex-

1024 2573 1200 2617 ceperint,
1217 2572 1390 2607 videbitur
1399 2572 1441 2607 ad
1457 2572 1564 2616 Epist.
1577 2581 1641 2604 ΧΠ.
1658 2587 1703 2596 —-

1028 2626 1127 2659 Caea'e
1143 2630 1282 2660 cruenta
1295 2639 1368 2660 sua.
1386 2640 1403 2656 «ι
1417 2625 1488 2659 Ubi
1504 2629 1643 2658 mortua
1660 2622 1703 2656 sit

1024 2676 1153 2711 Medea
1167 2704 1175 2721 ,
1210 2685 1268 2712 aut
1301 2690 1370 2722 quo
1401 2682 1500 2722 pacto
1512 2701 1521 2719 ‚
1551 2674 1701 2709 minime

1024 2736 1157 2763 constat
1172 2744 1179 2770 ;
1197 2729 1256 2763 sed
1279 2729 1373 2776 Ibyci
1393 2736 1510 2763 tamen
1526 2733 1561 2761 et
1577 2726 1703 2761 Simo-

1024 2780 1113 2815 nidis
1136 2781 1201 2815 suit
1227 2780 1398 2816 sententia
1410 2806 1420 2824 ,
1463 2778 1559 2824 quod
1591 2787 1699 2824 quum

1877 911 1884 915 4
1869 763 1884 901 minua-ommi.
1876 709 1884 747 ..ιφ
1876 681 1884 695 --
1882 662 1884 666 .
1876 643 1884 654 ι.
1868 611 1884 632 ›Jf
1874 584 1884 602 a*
1867 564 1884 575 ἑ.
1877 542 1879 546 -

1881 1054 1884 1063 ..
1876 1022 1884 1039 ι.
1868 931 1884 985 ΔΑΒ
