1884 3112
347 239 431 314 432

630 261 722 307 AD
759 262 1016 310 LIVIAM
1049 265 1433 315 AUGUSTAM

344 353 638 419 Admovitque
662 374 811 420 preces
825 393 836 414 ‚
861 368 905 404 et
922 357 994 421 jus
1016 357 1252 407 immiscuit
1276 360 1391 419 illis;

407 430 628 496 Aridaque
651 431 802 479 adfusa
824 444 1001 494 guttura
1025 434 1156 482 tinxit
1178 454 1314 502 aqua;

342 507 432 555 Nec
454 506 598 554 minor
619 518 685 554 est
706 519 810 555 nato
835 509 1050 557 servandae
1073 530 1176 559 cura
1196 513 1414 578 parentis:

406 584 491 631 Hic
514 583 695 631 adhibet
714 583 918 643 blandas,
941 605 1021 634 nec
1041 587 1132 636 sine
1152 589 1273 654 jure,
1297 610 1459 657 preces.

344 661 555 725 Conjugis
578 673 621 708 et
641 661 733 708 nati
756 662 958 710 meritum
978 666 1176 729 pervenit
1198 667 1252 714 ad
1275 687 1452 717 omnes:

1677 682 1747 728 425

406 737 618 802 Conjugis
642 749 686 785 et
708 738 823 796 nati,
849 739 990 798 Livia,
1027 759 1179 807 sospes
1203 755 1286 809 ope
1310 764 1370 792 es.

339 814 570 881 Supprime
590 813 678 878 jam
696 813 893 863 lacrimas
913 835 923 864 ε
942 835 1034 864 non
1059 830 1125 866 est
1145 808 1403 870 revocabilis
1426 821 1524 870 istis
1535 834 1553 880 ‚'

404 891 548 954 Quem
571 889 702 939 semel
725 891 962 941 umbrifera
983 895 1127 943 navita
1149 895 1279 945 lintre
1305 897 1418 946 tulit.

338 970 530 1016 Hectora
552 979 619 1015 tot
639 967 816 1026 fratres,
842 980 910 1016 tot
933 969 1138 1020 deflevere
1160 992 1355 1033 sorores;

401 1048 461 1094 Et
482 1057 629 1111 pater,
655 1057 698 1093 et
717 1045 899 1111 conqu,
921 1048 1238 1115 Astyanaxque·
1256 1071 1386 1117 puer,

1676 1065 1741 1112 430

336 1124 396 1170 Et
418 1121 612 1184 longaeva
633 1141 791 1187 parens
810 1141 820 1169 ε
840 1134 984 1171 tamen
1011 1123 1084 1173 ille
1105 1127 1324 1176 redemtus
1348 1129 1402 1177 ad
1421 1130 1568 1192 igneS‚

399 1198 618 1264 Nullaque
641 1217 720 1263 per
743 1198 915 1264 Stygias
938 1201 1094 1249 umbra
1115 1205 1284 1252 renavit
1305 1225 1453 1271 aquas.

337 1275 539 1337 Contigit
559 1274 646 1321 hoc
670 1275 800 1322 etiam
822 1275 1001 1323 Thetidi
1021 1296 1030 1324 :
1050 1279 1290 1345 populator
1309 1282 1504 1330 Achilles

398 1352 529 1401 Iliaca
550 1351 764 1399 ambustis
787 1352 963 1400 ossibus
984 1372 1083 1403 arva
1104 1357 1291 1421 premit:

334 1431 406 1479 Illi
426 1429 654 1479 caeruleum
678 1430 858 1496 Panope
877 1442 1106 1479 matertera
1129 1433 1291 1481 crinem

1675 1448 1740 1494 43⁵

397 1507 560 1564 Solvit,
587 1519 631 1555 et
652 1507 884 1554 immensas
906 1506 1083 1555 fletibus
1107 1510 1228 1557 auxit
1250 1519 1385 1576 aqua's
1406 1530 1417 1568 ;

335 1585 660 1649 Consortesque
683 1584 787 1631 Deae
810 1594 1006 1641 centum,
1033 1582 1313 1652 longaevaque
1338 1587 1486 1650 magni

398 1664 563 1712 Oceani
588 1664 766 1728 conjux,
791 1664 1078 1729 Oceanusque
1102 1677 1250 1730 pater;

331 1746 391 1793 Et
412 1745 567 1792 Thetis
592 1756 691 1792 ante
717 1763 867 1791 omnes
885 1764 895 1791 ε
916 1744 992 1792 sed
1015 1764 1094 1792 nec
1113 1746 1266 1794 Thetis
1285 1747 1402 1812 ipsa,
1427 1767 1567 1814 neque
1587 1767 1737 1798 omnes

395 1827 630 1873 Mutarnnt
653 1824 766 1872 avidi
790 1824 931 1872 tristia
950 1825 1047 1890 jura
1071 1826 1167 1873 Dei.

1670 1844 1737 1889 440

330 1908 480 1956 Prisca
506 1907 612 1974 quid
635 1907 721 1955 huc
745 1909 928 1973 repeto?
953 1907 1210 1956 Marcellum
1234 1910 1415 1959 Octavia
1435 1909 1573 1970 flevit,

329 2033 407 2075 bat;
433 2046 499 2068 nec
516 2033 611 2068 luctu
626 2046 770 2067 suorum
785 2032 1002 2070 inclinandus

331 2093 404 2119 erat
423 2093 486 2120 etc.
513 2100 530 2115 υ
558 2084 663 2120 Certe
685 2097 758 2119 non
778 2084 998 2128 malefortis,

330 2150 405 2182 quae
422 2137 526 2172 talem
542 2150 577 2171 se
598 2137 724 2171 mulier
743 2137 948 2182 praestiterit.

371 2190 445 2234 427.
468 2191 546 2223 Non
565 2193 620 2222 est
633 2191 828 2223 revocabilis·
844 2191 922 2222 istis
939 2189 1000 2231 (la-

327 2240 453 2282 crimis)
475 2254 569 2284 quem
594 2243 702 2274 semel
720 2248 784 2275 etc.
808 2241 933 2275 Horat.
957 2239 998 2274 ad

329 2290 449 2336 Virgil.
471 2291 514 2325 de
538 2291 750 2336 Quinctilio,
769 2303 801 2334 1,
824 2290 893 2326 Od.
910 2292 976 2336 24:

390 2350 452 2376 Non
463 2359 534 2375 vanae
543 2351 627 2375 redeat
638 2352 740 2384 sanguis
755 2351 875 2384 imagini,

422 2400 508 2431 Quam
518 2399 590 2432 virga
601 2400 680 2424 semel
688 2400 791 2425 horn-idn

390 2448 451 2472 Non
465 2448 529 2472 lenis
540 2447 658 2480 precibus
670 2447 723 2472 sata
734 2448 865 2472 recludere
873 2467 882 2479 ,

389 2496 471 2528 Nigro
481 2496 632 2528 compulerit
641 2496 788 2521 Mercurius
800 2497 878 2529 gregi.

369 2551 442 2596 429.
460 2551 608 2584 Hectora
625 2554 676 2583 tot
674 2550 806 2594 fratres
821 2557 883 2584 etc.
904 2550 997 2584 Poe-

324 2600 390 2634 tice
409 2600 640 2635 luxuriantem
657 2602 732 2646 quis
748 2614 821 2635 non
838 2601 893 2636 hic
908 2601 997 2636 Ovi-

326 2650 423 2684 dium
441 2659 599 2697 agnoscat
612 2652 627 2687 ?

368 2703 442 2744 435.
464 2705 527 2736 Illi
537 2707 707 2739 coemleum
724 2706 859 2749 Panope
874 2708 994 2739 crinem

322 2756 431 2790 solVit.
448 2753 488 2788 Id
505 2762 556 2789 est
571 2781 580 2800 ,
601 2757 743 2801 Panope
759 2770 857 2792 soror
872 2757 995 2791 Theti-

1065 2033 1137 2077 dis,
1151 2046 1226 2080 quae
1239 2034 1380 2069 Achillis
1396 2042 1520 2079 mater,
1535 2036 1646 2072 crines
1657 2049 1735 2073 suos

1064 2086 1174 2129 solvit,
1189 2086 1302 2120 audita
1317 2089 1409 2120 illius
1425 2087 1594 2130 (Achillis)
1610 2096 1734 2124 morte.

1065 2137 1120 2171 De
1154 2138 1249 2173 luctu
1281 2151 1370 2174 vero,
1386 2138 1542 2174 Thetidis
1557 2165 1567 2183 ,
1596 2140 1734 2175 vidend.

1067 2189 1193 2233 Quint.
1211 2189 1327 2223 Calah.
1344 2200 1409 2233 111,
1425 2190 1507 2234 604,
1534 2204 1607 2237 sqq.
1627 2205 1733 2237 quem

1062 2240 1178 2274 locum
1194 2241 1312 2275 adiisse
1328 2254 1400 2275 non
1415 2241 1551 2287 pigebit.

1107 2294 1181 2336 441.
1204 2294 1400 2326 Marcellum
1416 2295 1668 2338 Oclam‘afleve'l.
1686 2295 1735 2330 Et

1063 2343 1248 2378 immodice
1261 2343 1402 2389 quidem
1414 2371 1423 2385 ‚
1438 2345 1465 2379 si
1475 2344 1560 2380 fides
1570 2346 1730 2391 Senecae,

1062 2395 1255 2440 supradicta
1270 2394 1445 2431 consolat.
1459 2409 1531 2441 cap.
1546 2407 1577 2431 11
1594 2410 1602 2432 :
1619 2412 1635 2427 «
1649 2399 1732 2433 Nul-

1061 2448 1137 2482 lum
1163 2447 1271 2482 finem
1284 2473 1293 2490 ,
1332 2460 1395 2492 per
1421 2460 1526 2482 omne
1556 2449 1634 2483 vitae
1661 2463 1733 2485 suae

1062 2507 1197 2545 tempus
1211 2525 1220 2543 ‚
1241 2499 1347 2534 flendi
1358 2525 1367 2542 ,
1389 2499 1619 2544 gemendique
1629 2502 1732 2543 secit;

1061 2565 1126 2586 nec
1140 2551 1223 2586 ullas
1239 2550 1375 2585 admisit
1389 2563 1488 2585 voces
1503 2551 1647 2586 salutare
1661 2552 1730 2586 ali-—

1062 2603 1144 2648 quid
1161 2602 1366 2645 adferentes,
1380 2616 1424 2638 ne
1442 2603 1574 2637 avocari
1588 2603 1727 2648 quidem

1039 2684 1043 2688 .
1059 2668 1094 2688 se
1114 2667 1208 2699 passa
1223 2661 1282 2688 est.
1299 2655 1439 2690 Intenta
1457 2655 1492 2688 in
1512 2667 1617 2689 unam
1627 2667 1703 2688 rem
1715 2680 1725 2697 ,

1061 2713 1095 2740 et
1112 2713 1185 2740 toto
1206 2706 1322 2739 animo
1345 2706 1443 2745 affixa
1455 2732 1464 2748 ,
1482 2706 1555 2740 talis
1576 2718 1637 2751 per
1652 2718 1727 2742 om-

1058 2770 1141 2791 nem
1158 2758 1264 2792 vitam
1281 2758 1343 2792 suit
1357 2783 1366 2801 ‚
1384 2757 1490 2802 qualis
1507 2757 1542 2791 in
1559 2757 1691 2791 sunere.
1707 2770 1725 2788 u
