1884 3112
507 262 787 309 CANACE
828 264 1192 312 MACAREO.

1463 289 1552 334 209

128 354 286 404 Nescia
306 372 402 421 quae
423 354 585 405 faceret
607 356 782 405 subitos
804 357 914 405 mihi
939 377 1070 408 causa
1095 359 1302 420 dolores,

192 433 255 480 Et
275 432 400 481 rudis
424 432 479 482 ad
502 444 677 500 partus,
703 445 748 482 et
770 453 885 483 nova
906 435 1031 485 miles
1053 455 1183 485 eram.
1239 471 1242 475 -

128 511 221 560 Nec
244 511 368 559 tenui
388 529 542 560 vocem
562 531 572 559 :
591 511 719 578 quid,
745 511 827 570 ait,
854 523 930 561 tua
951 514 1133 563 crimina
1156 515 1342 582 prodis?

197 589 378 655 Oraque
404 587 632 637 clamantis
653 589 828 638 conscia
849 590 1012 656 pressit
1032 611 1156 640 anus.
1517 611 1559 645 50

130 666 256 730 Quid
277 666 434 715 faciam
455 664 637 715 infelix?
661 666 849 728 gemitus
873 666 1004 716 dolor
1027 669 1154 718 edere
1180 672 1326 734 cogit;

193 743 283 792 Sed
306 744 529 803 tinior„et
549 742 724 801 nutrix,
750 754 794 791 et
816 744 966 810 pudor
983 746 1077 812 ipse
1101 758 1262 795 vetant.

130 824 361 873 Continuo
388 822 596 886 gemitus,
622 820 857 888 elapsaque
882 823 1015 871 verba
1036 825 1282 890 reprendo,

192 904 254 951 Et
275 921 414 966 cogor
433 900 632 950 lacrimas
654 900 905 949 combibere
930 901 1027 968 ipsa
1049 921 1181 951 meas.

127 980 254 1029 Mors
276 991 369 1028 erat
393 990 493 1028 ante
518 977 691 1036 oculos;
718 989 762 1027 et
786 997 917 1045 opem
940 979 1109 1028 Lucina
1132 981 1325 1044 negabat
1344 1001 1354 1029 :
1516 996 1559 1031 55

190 1059 252 1107 Et
275 1076 426 1122 grave,
450 1057 488 1106 si
511 1075 725 1116 morerer,
750 1075 872 1104 mors
897 1076 1078 1124 quoque
1097 1059 1261 1108 crimen
1285 1072 1390 1108 erat.

127 1136 283 1201 Quum
303 1134 726 1203 superincumbens,
753 1134 887 1182 scissa
912 1134 1147 1202 tunicaque
1163 1173 1175 1195 ,
1204 1156 1441 1204 comaque,

194 1213 352 1262 Pressa
375 1211 576 1261 refovisti
598 1222 781 1278 pectora
803 1222 960 1259 nostra
984 1213 1085 1260 tuis.

127 1291 188 1338 Et
209 1289 349 1338 mihi:
372 1289 468 1338 vive
492 1307 642 1346 soror,
668 1306 799 1336 soror
821 1306 848 1334 o
869 1288 1113 1347 carissima,
1141 1289 1278 1349 dixti,

192 1366 325 1424 Vive;
350 1384 432 1415 nec
455 1365 589 1413 unius
615 1382 800 1430 corpore
823 1362 958 1429 perde
984 1364 1111 1413 duos.
1515 1382 1560 1416 σο

129 1443 243 1510 Spes
265 1443 388 1492 bona
412 1442 486 1491 det
508 1442 622 1491 vires
643 1460 653 1489 τ
671 1440 798 1498 fratri
820 1458 922 1487 nam
946 1454 1089 1509 nupta
1111 1442 1261 1492 futura
1283 1463 1357 1493 es:

95 1519 99 1523 ’
193 1518 344 1578 Illius,
370 1537 416 1568 es
441 1518 494 1568 de
520 1538 611 1584 quo
634 1529 794 1577 mater,
820 1532 864 1568 et
884 1519 999 1566 uxor
1024 1520 1123 1567 eris.

130 1598 336 1655 Mortua,
358 1595 488 1657 crede
508 1595 641 1654 mihi,
669 1607 815 1644 tamen
838 1597 894 1645 ad
915 1609 991 1645 tua
1013 1597 1148 1645 verba
1169 1598 1328 1655 revixi;

154 1727 155 1730 ,
191 1676 253 1724 Et
272 1673 472 1741 positum
494 1685 562 1722 est
584 1673 699 1722 uteri
721 1674 887 1722 crimen
911 1693 1113 1740 onusque
1137 1675 1236 1723 mei.

162 1795 223 1840 47.
242 1793 369 1833 Nescia
383 1791 599 1838 quesacemt
613 1798 676 1827 etc.
693 1791 809 1838 Supra

126 1845 200 1893 jam
233 1844 372 1881 laudata
400 1844 615 1892 ingenuitate
648 1844 807 1880 instantis

127 1905 246 1945 partus
260 1897 398 1934 dolores
408 1925 418 1942 ‚
442 1898 502 1944 qui
517 1897 580 1933 sibi
592 1924 601 1942 ,
617 1905 657 1933 ut
671 1900 750 1932 rudi
761 1901 814 1933 ad

121 1954 262 1996 partus,
280 1956 382 1985 erant
394 1949 525 1995 ignoti,
547 1956 583 1984 et
598 1956 738 1995 partum
753 1949 808 1995 ip-

126 2017 208 2040 sum
224 2010 373 2040 enarrat.
399 2003 492 2048 Quae
513 2003 632 2037 omnia
645 2028 655 2047 ,
679 2015 720 2036 ex
735 2002 808 2048 ipsa

127 2069 167 2091 re
179 2082 190 2100 ,
209 2055 255 2091 ad
269 2055 453 2090 veritatem
465 2067 631 2101 expressa.

178 2109 233 2143 50.
263 2108 408 2142 Conscia
427 2110 558 2151 pressit
578 2119 674 2141 anus.
705 2106 811 2140 Hanc

130 2159 258 2207 quippe
274 2159 409 2195 crimen
428 2173 551 2195 meum
566 2172 640 2194 non
662 2159 788 2194 latebat
799 2186 810 2204 ,

130 2225 197 2248 nec
213 2211 307 2258 quod
322 2211 405 2247 inde
424 2225 507 2247 mox
530 2219 619 2247 esset
640 2218 812 2256 sequutu-

128 2277 212 2300 rum
220 2277 228 2298 :
237 2269 356 2310 partus
363 2264 500 2300 scilicet.
513 2283 556 2290 —
564 2266 704 2299 Pressit.
714 2265 811 2298 Clau-

128 2321 178 2352 sit
189 2315 381 2359 Gronovii3
397 2328 472 2351 non
484 2329 570 2362 opus
585 2329 593 2351 ι
607 2315 703 2350 idem
714 2315 811 2350 enim

129 2376 249 2412 notat,
269 2381 310 2403 ex
326 2367 403 2403 Art.
420 2367 536 2403 Amat.
550 2379 580 2402 11
592 2394 602 2412 ‚
627 2381 680 2415 92.

173 2423 226 2466 54.
250 2422 302 2455 Et
326 2433 429 2464 cogor
451 2423 610 2455 lacrimas
628 2421 812 2454 combibere

127 2478 204 2519 ipsa
217 2486 321 2508 meas.
334 2471 499 2508 Notanda
514 2473 564 2508 vis
575 2472 680 2517 hujus
694 2473 789 2507 verbi
802 2484 812 2508 :

128 2538 206 2562 non
220 2527 372 2561 cohibere
382 2552 390 2566 ‚
410 2523 512 2568 dixit,
533 2524 593 2560 sed
608 2527 810 2567 combibere,

128 2579 178 2615 ita
192 2591 353 2626 premere
366 2604 376 2622 ,
402 2583 441 2611 ut
464 2575 602 2612 nullum
616 2576 669 2612 sui
692 2577 730 2611 in
750 2589 810 2613 ore

130 2630 315 2678 vestigium
331 2628 542 2675 relinquant.

175 2682 227 2718 56.
251 2682 293 2717 Si
310 2695 461 2717 morerer.
485 2681 525 2716 Si
537 2685 674 2724 moriar,
699 2682 811 2718 multi.

131 2734 334 2770 Puteaneus
346 2761 357 2779 ‚
382 2740 418 2770 et
437 2746 528 2770 unus
545 2747 644 2771 meus
656 2761 666 2779 ,
683 2738 720 2769 si
739 2748 812 2771 mo-

133 2789 208 2822 rior.
225 2785 358 2822 umus.

312 2853 354 2897 I.

918 1794 971 1840 59.
987 1794 1038 1827 Et
1052 1795 1139 1828 mihi
1150 1800 1215 1829 etc.
1231 1794 1363 1829 Plenus
1376 1794 1432 1830 hic
1453 1796 1559 1830 assec‘

874 1850 929 1879 tus
944 1857 1061 1879 sermo
1073 1871 1082 1889 ,
1101 1852 1136 1879 et
1153 1845 1195 1879 ad
1212 1846 1557 1883 commiserationem

873 1896 1091 1931 excitandam
1109 1898 1282 1942 aptissime
1297 1900 1519 1944 compositus.

916 1947 970 1982 fii.
998 1950 1114 1983 Fratri
1130 1963 1208 1983 nam
1235 1955 1341 1995 nupta
1359 1952 1484 1995 sulum
1510 1964 1559 1987 es.

874 1999 986 2034 Vetus
996 2000 1097 2035 lectio
1110 2014 1205 2036 erasa
1214 2009 1289 2036 erat
1305 2003 1339 2037 in
1353 2004 1535 2038 Puteaneo
1546 2030 1556 2047 ,

875 2051 974 2096 cujus
994 2052 1131 2087 nullum
1149 2061 1331 2100 appareret
1351 2056 1535 2101 vestigium
1547 2083 1558 2099 ,

875 2103 1019 2149 ejusque
1035 2104 1111 2139 loco
1128 2106 1321 2151 repositum
1337 2120 1345 2141 :

1086 2166 1173 2191 Fratri
1185 2175 1211 2190 es
1222 2175 1282 2191 nam
1294 2173 1376 2200 nupta
1389 2167 1487 2210 sphira.

878 2211 1037 2258 Quidam
1052 2227 1092 2249 ex
1110 2216 1258 2251 nostris:

1071 2270 1199 2296 Germano
1210 2276 1290 2304 nupt·
1305 2270 1392 2297 futura
1403 2281 1440 2297 es.

919 2317 973 2352 62.
987 2319 1086 2353 Illius
1100 2325 1163 2353 etc.
1175 2319 1252 2355 Mei
1266 2320 1393 2356 scilicet
1403 2346 1413 2365 ,
1432 2334 1473 2356 ex
1489 2333 1560 2367 quo

875 2367 989 2404 filium
1010 2371 1196 2417 suscepisti.

919 2422 972 2466 64.
994 2424 1200 2467 Etpositum
1224 2427 1286 2459 est.
1314 2424 1531 2460 Balliolensis
1546 2451 1556 2470 ,

874 2474 1123 2520 depositumque
1147 2479 1261 2510 uteri:
1280 2476 1375 2521 quod
1395 2489 1470 2511 non
1487 2476 1559 2512 dis-

876 2524 990 2570 plicet.
1005 2526 1143 2562 Phaedr.
1159 2538 1174 2560 1
1189 2553 1198 2571 ,
1225 2528 1264 2561 18
1279 2540 1288 2562 :

908 2582 983 2606 Onus
996 2588 1095 2607 nutui-2
1107 2583 1200 2616 melius
1215 2592 1267 2616 quo
1284 2583 1435 2616 deponeret.

876 2630 949 2666 Ubi
979 2631 1058 2666 vide
1088 2643 1164 2678 quae
1192 2631 1415 2674 notavimus;
1444 2638 1481 2666 et
1511 2633 1559 2668 ita

876 2683 1017 2718 Graecos
1045 2684 1095 2718 uti
1124 2684 1232 2718 verbo
1254 2685 1420 2728 ἀποτιᾶημι
1440 2684 1560 2720 docuit

876 2735 925 2770 H.
939 2735 1108 2781 Stephan.
1126 2762 1136 2779 ,
1164 2735 1207 2769 ad
1228 2734 1365 2769 callim.
1393 2736 1502 2783 Hym.
1522 2737 1559 2772 in

880 2788 959 2825 Jov.
982 2790 1043 2834 ¹55
1067 2795 1102 2824 et
1118 2787 1223 2825 Dian.
1242 2789 1295 2822 25.
1311 2788 1442 2823 Bunm.
1457 2805 1501 2816 ·—-
1516 2790 1567 2823 Et

1264 2853 1317 2909 14
