1884 3112
343 238 433 332 434

628 276 720 322 AD
751 279 1021 326 LIVIAM
1054 282 1448 333 AUGUSTAM

403 368 567 428 Mater,
591 369 738 419 honos
764 391 774 419 ε
801 372 941 421 titulis
965 374 1145 424 nomina
1171 377 1302 443 plena
1321 380 1454 430 vides.

341 444 529 515 Consul,
555 459 598 495 et
621 447 763 510 ignoti
783 449 926 498 victor
949 451 1234 503 Germanicus
1251 457 1372 506 orbis
1386 495 1399 517 ‚

403 525 487 574 Cui
508 524 594 572 fuit
617 525 728 574 heu!
752 527 908 575 mortis
931 528 1110 594 publica
1134 550 1287 591 causa,
1312 533 1450 597 legor.

338 603 506 665 Cingor
527 601 760 668 Apollinea
775 604 969 654 victricia
987 618 1183 674 tempora
1206 608 1355 670 lauro,

400 681 461 728 Et
483 679 599 728 sensi
622 680 849 747 exsequias
872 681 1038 732 funeris
1062 685 1156 751 ipse
1180 687 1292 745 mei3

1679 706 1747 751 460

334 758 645 823 Decursusque
668 758 809 806 virum
832 771 967 808 notos
990 761 1120 820 mihi,
1148 753 1351 830 donaque
1374 767 1546 829 Regum
1569 786 1581 826 ;

400 836 655 901 Cunctaque
678 854 758 901 per
782 836 936 885 titulos
960 839 1124 904 oppida
1141 839 1251 888 lecta
1268 861 1394 901 suos3

331 915 392 963 Et
414 932 504 979 quo
525 932 593 961 me
619 912 764 961 officio
788 915 1030 980 portaverit
1048 915 1123 964 illa
1142 917 1369 981 juventus,

395 991 508 1054 Quae
530 989 616 1038 fuit
638 1002 737 1038 ante
761 1010 907 1039 meum
930 1000 1019 1040 tam
1042 1012 1256 1055 generosa
1278 1007 1448 1045 torum:

329 1067 533 1133 Denique
553 1065 723 1115 laudari
747 1080 915 1116 sacrato
940 1070 1124 1118 Caesaris
1149 1090 1222 1119 ore

1678 1089 1745 1135 46⁵

394 1143 594 1202 Emerui,
619 1142 828 1211 lacrymas
852 1145 1069 1212 elicuique
1093 1148 1205 1195 Deo.

330 1222 390 1268 Et
413 1220 615 1286 cuiquam
637 1221 911 1271 miserandus
935 1225 1041 1272 ero?
1059 1225 1148 1289 jam
1173 1226 1410 1292 comprime
1427 1226 1585 1277 fletus:

393 1298 494 1344 Hoc
517 1316 599 1360 ego
614 1335 626 1356 ‚
654 1299 731 1364 qui
753 1299 887 1347 ssendi
908 1319 1005 1349 sum
1030 1301 1113 1350 tibi
1136 1321 1286 1361 causa,
1311 1323 1438 1366 rogo.

329 1375 434 1423 Haec
458 1374 593 1423 sentit
611 1376 807 1436 Drusus,
834 1378 871 1425 si
896 1378 1004 1444 quid
1026 1379 1160 1427 modo
1183 1381 1317 1429 sentit
1338 1381 1386 1429 in
1407 1382 1591 1440 umbra;

330 1536 439 1583 Quod
453 1537 501 1572 sic
516 1537 673 1573 modeste
685 1564 694 1582 ,
722 1545 762 1573 ut
783 1538 869 1574 solet
882 1565 892 1583 ‚
917 1552 1003 1575 cor-

327 1590 513 1637 rigendum
538 1591 755 1636 proponebat
770 1592 931 1639 Micyllus
950 1603 959 1624 :

328 1651 384 1677 Nec
394 1651 492 1676 meritis
504 1651 644 1684 quicquam
655 1650 704 1676 illa
715 1643 794 1684 juotit
809 1652 906 1684 magia
928 1651 1003 1677 affuit

425 1699 478 1724 illis
490 1704 539 1724 etc.

331 1749 384 1784 Ut
406 1755 493 1783 esset
524 1760 643 1786 sensus
672 1760 681 1782 ε
709 1760 775 1782 nec
800 1760 858 1782 me
884 1750 1002 1782 domus

325 1801 382 1835 illa
403 1800 548 1841 Caesaris
558 1800 646 1834 facta
658 1812 733 1833 mea
737 1812 803 1844 per
818 1804 869 1840 te,
893 1804 1003 1844 magzlr

319 1853 425 1897 juvat
442 1878 451 1894 ‚
488 1852 524 1885 in
549 1857 729 1896 posterum
755 1850 1000 1895 commendat,

326 1916 433 1950 quam
458 1914 535 1948 quae
561 1902 603 1936 de
628 1902 738 1947 patria
759 1902 849 1936 bene
871 1906 1002 1946 πηγαί,-

326 1957 408 2002 quia
420 1955 547 1990 scilicet
562 1954 658 1989 testis
667 1954 775 1998 afficit
788 1960 902 1988 mater
914 1980 923 1997 ,
941 1956 1004 1988 ho-

325 2023 391 2043 nor
400 2009 491 2054 ipsa,
508 2006 698 2041 honoribus
713 2031 723 2050 ,
747 2018 833 2051 quos
851 2004 1004 2051 sequen-

327 2061 418 2096 tibus
432 2065 600 2094 recenset.

371 2112 446 2157 456.
476 2113 599 2145 Titulis
619 2113 755 2145 nomina
767 2112 873 2154 plena
897 2111 1001 2143 vides.

327 2166 435 2200 Forte
451 2166 562 2199 onmia
567 2165 671 2207 plena
684 2189 694 2207 ,
709 2162 822 2207 inquit
832 2163 1001 2196 Burman.

330 2216 432 2262 Quid
461 2216 557 2250 enim
577 2218 712 2250 nomina
731 2217 836 2259 plena
863 2216 1003 2251 taum?

329 2287 373 2296 -
397 2267 558 2302 Indicant
574 2279 651 2312 quae
677 2273 890 2311 sequuntur:
911 2267 1002 2301 Con-

327 2322 413 2355 salis
428 2319 524 2354 enirn
545 2326 581 2354 et
603 2321 801 2353 Germanici
814 2317 919 2352 titulis
939 2330 1002 2352 no-

327 2375 420 2406 mina
428 2371 579 2406 Neronis
591 2369 728 2405 Claudii
740 2369 845 2404 Drusi
855 2376 919 2404 etc.
932 2395 943 2413 ‚
962 2370 1000 2402 in

327 2422 606 2468 inscriptionibus
623 2421 785 2466 insignita
802 2423 1002 2465 legebantur.

370 2476 445 2519 458.
475 2475 541 2508 Cui
550 2474 629 2518 suit
648 2476 712 2507 heu
731 2477 846 2507 mortis
864 2475 1002 2517 publica

328 2540 443 2561 causa.
464 2527 535 2569 Qui
547 2552 556 2569 ,
579 2525 633 2560 ed.
649 2526 749 2570 prim.
767 2532 802 2559 et
817 2532 908 2560 recte
923 2525 1002 2570 qui-

329 2577 412 2612 dem
426 2604 436 2621 ,
467 2585 507 2612 ut
530 2576 573 2611 ad
602 2577 724 2611 orbem
751 2576 1001 2611 Germanicum

327 2630 458 2663 reseras
471 2655 481 2672 ,
505 2629 542 2663 in
557 2641 626 2674 quo
639 2641 702 2674 pro
718 2629 826 2673 patria
842 2641 1002 2673 pugnan-

331 2680 377 2714 do
400 2680 535 2714 Drusus
554 2681 733 2721 occubuit3
767 2679 914 2724 ideoque
937 2680 1002 2714 suit

328 2735 445 2766 mortis
465 2733 540 2776 ejus
554 2734 693 2775 publica
709 2744 817 2766 causa.

373 2783 448 2827 462.
474 2785 663 2828 Cunctaque
671 2796 738 2827 per
749 2785 865 2818 tilulos
880 2784 1002 2828 oppida

1066 1544 1157 1577 lecta
1171 1555 1259 1578 suos.
1275 1542 1430 1579 Nomina
1445 1549 1481 1578 et
1497 1542 1586 1578 tituli
1600 1542 1742 1578 urbium

1067 1607 1151 1639 quas
1176 1602 1314 1640 ceperat
1343 1594 1480 1629 Drusus
1498 1621 1508 1638 ,
1546 1595 1584 1630 in
1615 1607 1746 1642 pompa

1064 1646 1224 1689 funebri,
1250 1647 1398 1681 velutin
1414 1647 1594 1693 triumpho
1608 1673 1618 1692 ‚
1645 1660 1744 1693 prae-

1063 1697 1275 1731 ferebantur.

1108 1749 1182 1792 464.
1210 1750 1289 1791 Qua·
1295 1748 1375 1793 suit
1384 1754 1464 1783 ante
1477 1762 1584 1784 meum
1599 1753 1670 1784 lam
1679 1759 1743 1794 ge·-

1065 1811 1185 1834 nerosa
1204 1803 1320 1834 torum.
1350 1800 1448 1845 Quid
1467 1801 1530 1835 sibi
1546 1800 1629 1835 velit
1649 1799 1743 1835 istud

1064 1854 1144 1885 ante
1160 1854 1267 1885 lorum
1283 1864 1356 1885 non
1372 1852 1532 1898 intelligit
1555 1851 1718 1899 Micyllus
1731 1865 1747 1894 ς

1065 1909 1101 1936 et
1123 1902 1374 1947 interpretatur
1392 1903 1619 1938 Burmannus
1637 1903 1680 1938 de
1699 1903 1741 1938 iis

1066 1953 1124 1999 qui
1147 1960 1265 1988 torum
1286 1954 1429 1998 (lectum
1455 1954 1491 1989 in
1517 1967 1588 2001 quo
1607 1955 1744 2000 iacebat:

1065 2005 1211 2041 cadaver
1234 2006 1452 2051 impositum)
1476 2007 1718 2053 praecedebant
1731 2033 1743 2052 ,

1064 2058 1204 2092 illorum
1237 2058 1348 2092 vicem
1364 2085 1373 2101 ,
1416 2058 1475 2103 qui
1511 2058 1715 2094 deserebant
1730 2085 1742 2103 ,

1065 2109 1248 2155 excepturi.
1275 2109 1377 2144 Malit
1394 2116 1513 2144 tamen
1533 2110 1622 2156 legi:

1093 2165 1159 2197 Qum
1168 2165 1219 2189 fuit
1228 2170 1287 2190 ante
1297 2174 1384 2190 meum
1397 2170 1450 2189 tam
1461 2173 1581 2198 generosa
1589 2174 1690 2199 rogum.

1065 2212 1135 2249 Sed
1152 2213 1235 2258 quid
1249 2226 1335 2259 opus
1348 2213 1613 2258 emendatione,
1630 2227 1742 2260 quum

1065 2264 1305 2299 difficultatem
1325 2265 1365 2308 (si
1383 2277 1460 2310 quae
1480 2266 1614 2310 tamen)
1629 2266 1742 2301 solve-

1063 2317 1109 2350 rit
1128 2316 1394 2362 interpretatio?
1567 2333 1569 2335 >

1107 2369 1181 2414 467.
1203 2370 1254 2402 Et
1267 2372 1419 2413 cuiquam
1434 2370 1642 2403 miserandus
1655 2382 1712 2404 em
1721 2372 1742 2406 Ρ

1067 2418 1135 2454 Cui
1160 2420 1279 2454 simin
1303 2428 1482 2466 posterum
1508 2423 1739 2464 mutuandas,

1065 2471 1124 2516 qui
1149 2474 1310 2505 laudatus
1337 2485 1357 2506 a
1385 2471 1521 2506 Caesare
1538 2499 1548 2513 ,
1584 2472 1741 2508 lacrimas

1064 2523 1126 2568 ipsi
1147 2524 1251 2567 (Deo)
1270 2523 1447 2558 elicuerim
1463 2523 1478 2558 ?
1499 2525 1636 2557 -Jam
1649 2536 1741 2558 com-

1059 2577 1283 2620 pritneflelus.
1302 2575 1539 2620 Querelarum
1555 2575 1661 2621 igitur
1675 2574 1740 2609 de-

1064 2627 1138 2661 sine
1154 2653 1163 2670 ,
1189 2633 1322 2668 mater-3
1351 2633 1386 2660 et
1401 2626 1504 2662 fletus
1523 2627 1712 2673 comprime
1725 2651 1739 2671 ,

1065 2692 1176 2723 quum
1193 2685 1244 2713 tot
1259 2679 1328 2713 sint
1343 2678 1404 2713 tibi
1420 2690 1528 2714 causae
1541 2703 1552 2722 ,
1571 2677 1664 2712 unde
1681 2689 1738 2722 pe·

1066 2737 1116 2765 tas
1131 2730 1290 2765 solatium
1304 2730 1311 2764 ἒ

1109 2783 1184 2830 469.
1200 2784 1282 2818 Haec
1292 2785 1398 2818 sentit
1405 2783 1539 2817 Drusus
1547 2787 1610 2817 etc.
1618 2777 1713 2816 Nihil
1724 2804 1737 2824 ,
