1884 3112
374 282 455 345 176

816 282 1164 328 EPISTOLA
1199 284 1290 327 IX.

365 375 509 437 Quam
533 373 643 422 male
669 373 907 439 inaequales
930 373 1107 422 veniant
1128 373 1184 421 ad
1205 384 1345 421 aratra
1364 372 1554 438 juvenci,

425 452 535 498 Tam
552 450 766 516 premitur
785 468 945 512 magno
968 449 1152 514 conjuge
1176 460 1316 515 nupta
1337 450 1494 498 minor.
1580 459 1583 462 ’
1718 463 1764 499 30

360 528 462 575 Non
485 527 631 573 honor
653 537 738 584 est,
764 525 841 574 sed
865 545 1004 583 onus;
1032 525 1196 592 species
1219 525 1376 574 laesura
1395 525 1628 574 ferentem„

425 603 473 650 Si
499 622 584 668 qua
606 601 726 651 voles
751 614 850 668 apte
871 603 1061 660 nubere,
1086 602 1207 651 nube
1228 602 1339 669 pari.

360 680 441 727 Vir
463 680 571 728 mihi
595 699 765 746 semper
787 680 933 736 abest3
959 691 1004 728 et
1025 680 1211 744 conjuge
1232 680 1382 727 notior
1403 678 1566 745 hospes
1614 707 1618 710 >

423 756 736 822 Monstraque,
762 754 978 804 terribiles
997 756 1363 823 persequiturque
1383 755 1508 805 feras.

358 834 460 899 Ipsa
483 831 613 880 domo
636 832 789 890 vidua,
813 832 929 880 votis
953 844 1130 898 operata
1151 833 1347 898 pudicis,
1691 875 1699 878 ,
1722 842 1765 877 35

363 933 366 935 ·
420 911 667 976 Torqueor,
694 909 854 958 infesto
878 928 933 958 ne
955 909 1022 957 vir
1045 909 1100 958 ab
1123 909 1250 957 hoste
1274 908 1411 957 cadat.

356 989 478 1036 Inter
505 998 750 1053 serpentes,
775 1004 1017 1052 aprosque,
1043 985 1280 1051 avidosque
1297 984 1444 1034 leones

419 1066 593 1121 Jactor‚
619 1075 664 1111 et
687 1081 839 1111 esuros
863 1074 986 1110 terna
1007 1081 1087 1128 per
1111 1081 1186 1110 ora
1211 1080 1354 1110 canes.

359 1141 434 1189 Me
456 1139 674 1206 pecudum
695 1138 839 1196 fibrae,
864 1136 1177 1202 simulacraque
1199 1137 1345 1185 inania
1367 1135 1530 1193 somni,

422 1218 671 1283 Ominaque
696 1235 850 1264 arcana
871 1226 998 1262 nocte
1021 1214 1160 1281 petita
1179 1223 1370 1261 movent.
1718 1223 1762 1268 40

357 1366 537 1414 Deianira,
548 1365 638 1413 apud
648 1365 755 1411 Soph.
771 1363 934 1399 Trachin.
943 1364 1007 1411 559
1017 1377 1026 1399 ε

355 1420 451 1456 Ταυτ’
462 1421 509 1455 οὖν
521 1424 678 1467 φοέοῦμαι,
687 1423 730 1462 μὴ
740 1419 885 1461 πόσιςμέν
894 1410 1030 1466 ἡρακλῆς

353 1466 436 1517 ἑμὸς
452 1476 598 1513 καλῆται,
616 1479 669 1511 τῆς
683 1471 822 1515 νεωτέρας
843 1466 957 1517 δ’ἆνὴρ.

353 1525 429 1560 Nee
449 1521 662 1557 omittendus
688 1520 892 1556 scholiastes
907 1545 916 1563 ,
948 1518 1026 1563 qui,

354 1589 422 1620 qua
438 1575 601 1609 differant
618 1574 711 1607 inter
725 1585 760 1607 se
775 1571 880 1606 verba
896 1573 981 1609 πόσις
994 1577 1029 1604 et

354 1629 429 1676 ἀνήρ
439 1653 450 1670 ,
480 1625 634 1660 hocloco
649 1625 730 1659 scite
747 1623 972 1657 demonstrat.
986 1639 1028 1647 --

354 1680 471 1719 Socer,
511 1676 660 1722 Jupiter.
685 1694 729 1702 —
758 1677 845 1718 Quia
868 1675 1028 1708 nominor.

353 1732 527 1769 Nominer,
550 1726 814 1772 Argentinensis
825 1752 835 1769 ‚
859 1724 952 1770 quod
963 1737 1028 1758 re-

354 1781 499 1827 quirunt
512 1778 700 1824 sequentia.
718 1772 850 1813 Hlinx's.

395 1833 447 1867 33.
464 1834 513 1867 Et
522 1832 662 1876 conjuge
674 1834 788 1871 notior·
795 1831 926 1873 hospes.
938 1828 1027 1863 Hos-

351 1884 460 1931 pitem
475 1891 509 1918 te
527 1883 667 1928 saepius,
696 1894 801 1926 quam
827 1881 943 1915 virum
967 1894 1028 1914 ex·-

353 1936 441 1982 cipio
452 1935 655 1980 :hospitium
662 1940 724 1976 est,
734 1945 806 1966 non
814 1932 1026 1977 conjugium.

395 1989 448 2023 35.
471 1990 567 2023 Votis
579 1989 719 2031 operata
728 1986 871 2029 pudicis.
888 1984 1024 2024 Studeas,

352 2038 618 2086 Argentinensis
645 2050 653 2072 ι
675 2037 723 2071 sic
746 2038 869 2071 studiis
890 2039 1028 2080 operata

352 2094 487 2126 Diana.
511 2091 657 2125 Metam.
682 2099 737 2123 VII
751 2115 760 2132 ‚
790 2089 874 2133 7513
898 2093 933 2121 et
953 2091 1028 2120 slu-

351 2147 468 2189 dt'oquc
493 2146 647 2188 operatus
681 2143 822 2180 iahed,
850 2139 907 2173 lib.
934 2149 1004 2172 VIII
1013 2164 1024 2180 ,

352 2196 426 2230 865.
448 2196 501 2230 Ita
517 2206 562 2229 111
576 2221 585 2239 ‚
611 2195 701 2228 Fast.
721 2193 781 2227 261
795 2218 804 2236 ,
822 2204 862 2226 ex
879 2189 1003 2224 MSS:

511 2254 619 2281 Nemori
630 2253 768 2286 studioque
778 2255 880 2285 operata
893 2250 991 2276 Dianae.

357 2306 501 2348 Operari
526 2309 644 2337 autem
674 2300 813 2347 proprie
845 2299 882 2333 in
914 2297 1024 2333 sacris.

354 2355 552 2391 Hasniensis
571 2366 654 2388 vero
672 2353 842 2396 habebat,
868 2352 1026 2385 thalamis

350 2411 488 2452 operata
493 2408 637 2451 pudic-125.
650 2406 755 2440 Forte
769 2417 777 2438 :

351 2470 363 2493 1
367 2476 410 2501 pse
420 2467 490 2492 domi
500 2467 585 2491 viduae
596 2465 714 2490 thalamis
726 2449 829 2497 open-utu
839 2462 950 2496 pudicis.

351 2516 577 2555 Domividua‚
595 2520 668 2548 erat
683 2513 720 2547 in
735 2524 807 2546 uno
818 2509 958 2545 Moreti.
977 2510 1024 2544 H.

355 2567 560 2601 Retinerem
573 2569 662 2600 votis
678 2578 688 2599 :
701 2571 779 2599 vota
797 2563 892 2598 enim
907 2561 1025 2596 conci-

352 2619 482 2663 piebat,
494 2631 535 2651 ne
550 2619 747 2652 vircaderet
756 2615 848 2649 inter
858 2620 910 2649 tot
920 2612 1024 2647 Athla

354 2677 389 2704 et
412 2669 580 2714 pericula;
607 2675 642 2703 et
665 2667 835 2703 sacrificiis
863 2665 1023 2699 Deorum

356 2733 476 2766 pacem
495 2721 696 2765 expetebat:
712 2731 785 2753 non
811 2717 879 2762 agit
903 2716 959 2750 hic
979 2715 1024 2748 de

353 2771 525 2816 lanificio,
544 2778 602 2806 aut
624 2771 694 2806 aliis
717 2769 920 2815 pudicarum
940 2780 1023 2803 ma-

1091 1370 1274 1398 tronarum
1296 1362 1435 1403 dudm,
1467 1358 1527 1394 sed
1544 1357 1588 1393 de
1611 1359 1701 1392 votis
1727 1361 1764 1392 et

1092 1415 1251 1461 precibus
1264 1441 1274 1459 ‚
1298 1427 1341 1448 ne
1355 1415 1410 1448 vir
1418 1413 1530 1447 cadat.
1547 1409 1677 1444 Bunu.

1133 1467 1186 1501 38.
1210 1468 1338 1501 Esums
1365 1469 1462 1499 terna
1479 1475 1546 1508 pet
1564 1473 1624 1496 ora
1651 1470 1764 1495 canes.

1093 1518 1291 1552 Cerberum
1308 1515 1468 1561 intelligit
1486 1527 1494 1549 t
1517 1511 1672 1548 similiter
1691 1510 1764 1546 sere

1091 1569 1223 1603 Seneca
1235 1569 1341 1603 Herc.
1353 1568 1436 1602 Fur.
1450 1567 1511 1614 795
1524 1591 1534 1609 ,
1552 1563 1594 1598 de
1611 1561 1689 1598 eod.
1702 1574 1712 1598 ε

1342 1627 1420 1652 vocis
1433 1624 1566 1650 hon-enda
1581 1622 1670 1655 fragor

1120 1678 1170 1702 Per
1180 1686 1228 1702 ora
1240 1677 1329 1700 missu:
1341 1683 1418 1700 terna
1423 1692 1433 1705 ,
1450 1673 1539 1698 felices
1550 1678 1655 1706 quoque

1121 1726 1239 1750 Exteroet
1249 1723 1362 1747 umbras.

1090 1773 1137 1807 Et
1151 1773 1279 1809 Noster
1297 1771 1443 1805 Metam.
1466 1779 1521 1804 vn
1531 1794 1542 1812 ,
1562 1768 1647 1811 414:

1088 1832 1211 1865 Implevit
1222 1831 1317 1864 pariter
1327 1830 1407 1854 temis
1417 1827 1551 1853 latratibus
1561 1834 1647 1852 aunt.
1654 1825 1760 1851 Hunis.

1087 1880 1328 1915 —Hominem
1334 1879 1370 1912 in
1378 1876 1487 1923 poetis
1494 1873 1762 1911 versatissimum

1092 1933 1146 1968 Cl.
1173 1929 1365 1967 Schraeder.
1388 1928 1616 1965 vehementer
1640 1926 1761 1960 ossen-

1090 1985 1192 2019 debat
1207 1982 1344 2028 pluralis
1364 1981 1406 2016 de
1422 1993 1494 2015 uno
1513 1978 1669 2014 Cerbero
1685 1990 1762 2012 nu-

1090 2048 1216 2070 merus.
1244 2034 1395 2069 Miratur
1419 2032 1496 2077 jure
1517 2031 1673 2075 Lennep.
1689 2042 1699 2070 ;
1726 2034 1764 2062 et

1089 2088 1153 2123 tria
1175 2100 1215 2121 ex
1229 2099 1299 2120 una
1315 2084 1506 2128 eademque
1523 2080 1675 2127 Epistola
1690 2089 1737 2113 111
1749 2105 1760 2122 ,

1089 2139 1245 2184 exempla
1261 2137 1370 2173 adfert
1382 2162 1392 2181 ,
1411 2147 1487 2180 quae
1501 2134 1600 2169 litem
1614 2130 1761 2166 omnino

1090 2190 1266 2224 dirimant.

1131 2243 1184 2285 4ο.
1209 2242 1401 2285 Ominaque.
1425 2239 1501 2284 Ego
1521 2236 1661 2272 mallem
1683 2234 1761 2280 qui-

1089 2292 1170 2328 dem
1181 2318 1190 2337 ‚
1206 2295 1397 2336 somniaque
1407 2303 1534 2325 arcana
1546 2292 1644 2323 nocte
1648 2289 1762 2332 petita

1087 2348 1237 2386 meent,-
1261 2344 1340 2389 quia
1352 2343 1478 2377 rectius
1492 2343 1623 2376 somnia
1625 2342 1740 2384 petere
1748 2363 1759 2377 ,

1089 2410 1195 2442 quam
1203 2399 1315 2431 omina
1324 2394 1389 2430 dici
1401 2400 1497 2440 puto.
1510 2393 1608 2438 Virg.
1619 2387 1760 2425 AEneid.

1088 2459 1164 2492 vn,
1184 2449 1248 2495 89:

1087 2508 1201 2534 Pellibus
1212 2506 1331 2531 incubuit
1344 2505 1430 2530 stratis
1441 2523 1450 2536 ,
1461 2510 1611 2536 somnosque
1618 2501 1721 2535 petivit.

1086 2558 1290 2591 Medlbz'nam
1297 2558 1423 2589 somnio
1424 2557 1549 2598 petere,
1554 2550 1637 2584 dixit
1646 2549 1680 2593 Q
1685 2561 1760 2582 uar-

1088 2608 1158 2643 tilla
1169 2607 1260 2653 apud
1271 2606 1478 2642 Petronium
1488 2619 1497 2646 ;
1508 2602 1567 2638 sed
1580 2601 1659 2646 quia
1670 2612 1759 2645 prae-

1088 2660 1187 2695 cessit
1199 2662 1439 2703 simulacraque
1451 2658 1568 2691 inania
1577 2655 1693 2692 somni,
1707 2657 1773 2686 ac-'

1089 2714 1224 2758 quiesco
1255 2708 1490 2746 emendationi
1523 2705 1723 2741 Heinsianae
1744 2727 1756 2746 ,

1088 2769 1214 2808 omina,
1233 2770 1267 2799 et
1279 2762 1430 2805 intelligo
1446 2759 1488 2795 de
1506 2757 1678 2793 ominibus
1694 2767 1757 2801 per
