1884 3112
308 294 394 337 252

739 293 1093 339 EPISTOLA
1130 296 1276 344 XIV.

367 378 456 432 Ter
477 382 588 432 male
610 383 786 433 sublato
810 386 972 435 decidit
994 405 1097 436 ense
1121 402 1298 437 manus:
1578 400 1581 418 ¹

304 459 498 508 'Admovi
515 459 695 525 jugulo;
721 461 814 511 sine
837 481 906 511 me
931 463 1015 511 tibi
1037 483 1135 513 vera
1156 464 1306 522 fateri3

369 538 560 586 Admovi
579 538 737 603 jugulo
760 539 846 588 tela
867 552 1050 606 paterna
1073 553 1166 589 tuo.

304 614 393 663 Sed
415 615 547 663 timor
569 627 613 664 et
633 617 774 682 pietas
797 617 1050 666 crudelibus
1072 618 1247 666 obstitit
1267 617 1383 666 ausis
1402 636 1414 676 ;

372 691 590 758 Castaque
614 694 868 743 mandatum
892 695 1042 743 dextra
1065 694 1230 756 refugit
1254 713 1379 760 opus.
1679 710 1723 745 50

309 767 563 834 Purpureos
588 769 749 820 laniata
772 772 918 830 sinus,
943 771 1103 820 laniata
1127 771 1337 838 capillos,

370 844 545 906 Exiguo
570 846 662 894 dixi
686 846 789 895 talia
812 849 945 896 verba
968 867 1109 896 sono:

308 919 477 977 Saevus,
504 922 872 987 Hypermnestra‚
898 935 1023 990 pater
1046 936 1114 972 est
1134 924 1216 972 tibi
1239 944 1248 972 :
1269 924 1390 989 jussa
1410 925 1604 992 parentis
1624 942 1628 946 ·

369 997 529 1056 ΕΗὶεθ;
561 1001 777 1061 germanis
800 1001 859 1048 sit
882 1020 1025 1049 comes
1048 1001 1130 1049 iste
1154 1001 1258 1049 suis.

303 1074 484 1122 Femina
506 1094 625 1133 sum,
651 1088 695 1123 et
717 1076 862 1138 virgo,
887 1088 1044 1125 natura
1067 1077 1208 1134 mitis,
1235 1088 1280 1125 et
1303 1077 1431 1125 annis
1450 1096 1461 1126 :

1679 1093 1724 1128 ‘a

368 1152 471 1198 Non
495 1150 664 1199 faciunt
685 1151 843 1201 molles
863 1153 918 1201 ad
941 1153 1032 1201 fera
1054 1152 1140 1201 tela
1161 1170 1330 1201 manus.

309 1226 434 1289 Quin
459 1247 536 1289 age
551 1265 562 1285 ‚
589 1228 780 1294 dumque
803 1229 941 1294 jacet,
964 1230 1101 1278 fortes
1124 1229 1294 1278 imitare
1318 1249 1490 1279 sorores
1509 1250 1521 1279 z

366 1305 590 1354 Credibile
615 1319 682 1355 est
705 1326 838 1355 caesos
863 1307 1072 1355 omnibus
1091 1326 1184 1355 esse
1208 1307 1342 1371 viros.

304 1381 351 1429 Si
369 1402 524 1450 manus
548 1382 639 1431 haec
664 1382 854 1449 aliquam
876 1396 1028 1451 posset
1051 1385 1323 1433 committere
1347 1385 1533 1445 caedem,
1584 1430 1588 1434 ,
1631 1425 1633 1428 ⁴

369 1459 518 1507 Morte
542 1459 656 1507 foret
680 1460 867 1508 dominae
890 1460 1226 1523 sanguinolenta
1249 1480 1350 1509 suae.
1644 1494 1647 1499 ι
1677 1477 1723 1511 60

307 1533 431 1596 Quid
453 1554 650 1583 meruere
673 1555 822 1584 necem
838 1573 849 1594 ‚
871 1536 1086 1602 patruelia
1109 1557 1244 1599 regna
1267 1537 1480 1596 tenendo,

363 1611 476 1674 Quae
501 1623 644 1660 tamen
667 1613 858 1661 externis
883 1612 1024 1661 danda
1046 1613 1194 1661 forent
1217 1614 1425 1677 generis?

341 1756 394 1799 46.
415 1757 559 1791 Decidit
570 1769 651 1791 ense
667 1761 796 1793 manus.
825 1760 982 1793 Concidit

301 1818 343 1842 ex
367 1808 499 1854 scriptis
520 1821 593 1842 non
617 1810 715 1854 pauci
733 1823 846 1844 :unus
873 1811 980 1845 Pata-

300 1861 401 1895 vinus
427 1863 558 1895 cecidit.
586 1862 786 1896 Puteaneus
810 1862 977 1896 mendose

299 1914 452 1947 tetendit.
481 1913 643 1947 Emenda
660 1916 788 1947 recidit.
807 1913 869 1947 Est
882 1914 978 1948 enim

299 1965 460 2010 ambigua
481 1965 593 2010 prima
611 1965 738 2012 syllaba
749 1992 758 2009 ,
781 1972 820 2000 ut
837 1965 978 2010 Gipha—

295 2017 374 2050 nius
392 2017 427 2050 in
447 2016 567 2051 Indice
584 2016 792 2052 Lucretiano
806 2017 878 2062 jam
889 2029 975 2051 mo—

298 2068 387 2107 nuit.
409 2068 542 2103 Hizms.

341 2122 392 2166 47.
410 2120 559 2154 Admovi
562 2120 685 2165 jugulo
698 2127 762 2156 etc.
774 2121 831 2155 Sic
845 2122 977 2156 Putea-

296 2183 383 2206 neus
391 2172 574 2217 etquidam
585 2172 652 2215 alii;
662 2172 748 2207 dum
761 2180 861 2208 antea
870 2173 953 2208 editi
965 2186 974 2210 z

296 2230 333 2255 At
346 2240 436 2255 rursus
447 2232 552 2256 monitis
564 2234 690 2267 jussuque
703 2239 789 2259 coacta
801 2234 914 2267 parentis
925 2253 935 2266 ‚

328 2278 444 2305 Admovi
456 2285 505 2305 etc.

295 2327 452 2363 Lincoln.
471 2329 587 2364 locum
602 2330 649 2364 sic
665 2330 863 2367 exhibebat:

299 2388 413 2413 Admovi
426 2389 518 2421 jugulo
529 2398 537 2421 3
552 2390 607 2414 sine
619 2399 660 2414 me
673 2389 720 2414 tibi
733 2399 794 2415 vera
804 2391 877 2416 fateri
888 2400 897 2423 ;

326 2436 415 2461 Mente
427 2437 500 2470 sequi
512 2437 568 2461 dira
580 2438 651 2470 jussa
662 2443 768 2471 paterna
780 2439 877 2464 volens.

294 2484 411 2508 Tandem
421 2484 489 2509 victa
501 2486 551 2509 mei
565 2493 631 2510 saeva
644 2485 781 2511 formidine
795 2487 876 2520 patris
886 2506 896 2518 ‚

324 2533 419 2558 Audeo
431 2543 477 2566 per
489 2535 610 2567 jugulum
626 2536 677 2559 tela
688 2545 792 2560 movere
803 2541 888 2562 tuum.

295 2580 404 2625 Quod
431 2582 485 2616 vix
507 2583 730 2617 tolerandum
743 2598 753 2626 ·,
776 2584 870 2619 unde
898 2597 971 2630 pu-

293 2634 386 2668 tabat
406 2633 458 2668 Cl.
478 2635 643 2670 Heinsius
660 2643 774 2670 totum
793 2636 859 2671 hoc
875 2636 973 2671 disti-

292 2684 384 2719 chon
408 2699 478 2720 esse
505 2687 775 2733 expungendum
791 2713 800 2731 ,
830 2695 870 2722 ut
891 2696 972 2733 pote

293 2736 484 2772 confictum
494 2752 511 2772 a
520 2739 699 2784 sciolo,qui
707 2740 884 2785 superiora
892 2753 972 2775 cum

292 2789 517 2833 sequentibus
544 2791 774 2827 arbitrabatur
804 2805 876 2827 non
905 2805 972 2827 co—

1043 1760 1186 1795 haerere.
1210 1778 1253 1787 —-
1267 1760 1317 1795 At
1337 1759 1424 1794 mihi
1447 1758 1590 1805 quidem
1605 1760 1641 1795 in
1663 1772 1721 1796 re-

1043 1820 1143 1858 cepto
1167 1812 1310 1847 disticho
1333 1812 1420 1846 nihil
1441 1818 1622 1857 tantopere
1643 1810 1721 1846 dis-

1042 1865 1167 1910 plicet,
1193 1870 1233 1898 ut
1256 1864 1369 1909 potius
1392 1862 1435 1897 ad
1462 1863 1719 1898 correctionem

1042 1929 1221 1951 recurrere
1238 1943 1247 1960 ,
1284 1928 1389 1962 quam
1416 1915 1502 1949 illud
1533 1914 1718 1952 admittere

1041 1968 1171 2002 malim.
1197 1968 1274 2013 Ipsa
1300 1968 1396 2002 enim
1423 1967 1480 2001 illa
1505 1969 1712 2012 tautologia,

1040 2033 1107 2054 non
1119 2020 1283 2065 egofalsa
1295 2022 1416 2064 loquar.
1432 2037 1475 2045 ——
1490 2019 1569 2053 Sine
1585 2032 1638 2053 me
1653 2021 1719 2055 tibi

1039 2085 1121 2106 vera
1123 2072 1252 2115 fateri,
1280 2084 1321 2105 ex
1339 2072 1628 2118 Hypermnestrae
1642 2084 1720 2116 per-

1040 2137 1124 2158 sona
1139 2123 1321 2158 veritatem
1334 2122 1448 2158 habet.
1467 2123 1559 2159 Nam
1573 2129 1608 2157 et
1615 2123 1719 2167 falsa

1039 2175 1134 2220 loqui
1153 2175 1292 2209 nolebat
1307 2200 1317 2218 ,
1345 2181 1380 2208 et
1403 2181 1523 2208 tamen
1549 2174 1655 2209 etiam
1671 2173 1721 2209 ti-

1039 2226 1155 2261 mebat
1165 2252 1175 2270 ‚
1190 2239 1235 2260 ne
1245 2225 1426 2260 fatendum
1439 2239 1537 2267 vera,
1556 2226 1715 2260 animum

1040 2291 1059 2312 a
1074 2291 1108 2313 se
1125 2278 1240 2312 mariti
1257 2277 1432 2311 alienaret.
1449 2277 1611 2311 LENIOEP.

1082 2329 1134 2363 60.
1158 2331 1322 2363 Domt'aae.
1341 2329 1489 2370 Mureti,
1504 2331 1718 2371 dominini,-

1039 2388 1074 2416 et
1089 2388 1203 2426 posset
1218 2380 1261 2415 de
1277 2381 1403 2415 Danao
1421 2380 1517 2425 capi,
1536 2381 1596 2426 qui
1612 2379 1720 2415 tradi-

1039 2433 1138 2467 derat
1154 2445 1274 2467 ensem
1292 2445 1300 2467 :
1317 2445 1390 2477 sup.
1407 2445 1493 2467 vers.
1514 2446 1563 2467 11.

1082 2485 1135 2518 61.
1157 2486 1401 2528 Quidmcruere
1415 2497 1538 2518 necem.
1558 2485 1630 2527 Quo
1642 2483 1719 2518 Pu-

1038 2541 1179 2570 teaneus
1196 2549 1203 2571 :
1219 2536 1320 2571 bene.
1338 2536 1406 2570 Alii
1417 2535 1551 2570 codices
1562 2561 1572 2579 ,
1587 2536 1711 2578 Haud,

1038 2588 1096 2622 An
1107 2614 1115 2627 ,
1133 2594 1168 2621 et
1182 2589 1267 2623 Non.
1285 2587 1400 2623 valer.
1413 2587 1564 2630 Flacc.1,
1582 2588 1664 2634 519:

1036 2642 1096 2673 Quo
1105 2643 1205 2676 Minyae
1216 2651 1331 2667 meruere
1340 2643 1435 2676 queri?
1522 2642 1631 2666 Enna.

1082 2691 1134 2724 62.
1166 2692 1246 2734 Qua
1258 2695 1370 2725 tamen
1381 2692 1530 2725 extemis
1541 2691 1656 2723 danda
1655 2689 1715 2734 so-

1036 2747 1112 2775 rent
1116 2746 1260 2786 generis.
1273 2743 1406 2777 Praeter
1416 2741 1714 2776 moremOvidia-

1036 2806 1125 2829 num
1146 2801 1220 2841 est,
1249 2801 1288 2829 ut
1314 2794 1352 2829 in
1379 2793 1593 2841 trisyllabum
1617 2800 1716 2829 exeat
