1884 3112
310 256 451 290 XXVIII

306 339 425 378 menis
442 336 519 377 suis
532 334 577 375 ab
594 335 741 376 Heinsii
755 336 939 376 sententia
952 336 1142 389 dissentit)
1158 338 1199 378 in
1217 339 1388 380 secundis
1411 348 1586 382 notarum
1613 342 1715 383 curis

305 417 384 443 rem
408 391 548 457 optime
567 401 630 441 hic
649 415 761 456 agens
778 430 791 451 ,
810 401 993 443 Ovidium
1012 402 1183 443 similiter
1201 412 1321 445 totam
1346 405 1455 465 Eleg.
1484 416 1591 460 vm,
1615 407 1680 449 lib.
1697 420 1715 448 1

306 469 441 510 Amor.
458 483 543 521 quae
556 467 739 508 invectiva
755 474 812 506 est
825 467 865 506 in
879 467 1080 521 Dipsadem
1092 497 1104 518 ,
1117 468 1301 509 imitatum
1313 470 1428 525 fuisse
1437 500 1450 520 ‚
1466 466 1714 527 ex⁴⁴Pr0pertii

303 534 425 574 nostri
441 534 549 588 Eleg.
566 548 590 574 v
602 562 614 582 ,
630 531 695 570 lib.
715 543 761 570 lv
774 561 786 583 ,
806 533 980 586 scriptam
998 535 1038 573 in
1059 535 1218 575 similem
1233 536 1374 575 Lenam
1389 535 1659 587 Acanthidem;
1676 547 1714 578 et

302 600 500 639 Fastorum
518 597 634 637 libros
655 596 816 638 scribere
831 599 1015 653 cogitasse
1029 630 1041 651 ,
1061 616 1179 653 quum
1194 601 1300 642 valde
1314 602 1349 641 ei
1364 602 1592 655 placuissent
1608 617 1712 644 non-

301 663 415 704 nullae
431 663 620 716 Propertii
638 663 782 718 Elegiae
800 664 846 704 de
862 679 989 705 rerum
1005 676 1242 706 romanarum
1264 667 1409 721 origine
1426 697 1438 718 ,
1462 667 1536 708 hoc
1555 667 1597 707 in
1614 667 1712 708 libro

301 736 483 769 exstantes
506 745 514 767 :
540 728 855 781 quemadmodum
878 730 986 786 Eleg.
1010 742 1120 771 xvm
1135 762 1146 783 ‚
1171 731 1236 772 lib.
1264 743 1298 771 11
1314 762 1326 782 ‚
1351 748 1425 786 qua
1447 747 1486 773 se
1512 733 1715 773 multarum

300 794 489 835 amoribus
510 793 718 834 obnoxium
737 796 937 848 profitetur
956 797 1176 850 Propertius
1189 827 1201 848 ,
1221 797 1362 838 Ovidio
1378 797 1498 837 simile
1514 812 1714 854 argumen-

300 871 396 912 tum,
410 860 475 901 lib.
497 871 530 899 11
546 859 748 912 Amorum,
762 860 870 916 Eleg.
887 873 946 912 N,
963 862 1234 916 suppeditasse,
1247 864 1287 902 in
1309 862 1595 918 Prolegomenis
1612 862 1711 904 idem

300 937 427 970 censet
447 927 621 980 Vulpius.

354 1011 374 1028 «
399 993 475 1032 Sed
496 992 789 1033 controversiam
812 1006 964 1032 omnem
985 993 1126 1033 dirimit
1144 1002 1233 1035 aetas
1252 994 1439 1045 Nasonis,
1458 995 1525 1048 qui
1542 995 1630 1035 loco
1643 995 1710 1036 in-

290 1059 395 1115 ,signi
414 1058 531 1097 Trist.
562 1068 632 1108 IV,
658 1058 767 1112 Eleg.
792 1052 842 1109 x',
860 1057 937 1109 45,
964 1066 1146 1110 testatur,
1168 1059 1409 1112 Propertium
1439 1074 1538 1114 saepe
1554 1061 1710 1117 *Elegias

297 1124 368 1164 sibi
381 1124 551 1163 recitasse
565 1136 574 1160 :

513 1210 611 1255 Saepe
627 1222 706 1244 suos
722 1210 840 1245 solitus
855 1211 1000 1245 recitare
1015 1212 1219 1257 Propertius
1234 1212 1349 1257 ignes;

294 1285 490 1327 Tibullum
506 1283 619 1324 Gallo
633 1314 645 1335 ,
671 1284 827 1324 Tibullo
843 1285 1108 1338 Propertium;
1135 1300 1174 1325 se
1197 1299 1287 1327 vero
1309 1287 1532 1340 Propertio,
1550 1287 1591 1326 in
1610 1286 1707 1326 scri-

292 1351 423 1391 bendis
454 1350 608 1404 Elegis,
637 1351 884 1398 successisse3
914 1359 1164 1404 quartumque
1196 1351 1241 1391 ab
1276 1352 1334 1391 his
1362 1360 1577 1406 temporum
1612 1351 1706 1391 serie

292 1417 419 1458 fuisse.
444 1417 564 1466 Quod
580 1415 732 1469 quidem
753 1415 810 1455 bis
831 1416 1048 1467 confirmat,
1068 1417 1186 1456 Trist.
1211 1416 1275 1456 lib.
1293 1428 1350 1468 11,
1373 1414 1475 1466 445:

507 1497 583 1533 Nec
598 1497 664 1532 suit
679 1497 866 1542 opprobrio
881 1497 1067 1533 celebrasse
1085 1498 1255 1544 Lycorida
1271 1498 1371 1534 Gallo
1381 1525 1391 1544 ‚
1409 1507 1473 1535 etc.

294 1577 346 1617 Et
369 1576 435 1617 lib.
455 1588 509 1627 v,
536 1575 645 1632 Eleg.
668 1587 708 1627 Ι,
736 1575 808 1615 15:

497 1656 648 1692 Delicias
664 1655 692 1691 si
709 1656 784 1701 quis
801 1656 992 1702 lascivaque
1008 1658 1164 1693 carmina
1180 1659 1303 1704 quaerit
1316 1685 1326 1703 ,

526 1719 737 1754 Praemoneo
753 1731 937 1764 nunquam
952 1719 1076 1764 scripta
1093 1719 1186 1765 quod
1202 1720 1266 1755 ista
1281 1721 1371 1767 legat
1385 1734 1395 1756 ι

485 1780 611 1826 Aptior
625 1779 705 1815 huic
721 1779 838 1814 Gallus
848 1805 857 1823 ,
874 1780 1061 1826 blandique
1078 1781 1280 1827 Propertius
1294 1783 1384 1826 oris;

524 1840 649 1885 Aptior
660 1866 669 1884 ,
688 1840 870 1886 ingenium
886 1853 985 1875 come
1000 1867 1010 1885 ‚
1029 1841 1186 1877 Tibullus
1203 1843 1279 1877 erit.

342 1931 363 1949 «
388 1914 446 1953 Ex
461 1913 518 1953 his
538 1914 656 1969 igitur
673 1921 846 1954 constare
865 1915 1003 1968 opinor
1015 1945 1026 1965 ‚
1052 1916 1292 1969 Propertium
1311 1917 1464 1957 minime
1487 1917 1553 1957 hac
1569 1917 1697 1973 Elegia

286 1981 470 2021 imitatum
484 1976 595 2020 fuisse
616 1980 821 2027 Ovidium
850 1980 916 2020 sed
931 1980 1019 2020 huic
1041 1981 1170 2034 potius
1185 1981 1369 2022 scribendi
1386 1982 1606 2036 ampliorem
1624 1983 1696 2022 de-

286 2047 384 2086 disse
414 2047 602 2086 materiem
618 2075 629 2096 ,
665 2046 769 2099 quod
803 2046 993 2100 praecipue
1022 2055 1125 2100 patet
1153 2047 1358 2087 innumeris
1386 2048 1501 2099 locis,
1528 2063 1613 2101 quae
1642 2062 1687 2087 ex

286 2113 486 2166 Propertio
508 2113 644 2166 passim
665 2111 851 2151 imitatum
873 2126 953 2152 esse
974 2113 1165 2152 Nasonem
1179 2142 1191 2163 ,
1214 2113 1328 2154 toties
1343 2111 1384 2153 in
1406 2113 1481 2156 hoc
1497 2128 1693 2155 commen-

286 2179 381 2218 tario
405 2179 546 2222 notavi.
566 2196 585 2214 n
610 2187 681 2219 etc.
1680 2185 1684 2189 '
