1884 3112
575 242 850 290 BRISEIS
898 244 1215 290 ACHILLI.
1565 244 1621 287 55

184 337 260 389 An
281 337 467 387 miseros
490 336 631 387 tristis
656 338 838 388 fortuna
861 338 1072 388 tenaciter
1092 337 1252 401 urget?

247 416 342 464 Nec
364 414 486 464 venit
507 414 697 483 inceptis
718 415 902 485 mollior
924 435 1030 465 aura
1051 416 1193 465 meis?

183 491 347 541 Diruta
369 492 515 541 Marte
539 503 619 541 tuo
643 493 854 560 Lyrnesia
876 493 1037 543 moenia
1060 493 1151 542 vidi
1176 513 1188 542 z
1575 504 1619 550 45

249 572 311 619 Et
332 569 500 620 fueram
522 571 675 638 patriae
697 590 801 638 pars
826 590 910 634 ego
934 589 1094 633 magna
1115 583 1242 620 meae.'

184 648 291 697 Vidi
313 667 397 712 ego
422 660 651 698 consortes
674 649 840 715 pariter
864 648 1124 715 generisque
1147 647 1356 713 necisque

248 728 359 776 Tres
383 726 592 776 cecidisse
616 746 626 775 :
653 726 822 784 tribus,
850 744 948 792 quae
970 724 1105 782 mihi,
1130 735 1270 772 mater
1293 735 1404 772 erat.'

185 803 292 852 Vidi
315 822 421 866 ege,
448 815 641 870 quantus
667 815 780 862 erat,
805 802 955 851 fusum
979 800 1133 851 tellure
1159 812 1360 859 cruenta,

248 881 435 930 Pectora
451 880 688 946 jactantem
711 879 1075 944 sanguinolenta,
1101 879 1258 928 virum.
1579 892 1624 925 50

184 959 274 1007 Tot
298 970 444 1006 tamen
467 957 640 1006 amissis
665 970 708 1007 te
731 958 1114 1025 compensavimus
1139 976 1279 1006 unum
1298 976 1309 1005 ε

247 1036 321 1084 Tu
342 1035 571 1092 dominus,
598 1047 648 1084 tu
671 1036 759 1095 vir,
788 1048 836 1084 tu
859 1036 972 1084 mihi
995 1035 1130 1085 frater
1153 1054 1260 1084 eras.

226 1173 280 1217 44.
301 1173 375 1208 Nec
383 1175 479 1208 venit
486 1176 631 1218 inceptis
642 1175 779 1208 mollior
784 1186 870 1207 aura

182 1228 278 1260 neele.
287 1226 431 1260 Mollior
437 1227 522 1260 hom
529 1253 538 1266 ,
552 1226 706 1272 optimus
719 1226 869 1260 Puteani

183 1276 293 1313 codex
301 1303 311 1322 ,
323 1290 406 1314 cum
417 1278 490 1314 aliis
501 1278 692 1313 nonnullis.
705 1277 764 1313 Sic
777 1278 870 1312 Pro—

183 1330 316 1376 pez-tius
335 1342 378 1366 11.
395 1330 494 1377 Eleg.
506 1342 569 1365 xxr
580 1357 590 1375 ‚
611 1331 650 1364 18
663 1343 672 1365 ε

234 1391 359 1417 Extremo
371 1391 459 1416 veniet
471 1391 575 1416 mouim-
587 1391 654 1417 hora
666 1391 718 1416 die.

186 1440 260 1476 Ubi
269 1446 388 1477 tamen
399 1453 484 1475 aum
490 1453 630 1486 quoque
642 1441 681 1475 in
690 1439 870 1475 nonnullis

185 1491 370 1528 codicibus.
378 1491 435 1527 De
447 1493 551 1528 Pont.
563 1505 619 1528 111.
633 1493 729 1539 Eleg.
739 1505 796 1536 111,
811 1493 869 1536 84:

234 1553 270 1579 82
277 1553 364 1579 veniet
374 1553 444 1579 votis
455 1553 558 1579 monim·
571 1554 639 1579 Imm
648 1553 710 1578 tuis.
728 1554 835 1578 Hlarus.

185 1602 284 1638 Aum
296 1601 422 1638 melius
434 1615 499 1649 per
511 1602 757 1649 metaphoram
773 1615 792 1636 a
804 1615 870 1636 na-

184 1654 379 1702 vigantibus
401 1663 578 1702 sumptam
599 1655 723 1701 quibus
748 1656 870 1690 favent

183 1713 374 1742 ventorum
384 1708 561 1744 molliores
573 1721 676 1744 aurae.
690 1707 749 1744 Sic
763 1707 868 1744 Ov'ul.

185 1759 277 1796 Fmt.
291 1771 341 1805 11,
363 1761 442 1806 148:

267 1821 295 1848 Α
307 1820 436 1857 Zephyris
449 1821 552 1847 mollior
564 1830 633 1848 aura
646 1822 728 1848 venit.

185 1870 292 1907 Trist.
306 1870 364 1907 lib.
376 1882 426 1907 ιν.
443 1871 496 1906 ΕΙ.
510 1882 554 1915 v,
576 1883 636 1920 19:

219 1949 251 1958 ...
269 1932 360 1958 Remi·
370 1932 404 1957 nd
416 1941 492 1966 opem
504 1932 603 1957 luetme
619 1931 752 1957 serendam
761 1950 771 1962 ,

215 1976 288 2008 Dum
301 1981 390 2007 veniat
399 1981 502 2015 placido
513 1981 617 2007 mollior
628 1989 697 2006 aura
709 1982 775 2006 Deo.

229 2032 284 2076 45.
292 2031 420 2065 Diruta
427 2031 541 2065 Marte
550 2035 607 2065 tuo
616 2031 782 2077 Lyrnesia
791 2042 869 2064 ma·-

187 2085 247 2118 ru'a
265 2083 347 2118 vidi.
370 2082 539 2118 Meminit
558 2088 595 2117 et
608 2082 679 2128 ipse
696 2081 847 2117 Achilles
858 2107 868 2125 ,

189 2134 230 2170 Il.
242 2134 288 2179 T,
301 2134 346 2169 (io
355 2160 365 2179 ,
380 2147 491 2180 quum
507 2133 621 2169 amissi
637 2132 790 2169 Patrocli
803 2132 869 2167 do—

187 2185 262 2222 lore
286 2198 407 2223 amens
422 2213 432 2230 ,
452 2186 608 2222 Dianam
628 2186 732 2221 vellet
757 2186 868 2232 ipsam

188 2237 280 2274 hanc
295 2237 452 2275 Briseida
469 2238 600 2285 sagittis
615 2237 821 2273 transfixisse
835 2263 844 2281 ,

203 2287 324 2337 Ἠματι
343 2296 404 2340 τῷ,
423 2290 466 2327 ὅτ’
490 2293 564 2340 ε’γῲν
584 2294 692 2335 ἱλέμην
709 2294 869 2336 Αυρνῃσὲν

322 2343 457 2383 σ’λίσσας.

232 2394 286 2439 48.
316 2396 444 2430 Tn'bus.
456 2394 642 2442 Distingue
657 2396 763 2429 tribus
773 2421 782 2436 ‚
797 2407 869 2440 quoe

188 2449 276 2482 mihi
282 2473 291 2488 ‚
308 2450 421 2481 malet
432 2451 533 2488 σωκ
555 2454 626 2481 tres
647 2447 771 2482 fratres
790 2459 870 2482 suos

187 2499 317 2535 innuit.
346 2500 480 2535 Hssms.
512 2498 679 2534 Francius
707 2498 845 2535 volebat
857 2525 868 2544 ‚

188 2554 324 2598 quibus,
341 2564 415 2598 que
430 2552 532 2592 mihi,
546 2555 658 2586 mater
663 2555 748 2586 emt.

235 2607 288 2640 50.
302 2606 510 2640 Jactantem.
522 2603 672 2639 Plurimi
681 2602 789 2638 MSS.
799 2616 871 2639 ver-

191 2661 322 2705 santem
330 2670 340 2692 :
349 2657 438 2693 sorte
446 2663 593 2704 praestat.
604 2657 663 2692 Sic
670 2656 767 2691 enim
774 2655 870 2702 loqui

192 2717 286 2746 amat
299 2709 386 2746 stat.
400 2722 449 2745 1x.
464 2710 578 2744 Theb.
595 2709 654 2744 162
669 2721 678 2744 :

256 2770 318 2797 Heu
330 2771 434 2806 qualem
443 2771 542 2797 venari
554 2770 582 2796 in
592 2769 716 2803 sanguine
728 2769 794 2796 vidi.

936 1172 994 1208 Sic
1010 1172 1085 1218 lege
1100 1198 1110 1215 ,
1126 1184 1200 1206 non
1215 1182 1353 1206 versare
1365 1197 1372 1211 ‚
1392 1170 1447 1205 vel
1464 1171 1599 1214 lapsare
1612 1188 1623 1210 ·‚

935 1232 974 1259 ut
988 1225 1194 1259 Bernartius
1208 1237 1249 1258 ex
1269 1223 1338 1258 suis
1360 1222 1452 1269 legit.
1474 1221 1624 1268 Vulgata

936 1285 1056 1311 tamen
1074 1289 1147 1311 non
1170 1283 1303 1311 temere
1322 1273 1519 1320 rejicienda.
1534 1274 1623 1308 Met.

936 1341 974 1373 v,
992 1331 1054 1376 59:

934 1390 963 1414 H
967 1398 1014 1414 unc
1026 1388 1070 1413 ubi
1079 1387 1198 1413 laudatos
1203 1389 1354 1421 jactantem
1360 1386 1387 1412 in
1393 1385 1623 1419 sanguinevultus.

938 1439 985 1474 Et
1000 1450 1033 1473 x.
1050 1452 1130 1485 721:

935 1500 1086 1541 Exanimem
1090 1499 1179 1531 ,inque
1185 1506 1231 1523 suo
1234 1499 1385 1531 sacrantem
1391 1498 1515 1530 sanguine
1520 1506 1624 1531 eorpus.

937 1548 1070 1582 Hnms.
1110 1546 1246 1581 Eadem
1268 1545 1447 1581 diversitas
1475 1552 1528 1581 est
1559 1557 1598 1581 lv
1614 1572 1624 1590 ,

938 1599 1045 1635 Trist.
1062 1610 1106 1633 111
1118 1625 1127 1642 ,
1142 1599 1205 1633 25:

1001 1660 1131 1693 Fessaque
1143 1659 1244 1692 jactati
1255 1659 1369 1692 corporis
1382 1667 1439 1684 ossa
1452 1658 1551 1684 dolent.

935 1708 1009 1744 Ubi
1028 1707 1172 1753 quidam
1194 1711 1344 1750 versati,
1372 1713 1412 1742 ut
1436 1707 1566 1753 legitur
1587 1717 1626 1751 1,

937 1761 1060 1796 Amor.
1077 1773 1127 1804 11,
1151 1762 1193 1805 4:

1000 1811 1134 1856 fassaque
1143 1822 1243 1847 vos-sati
1253 1820 1369 1854 corporis
1384 1829 1442 1845 ossa
1455 1819 1554 1845 dolent.

935 1889 980 1897 -—·
1002 1873 1124 1906 Virum.
1144 1869 1345 1915 Coniugem
1360 1869 1546 1912 Mineten,
1563 1867 1623 1914 qui

939 1923 1068 1958 Ciliciae
1081 1937 1140 1958 rex
1151 1923 1252 1957 fuisse
1271 1921 1430 1957 traditur.

981 1978 1034 2010 51.
1063 1977 1129 2010 Tot
1150 1979 1264 2009 lamen
1286 1976 1434 2007 amissis.
1462 1972 1622 2018 Quidam

933 2028 1069 2064 codices
1079 2055 1088 2072 ,
1104 2041 1165 2062 nos
1174 2029 1216 2062 de
1227 2030 1279 2061 lot
1285 2029 1440 2067 amissit,
1456 2025 1546 2061 sorte
1559 2039 1624 2072 pro

933 2093 1068 2126 nosque,
1081 2084 1133 2114 lot
1137 2081 1285 2118 aminis,
1296 2082 1330 2112 le
1338 2081 1625 2123 compens-avimus

933 2146 1043 2167 unum.
1053 2131 1152 2166 Malo
1164 2138 1303 2166 tamen:
1323 2132 1389 2165 Tot
1398 2134 1512 2165 tamen
1523 2134 1625 2165 amis-

933 2198 992 2219 sos
1013 2189 1046 2219 le
1070 2186 1356 2228 compensaoimus
1379 2195 1456 2217 uno.
1484 2183 1620 2219 Hssms.

933 2256 977 2263 -—
993 2236 1213 2280 Gronovius,
1229 2247 1278 2271 lv.
1291 2234 1439 2280 Obsery.
1458 2235 1624 2282 13.,legit:

967 2299 1018 2324 Tot
1034 2303 1120 2323 tamen
1130 2297 1239 2322 amissos
1252 2301 1338 2322 tecum
1351 2295 1519 2329 pensavimus
1535 2305 1597 2321 uno.

935 2347 1012 2393 Ego
1043 2344 1180 2381 Heinsii
1204 2345 1446 2390 conjecturam
1472 2345 1618 2390 praeser-

934 2413 1011 2435 rem
1026 2414 1034 2441 ;
1047 2410 1298 2443 compensamus
1313 2397 1409 2432 enim
1426 2396 1555 2432 damna
1570 2396 1621 2430 lu-

933 2452 1009 2487 cris.
1023 2450 1096 2486 Cic.
1107 2463 1170 2497 pro
1181 2449 1347 2494 Fonteio,
1359 2462 1432 2494 cap.
1445 2463 1458 2483 1
1470 2461 1478 2483 :
1489 2447 1620 2489 «Socii,

935 2504 993 2549 qui
1011 2502 1226 2538 Gallicorum
1246 2501 1420 2537 bellorum
1442 2499 1594 2546 pericula
1608 2525 1620 2544 ,

934 2555 1063 2602 populo
1073 2555 1238 2590 Romano
1245 2553 1346 2589 coriis
1352 2552 1527 2598 remisque
1534 2564 1622 2587 com-

927 2611 1126 2654 pensarunt.
1134 2622 1150 2637 »
1164 2606 1211 2642 Et
1219 2606 1266 2642 ita
1279 2605 1406 2652 passim
1414 2605 1479 2639 alii.
1487 2604 1620 2639 BURM.

979 2663 1030 2695 52.
1061 2661 1113 2694 Tu
1135 2661 1288 2694 dominus
1301 2685 1312 2701 ,Ἴ
1334 2662 1371 2692 tu
1391 2660 1448 2692 vir
1466 2663 1531 2692 etc.
1559 2655 1620 2692 Sic

935 2712 1027 2760 apud
1049 2713 1198 2747 Homer.
1221 2710 1281 2757 qui
1299 2723 1438 2757 semper
1465 2710 1619 2744 asseren-

934 2765 1001 2801 dus
1013 2791 1023 2809 ‚
1041 2764 1100 2799 ubi
1125 2763 1240 2800 nobile
1258 2762 1343 2810 quid
1365 2769 1402 2798 et
1422 2762 1619 2808 ingenuum
