1884 3112
436 239 823 285 LAODAMIA
876 240 1354 286 PROTESILAO.
1519 242 1607 298 245

239 332 378 398 Quod
401 344 547 382 tecum
570 334 719 400 possis
742 334 838 401 ipse
861 333 1043 392 referre,
1070 345 1203 401 caput
1223 353 1235 382 :

177 411 256 460 Me
279 410 366 459 tibi
389 422 617 459 venturam
640 411 865 470 comitem,
893 431 1161 479 quocunque
1184 412 1372 471 vocaris;

242 488 366 547 Sive,
390 487 512 555 quod
536 488 623 537 heu
649 489 808 538 timeo!
832 489 922 538 sive
946 501 1172 556 superstes
1196 474 1304 539 erss's

179 565 350 617 Ultima
371 556 580 615 mandato
603 566 834 616 claudetur
856 566 1044 633 epistola
1065 586 1201 634 parvo
1221 586 1233 616 :
1549 582 1610 617 165

243 643 293 693 Si
315 643 400 693 tibi
421 663 526 693 cura
546 644 655 703 mei,
681 644 740 692 sit
766 643 851 693 tibi
882 662 986 692 cura
1009 643 1089 692 tui.

225 790 298 826 162.
314 791 418 835 Quod
425 793 534 826 {ecum
540 793 665 836 possis.
681 790 778 836 Lego
791 817 801 835 ‚
828 792 861 825 0

178 847 286 879 tecum
294 846 411 888 possis
423 870 432 886 ‚
459 843 515 878 vel
534 844 622 878 Huc.
648 843 743 878 Nam
760 844 860 878 Vos-

176 895 293 931 sianus
304 921 314 939 ,
346 896 398 930 Ut
420 899 538 930 tecum.
567 895 702 931 Hmns.
728 898 773 931 '1¹2'
786 898 861 940 ipse

175 960 252 983 non
265 954 365 982 vacat
379 946 461 991 hic3
489 947 570 993 quia
589 947 748 982 virorum
761 973 770 991 ‚
800 948 861 994 qui

175 999 268 1036 bello
294 999 493 1035 ceciderant
503 1026 514 1044 ,
547 999 714 1035 cadavera
737 1000 774 1035 in
797 997 862 1046 pa*-

176 1051 282 1088 triam
303 1052 347 1087 ab
372 1051 445 1086 aliis
468 1051 626 1086 solebant
647 1052 771 1088 referri
785 1078 794 1096 ,
821 1059 862 1087 ut

176 1104 409 1140 notissimum.
437 1103 627 1139 Laodamia
637 1116 723 1139 vero
735 1111 858 1149 vovet,

177 1163 218 1192 ut
232 1156 304 1203 ipse
319 1156 432 1192 salvus
448 1156 580 1191 referat
594 1163 709 1202 caput.
729 1156 861 1192 Bunm.

225 1207 298 1254 164.
317 1208 403 1250 Sive,
420 1210 512 1254 quod
516 1210 581 1243 heu
595 1210 715 1244 timeo!
731 1210 862 1244 Morie-

178 1263 245 1303 nlc,
261 1259 444 1303 :libandin
459 1259 521 1296 sed
535 1260 659 1296 reticet
674 1261 862 1308 aptissime,

179 1324 227 1348 ne
241 1325 282 1348 ex
295 1312 367 1359 ipsa
381 1316 499 1348 modis·
510 1313 708 1359 mentione,
724 1313 863 1350 infaus-

181 1373 262 1402 tum
276 1378 388 1403 omen
401 1364 475 1403 fiat}
495 1366 628 1417 Buan.

975 790 1047 826 166.
1071 791 1127 825 Sit
1149 792 1216 825 tibi
1245 803 1326 825 cura
1350 793 1408 825 lui.
1443 790 1514 826 sed
1534 790 1611 827 Diis

927 841 1028 878 aliter
1042 843 1165 878 visum.
1191 842 1324 878 Audita
1341 856 1425 877 vero
1454 843 1613 889 conjugis

927 902 1042 930 morte
1055 922 1065 939 ,
1078 894 1269 930 Laodamia
1283 895 1321 930 in
1333 895 1493 942 amplexu
1503 909 1613 931 cereae

925 948 1086 994 imaginis
1099 947 1226 983 dicitur
1238 947 1359 982 dolore
1373 961 1534 994 oppressa
1552 961 1612 983 ex-

927 1000 1100 1046 piravisse.
1111 1000 1205 1035 Rem
1216 1000 1320 1046 paulo
1335 1000 1434 1035 aliter
1446 1000 1590 1035 Servius
1598 1027 1609 1043 ,

926 1051 971 1087 ad
986 1063 1025 1087 vl
1042 1052 1184 1087 AEneid.
1195 1066 1204 1094 ;
1216 1053 1333 1098 ibique
1343 1060 1463 1087 narrat
1476 1060 1610 1098 optasse

926 1103 1093 1138 Laodam.
1104 1130 1113 1148 ‚
1129 1111 1170 1139 ut
1183 1104 1325 1139 extincti
1338 1105 1519 1140 Protesilai
1530 1118 1614 1140 um-

925 1156 1025 1191 bram
1035 1156 1098 1191 sibi
1106 1156 1226 1191 liceret
1234 1157 1366 1192 intueri
1377 1171 1386 1199 ;
1399 1157 1491 1202 quod
1501 1170 1610 1202 quum

927 1222 948 1243 a
965 1208 1043 1243 Diis
1065 1208 1282 1254 impetrasset
1295 1235 1305 1253 ‚
1336 1209 1375 1244 in
1400 1208 1612 1255 amplexibus

929 1260 1083 1296 animam
1093 1261 1234 1296 efflavit.
1241 1260 1421 1297 Comitem
1428 1261 1519 1296 hanc
1526 1261 1612 1295 Vir—

930 1313 1029 1360 gilius
1050 1312 1210 1348 Phaedrae
1233 1320 1269 1349 et
1285 1313 1357 1350 aliis
1380 1312 1500 1360 addit,
1526 1313 1611 1349 AEn.

929 1365 994 1401 loc.
1011 1364 1091 1401 dict..
1107 1378 1140 1400 v.
1156 1366 1232 1412 447.
