1884 3112
603 763 1036 821 EPISTOLAE
1095 733 1425 824 ’TERTIAE

754 911 1274 956 ARGUMENTUM.

363 1052 570 1106 Postquam
591 1053 792 1111 Phrygiam
819 1055 946 1096 Graeci
974 1057 1221 1111 adpulerunt,
1241 1058 1353 1098 urbes
1373 1059 1503 1113 Trojae
1522 1059 1694 1100 finitimas
1707 1089 1720 1111 ‚

310 1123 575 1176 praecipueque
594 1123 720 1164 Lesbo
740 1124 873 1164 insulae
893 1128 1086 1179 oppositas
1099 1157 1111 1178 ‚
1136 1127 1267 1168 hostili
1283 1143 1389 1168 more
1411 1130 1575 1185 aggressi
1595 1143 1721 1184 popu·-

309 1192 378 1231 lari
397 1201 604 1246 coeperunt.
633 1192 802 1234 Achilles
825 1195 977 1247 quidem
1002 1205 1200 1250 utramque
1216 1197 1407 1249 Ciliciam,
1427 1208 1465 1239 et
1479 1198 1695 1239 Thebanam
1707 1229 1722 1251 ‚

308 1270 346 1302 et
377 1263 596 1315 Lyrnesiam
630 1263 777 1305 invasit.
813 1265 1043 1319 Expugnato
1074 1266 1162 1306 inde
1194 1267 1406 1321 Chrynesio
1437 1269 1602 1323 oppido,
1630 1269 1720 1310 duas

308 1334 457 1387 egregia
480 1333 599 1372 forma
620 1333 785 1389 virgines
812 1333 965 1374 abduxit
981 1365 993 1386 ‚
1022 1334 1260 1390 Astynomen
1276 1366 1288 1389 ‚
1323 1337 1480 1392 Chrysae
1518 1339 1720 1380 sacerdotis

307 1401 447 1450 filiam3
480 1411 518 1442 et
540 1403 854 1456 Hippodamiam,
884 1405 1003 1446 Brisae
1030 1413 1176 1454 natam3
1207 1422 1292 1460 quae
1310 1416 1442 1461 postea
1465 1409 1721 1463 patronymice

309 1470 489 1526 Chryseis
523 1480 561 1511 et
584 1472 725 1513 Briseis
747 1474 1024 1528 cognominatae
1047 1484 1150 1516 sunt.
1184 1476 1392 1530 Chryseida
1419 1477 1586 1520 Achilles
1613 1479 1722 1535 Aga-

308 1541 502 1581 memnoni
524 1542 712 1582 concessit
725 1572 738 1593 ,
766 1552 908 1585 servata
928 1543 998 1583 sibi
1017 1545 1199 1585 Briseide.

363 1611 497 1659 Quum
529 1625 621 1652 vero
651 1610 915 1667 Agamemnon
943 1613 1115 1653 Deorum
1152 1616 1258 1668 jussu
1285 1630 1389 1655 suam
1411 1617 1570 1672 Chrysae
1598 1627 1722 1659 natam

309 1680 463 1721 reddere
477 1689 630 1721 coactus
647 1681 779 1722 fuisset
790 1711 802 1733 ‚
823 1681 964 1722 Achilli
986 1683 1152 1722 Briseida
1169 1698 1237 1737 per
1258 1685 1335 1740 vim
1353 1687 1512 1740 eripuit;
1529 1687 1722 1742 iratusque

312 1750 479 1791 Achilles
503 1750 549 1790 ab
570 1751 680 1791 armis
698 1752 913 1805 aliquandiu
928 1753 1082 1793 secessit
1095 1783 1107 1805 .,
1124 1768 1194 1794 nec
1213 1755 1300 1795 ullis
1316 1755 1490 1809 precibus
1501 1786 1514 1807 ‚
1528 1766 1593 1798 aut
1612 1758 1722 1798 donis

312 1821 459 1862 moveri
488 1821 640 1875 potuit,
668 1829 713 1860 ut
741 1822 832 1861 iram
862 1822 1094 1875 deponeret3
1122 1838 1192 1863 nec
1213 1824 1330 1878 ipsam
1359 1826 1526 1868 Briseida
1555 1828 1723 1882 recipere

310 1891 434 1934 voluit
446 1920 458 1940 ‚
489 1891 657 1943 quamvis
677 1890 939 1946 Agamemnon
962 1892 1015 1931 illi
1035 1893 1136 1933 ultro
1151 1894 1366 1936 remisisset.

364 1961 473 2000 Hanc
488 1975 580 2016 ergo
603 1961 744 2001 Briseis
761 1961 956 2015 epistolam
973 1961 1113 2002 Achilli
1132 1964 1270 2015 mittit,
1301 1980 1373 2018 qua
1396 1967 1619 2007 ferociorem
1637 1968 1722 2007 ani-

311 2045 415 2070 mum
434 2031 600 2071 emolliat
616 2060 627 2082 ‚
648 2039 687 2071 et
705 2031 750 2070 ad
763 2045 862 2071 arma
879 2041 1031 2072 revocet
1043 2062 1055 2082 ,
1077 2048 1114 2074 se
1134 2042 1257 2075 tamen
1276 2036 1380 2089 prius
1394 2045 1554 2090 recepta.
1576 2038 1722 2088 (flou.

312 2101 359 2141 ll.
379 2109 406 2141 A
420 2130 432 2151 ‚
455 2111 480 2141 B
497 2130 509 2150 .,
532 2110 546 2140 1
569 2109 607 2140 et
627 2110 669 2141 Π.
686 2102 819 2155 Dictys
838 2101 954 2142 Cret.‘
973 2113 1018 2141 11.
1035 2104 1049 2152 )
