1884 3112
330 308 388 354 68

781 301 1135 347 EPISTOLA
1172 302 1263 348 IV.

393 397 580 465 Inspicit
601 406 799 461 acceptas
822 393 1044 447 hostisab
1069 393 1196 441 hoste
1219 403 1366 441 notas:

329 478 416 525 Ter
438 487 581 524 tecum
603 483 759 523 conata
781 469 929 537 loqui,
958 481 1024 518 ter
1046 467 1216 517 inutilis
1238 468 1367 518 haesit

390 552 583 613 Lingua3
609 561 675 598 ter
695 549 744 596 in
766 547 911 614 primo
936 545 1105 594 destitit
1129 564 1203 593 ore
1228 562 1376 592 sonus.

328 631 431 694 Qua
452 628 554 676 licet
577 638 621 675 et
642 625 861 692 sequitur,
886 623 1034 690 pudor
1056 633 1123 671 est
1144 620 1394 670 miscendus
1412 620 1575 668 amori:

389 705 544 753 Dicere
569 721 666 769 quae
688 701 871 768 puduit,
898 699 1085 748 scribere
1106 698 1237 764 jussit
1259 698 1409 746 Amor.
1697 722 1735 745 ιο
1782 701 1786 706 ’

324 780 554 848 Quidquid
579 781 719 828 Amor
737 777 887 844 jussit,
914 795 1005 826 non
1029 787 1095 825 est
1118 786 1395 824 contemnere
1419 785 1585 823 tutum:

321 951 373 985 cie
395 945 582 993 elegantiae.
604 946 711 980 Forte
727 943 783 979 hic
798 942 968 988 scripserit
984 968 993 985 ‚

322 1003 390 1035 His
406 1011 533 1034 arcana
547 998 674 1038 mod115‚·
692 995 741 1030 ita
755 999 842 1030 notoe
857 1001 892 1028 et
908 995 1003 1028 modi

321 1050 598 1092 confunduntur,
614 1058 654 1082 11.
670 1047 758 1081 Met.
774 1047 848 1091 452.
866 1046 996 1081 BURM.

321 1123 366 1129 -
380 1104 446 1137 H1‘s
448 1127 509 1136 ......
528 1102 627 1135 notis.
644 1097 768 1132 Literis
783 1111 792 1139 ;
814 1096 997 1132 charaete«

319 1155 424 1189 ribus.
444 1153 517 1187 Diu
532 1151 754 1194 multumque
770 1149 862 1183 inter
879 1147 997 1182 doctos

320 1207 532 1251 disputatum
544 1209 595 1238 est
605 1228 614 1246 ,
633 1214 677 1236 an
686 1201 748 1235 illis
757 1225 767 1244 ,
780 1211 856 1245 quae
865 1212 995 1234 vocan-

319 1266 376 1293 tur
384 1259 519 1292 herot‘ca
527 1282 534 1296 ,
550 1253 763 1299 temporibus
775 1251 895 1297 aliquis
907 1258 996 1286 esset

316 1311 355 1344 in
377 1307 558 1344 scribendo
580 1309 749 1340 literarum
764 1317 862 1347 usus;
881 1317 925 1338 an
941 1310 995 1338 ta-

318 1361 405 1397 bulis
417 1367 556 1395 tantum
569 1357 703 1404 ligneis,
713 1364 749 1392 et
762 1369 852 1399 cera,
866 1355 920 1390 vel
932 1355 996 1389 alia

320 1424 539 1458 quacumque
557 1410 703 1445 materia
714 1408 864 1443 inunctis
873 1434 882 1452 ,
900 1408 996 1454 signa

318 1464 479 1510 quaedam
494 1462 746 1507 insculperent,
763 1471 862 1494 more
878 1459 997 1494 hiero-

319 1515 487 1563 glyphico.
540 1514 662 1558 Quam
691 1511 902 1547 sententiam
935 1510 995 1555 qui

318 1574 462 1602 tuentur
481 1592 491 1610 ,
521 1563 673 1600 Homeri
697 1563 815 1598 locum
843 1563 995 1597 afferunt

317 1616 358 1654 Il.
376 1627 418 1662 Z,
435 1617 495 1652 ubi
514 1616 558 1651 de
580 1614 721 1661 epistola
739 1615 869 1660 agitur,
888 1626 994 1658 quam

317 1670 410 1705 misit
417 1671 551 1704 Praetus
559 1667 602 1702 ad
609 1667 849 1710 Iacobaten,ut
859 1665 995 1700 tolleret

316 1719 597 1766 Bellerophonta.
617 1719 700 1754 Non
716 1717 812 1752 enim
823 1716 880 1751 hic
893 1718 995 1766 γράμ-

314 1791 399 1820 ματα
415 1800 424 1818 ,
453 1771 548 1818 quod
564 1778 599 1806 et
619 1773 758 1811 lz‘teras‚·
786 1775 821 1803 at
844 1769 998 1812 σήματαξ

313 1830 429 1871 signa,
452 1824 608 1870 legimus.
631 1821 800 1858 Similiter
820 1828 855 1855 et
878 1820 992 1855 Euri—

314 1877 410 1924 pides
429 1879 527 1912 δελτὲν
542 1881 642 1910 vocat
658 1900 667 1918 ,
690 1873 725 1907 id
741 1879 793 1907 est
808 1874 967 1906 tabellam
979 1898 989 1913 ,

314 1928 494 1975 epistolam
506 1940 612 1973 quam
619 1926 775 1960 Theseus
784 1925 821 1958 in
832 1924 992 1958 manibus

315 1980 474 2017 Phaedrae
491 1986 569 2025 post
588 1984 742 2012 mortem
762 1975 851 2011 illius
866 1975 993 2021 depre-

314 2033 457 2074 hendit;
476 2039 511 2066 et
527 2044 572 2066 ne
591 2029 672 2076 quid
690 2034 882 2074 superesset
897 2027 992 2061 dubii

312 2086 352 2120 in
368 2084 466 2120 verbi
484 2086 583 2119 δελτὲν
604 2081 853 2128 significatione
866 2106 875 2124 ‚
898 2079 993 2114 addit

314 2137 416 2183 paulo
433 2142 510 2181 post
525 2138 633 2173 πεύκην
648 2160 658 2178 ,
680 2133 727 2168 sic
748 2131 903 2166 indicans
924 2144 991 2176 qua

310 2188 396 2238 ligni
409 2188 520 2233 specie
535 2188 663 2221 tabella
674 2191 762 2220 esset
771 2184 935 2219 confecta.
946 2201 990 2210 —--

312 2243 419 2281 ,Terra
428 2241 612 2284 pelagoque
616 2237 783 2283 feruntur.
805 2236 887 2271 Non
903 2247 990 2279 pos-

311 2305 389 2327 sum
409 2291 494 2337 quin
517 2290 585 2325 hue
607 2288 777 2323 adducam
802 2289 930 2331 ἅινιγμα
944 2286 989 2320 le-

310 2344 526 2389 pidissimum
544 2340 753 2385 Antiphanis
768 2345 897 2385 poetae,
914 2351 989 2372 ser-

310 2403 429 2430 vatum
446 2395 488 2429 ab
505 2392 687 2428 Eusthatio
699 2419 708 2435 ‚
726 2391 763 2425 in
783 2390 986 2425 Commen-

308 2447 402 2482 tariis
411 2446 452 2481 ad
462 2447 676 2488 Homerum,
690 2444 712 2478 l.
723 2457 796 2489 sup.
805 2456 833 2478 c.
844 2443 987 2486 Propo-

307 2500 359 2534 nit
370 2526 380 2543 ,
397 2499 565 2543 solvitque
583 2496 700 2542 Sapho
714 2506 722 2528 :

350 2547 415 2594 1355:
446 2553 532 2598 φύσις
564 2554 667 2591 θήλεια
680 2575 691 2592 ,
723 2545 815 2597 βρέφη
858 2544 987 2587 σώζουσ’

418 2606 471 2638 ὐπὸ
489 2606 605 2640 κόλποις

347 2658 452 2695 Αὐτῆς·
464 2661 559 2689 &cuz-o<
574 2653 601 2689 d*
619 2656 722 2702 ἄφωνα
738 2657 813 2696 βοὴν
832 2654 925 2693 ἰ’ςησι
938 2665 985 2694 γε·

412 2710 503 2751 γωνὲν
514 2732 524 2749 ,

348 2766 411 2795 Καὶ
435 2761 488 2793 διὰ
509 2761 627 2793 πόντων
653 2761 768 2801 σῖιῆαα,
793 2761 846 2792 καὶ
867 2758 984 2796 ἠπείρου

414 2813 465 2846 ἆιιῖε
484 2810 600 2853 πάσης,

1104 946 1161 980 Οἷς
1179 943 1269 977 ἐθέλει
1287 946 1408 978 θνητῶν.

1059 992 1196 1028 Solutio
1213 999 1331 1027 autem
1347 993 1421 1026 haec
1437 1001 1446 1023 ε

1102 1049 1215 1085 Θῆλεια
1230 1050 1284 1089 μὲν
1302 1051 1370 1089 γοῦν
1386 1047 1438 1087 ε’ςί
1452 1045 1539 1090 φύσις
1555 1045 1678 1087 ἔπιςολὴ
1689 1070 1699 1088 ,

1102 1100 1197 1148 Βρέφη
1220 1096 1248 1132 δ’
1269 1100 1297 1132 ἓν
1313 1098 1388 1149 ἀυτῇ
1405 1099 1551 1148 περιφέρει
1572 1100 1612 1133 τὰ
1633 1098 1735 1148 γράμ-
1761 1112 1768 1119 ·

1168 1166 1253 1194 ματα
1266 1176 1275 1194 ,

1101 1195 1218 1247 Aspona«
1237 1201 1265 1236 c?
1281 1205 1349 1237 ἔντυε
1364 1208 1424 1241 τοῖς
1447 1201 1624 1252 ποῤῥωτάτω
1645 1205 1732 1237 λαλεῖ

1104 1259 1162 1292 Οἷς
1178 1254 1301 1292 βούλεθ’·
1317 1258 1410 1304 ’ἔτερος
1428 1253 1456 1290 δ’
1471 1270 1517 1289 αν.
1533 1273 1578 1280 --
1591 1272 1619 1290 κ.
1632 1271 1659 1290 τ.
1675 1259 1702 1289 λ.

1105 1306 1199 1352 7-8,
1220 1308 1288 1340 Ter
1298 1310 1405 1341 lecum
1421 1310 1545 1342 conata
1559 1309 1651 1352 loqui
1656 1333 1674 1345 ‚⁷
1683 1310 1738 1340 ter

1059 1359 1189 1391 inuliltlr
1210 1360 1310 1392 haesit
1325 1360 1459 1404 lingua
1479 1365 1542 1394 etc.
1563 1357 1733 1394 Ovidium

1060 1408 1117 1444 hic
1133 1410 1178 1444 ob
1202 1410 1317 1445 oculos
1338 1410 1495 1445 habuisse
1524 1409 1732 1445 crediderim

1061 1460 1279 1506 Apollon.111
1287 1489 1296 1506 ,
1308 1462 1373 1506 654
1382 1488 1391 1504 ,
1409 1462 1468 1507 qui
1476 1462 1524 1497 sic
1533 1461 1575 1496 de
1586 1455 1734 1496 Medea:

1103 1519 1177 1559 Τρίς
1193 1519 1246 1558 μὲν
1264 1517 1400 1563 ἐπειρήθη
1416 1540 1425 1558 ,
1442 1520 1505 1563 τρὶς
1522 1513 1551 1549 d*
1564 1518 1680 1559 ἴσχετο.

1059 1563 1184 1608 Neque
1199 1565 1245 1599 ita
1261 1565 1373 1599 multo
1390 1573 1483 1610 post,
1497 1566 1580 1600 685:

1101 1618 1230 1651 Πέλλακι
1244 1616 1272 1651 δ’
1290 1620 1403 1667 ἱμερόεν
1419 1622 1473 1662 μέν
1490 1618 1548 1652 ἀνὰ
1559 1619 1644 1662 ςᾶμα
1659 1624 1732 1654 θῦεν

1166 1679 1304 1703 ενισπειν·

1102 1725 1213 1762 ‘Moy-757
1234 1719 1263 1754 d*
1279 1724 1309 1755 σὺ
1325 1725 1478 1770 ‚tentemus
1491 1720 1670 1770 ‘rcapti-ipen.

1057 1787 1100 1798 ·-·
1127 1773 1195 1804 Ter
1216 1774 1252 1805 in
1267 1775 1376 1816 primo
1392 1774 1525 1806 destitit
1543 1785 1599 1807 ore
1619 1785 1730 1807 sonus.

1057 1822 1150 1857 Sunt
1166 1822 1225 1868 qui
1241 1826 1366 1857 restitit
1379 1823 1568 1869 legendum
1583 1831 1731 1860 conten-

1057 1874 1163 1918 dunt,
1190 1881 1225 1909 et
1247 1875 1284 1909 in
1301 1887 1373 1909 uno
1390 1875 1596 1911 Lovaniensi
1613 1883 1731 1911 exstat.

1057 1926 1145 1960 Tres
1161 1926 1235 1970 alii,
1256 1930 1418 1961 constitit.
1434 1927 1504 1962 Sed
1522 1927 1571 1962 nil
1586 1933 1731 1962 mutan—

1057 1977 1154 2019 dum;
1164 1978 1226 2013 etsi
1240 1986 1447 2014 succurrunt
1453 1979 1509 2013 illa
1517 1979 1729 2014 Laodamiae:

1071 2031 1176 2063 Semper
1189 2031 1215 2055 in
1226 2030 1266 2054 his
1278 2036 1337 2063 apte
1347 2031 1476 2056 naim-antia
1485 2031 1564 2056 verba
1575 2031 1704 2056 uniscunt.

1056 2078 1289 2124 Virgilianum
1306 2091 1444 2124 quoque
1459 2078 1551 2114 istud
1565 2088 1574 2110 t

1070 2130 1249 2163 Incipiteffari
1258 2150 1266 2162 ,
1278 2131 1413 2164 mediaque
1424 2131 1451 2155 in
1462 2139 1525 2155 voce
1538 2130 1641 2156 resistit.

1054 2179 1126 2213 Pro
1138 2179 1273 2225 vulgata
1285 2179 1380 2228 enim
1391 2179 1540 2214 lectione
1554 2186 1620 2214 stat
1634 2179 1728 2216 locus

1052 2231 1108 2265 ille
1127 2231 1217 2266 Fast.
1236 2242 1283 2275 11,
1302 2245 1332 2265 v.
1349 2232 1432 2266 823:

1052 2292 1104 2317 Ter
1115 2298 1206 2316 conata
1218 2292 1289 2325 loqui
1300 2311 1308 2322 ,
1326 2297 1363 2316 ter
1377 2292 1494 2316 destitit.-
1504 2300 1617 2325 auanue
1624 2297 1716 2325 quarto

1103 2331 1164 2358 Non
1177 2333 1265 2358 oculos
1277 2333 1310 2357 ab
1319 2333 1400 2358 humo
1414 2333 1519 2357 sustulit
1532 2333 1577 2358 ina
1590 2342 1660 2358 suoS.
1693 2334 1726 2358 B.

1094 2395 1125 2430 9.
1148 2384 1199 2416 Et
1211 2385 1364 2427 sequitur.
1382 2382 1589 2428 Exponunt,
1606 2394 1728 2416 conve-

1051 2435 1164 2477 niens,
1177 2434 1260 2469 utile
1277 2441 1342 2469 est:
1353 2433 1412 2469 sed
1424 2434 1546 2468 melius
1551 2433 1662 2478 fficile
1675 2436 1732 2466 est

1050 2487 1210 2522 redditur
1221 2513 1230 2530 ,
1246 2494 1286 2521 ut
1301 2487 1456 2521 Gronov.
1472 2485 1632 2520 diatribes
1648 2484 1729 2519 Sta-

1049 2538 1152 2574 tianae
1164 2553 1236 2584 cap.
1244 2550 1322 2573 XLV.
1335 2537 1478 2582 Quinct.
1488 2547 1570 2580 VIII,
1583 2537 1604 2570 6
1614 2550 1622 2571 :
1634 2551 1651 2566 «
1661 2537 1728 2572 Re-

1049 2592 1118 2626 fert
1127 2598 1245 2625 autem
1257 2591 1293 2625 in
1305 2597 1476 2636 quantum
1487 2589 1596 2623 dictus
1607 2595 1727 2634 tropus

1050 2651 1227 2677 oratorem
1236 2647 1401 2688 sequatur.
1414 2657 1430 2671 »
1440 2641 1486 2675 Et
1493 2641 1539 2675 ita
1547 2653 1612 2688 saep
1617 2641 1678 2677 bns.
1685 2640 1727 2674 Β.

1096 2709 1108 2729 1
1118 2710 1130 2729 1
1137 2722 1144 2729 .
1166 2696 1335 2739 Quidquid
1346 2707 1442 2728 amor
1447 2693 1571 2737 jussit,
1594 2704 1661 2727 non
1674 2697 1732 2727 est

1049 2753 1258 2782 contemnere
1279 2751 1391 2781 tutum.
1415 2745 1462 2779 Et
1484 2757 1621 2783 causam
1646 2757 1727 2780 mox

1048 2800 1166 2845 addit3
1195 2800 1275 2844 quia
1297 2798 1423 2834 scilicet
1443 2801 1479 2834 ia
1498 2799 1648 2833 dominos
1660 2798 1724 2842 jus
