1884 3112
605 252 872 300 OENONE
909 252 1172 299 PARIDI.

1521 269 1602 315 109

244 346 318 396 Sic
341 345 453 395 mihi
476 344 653 395 diffusis
675 347 911 396 vaticinata
932 346 1105 396 comis?

179 424 307 491 Quid
328 424 458 484 sacis,
477 424 699 474 OEnone?
723 423 831 491 quid
849 442 990 473 arenae
1011 421 1178 472 semina
1200 418 1417 471 mandas?

1549 436 1607 469 115

242 504 349 553 Non
368 502 634 570 profecturis
657 501 789 550 litora
810 501 963 550 bubus
987 518 1096 548 aras.

121 611 123 613 ·
183 580 316 630 Graia
332 581 517 647 juvenca
538 580 681 638 venit,
708 597 807 646 quae
833 590 899 637 te,
924 577 1223 645 patriamque,
1243 577 1513 646 domumque

243 657 408 708 Perdet
426 677 436 707 :
456 657 501 706 io
524 656 737 725 prohibe;
767 655 900 704 Graia
919 654 1106 720 juvenca
1125 654 1257 702 venit.

179 738 302 788 Dum
324 737 450 796 licet,
477 736 732 785 obscoenam
754 744 922 801 ponto,
946 731 1046 790 Dii,
1069 731 1254 794 mergite
1272 734 1476 800 puppim.

244 815 366 864 Heu!
391 823 607 880 quantum
628 809 814 877 Phrygii
834 808 1065 872 sanguinis
1088 808 1164 857 illa
1183 808 1330 858 vehit!

1551 836 1611 859 120

179 892 374 942 Dixerat.
403 892 458 939 In
480 907 614 938 cursu
633 886 809 937 famulae
829 906 1014 955 rapuere
1033 885 1253 936 furentem
1271 907 1283 937 ε

180 1062 226 1071 -
242 1043 410 1084 Cambat,
433 1040 574 1088 propria
595 1053 662 1076 vox
676 1067 686 1085 ,
713 1039 758 1076 de
773 1039 863 1075 vati-

180 1094 378 1132 cinantibus
388 1107 397 1138 ς
409 1100 446 1129 et
457 1093 540 1128 inde
555 1092 599 1128 ad
610 1093 737 1129 Poetas
749 1099 865 1128 trans-

180 1148 270 1192 lata,
287 1147 347 1194 qui
360 1150 460 1181 vates
472 1146 553 1181 ideo
569 1145 737 1181 dicuntur
750 1172 759 1190 ,
784 1145 866 1191 quia

181 1211 256 1235 non
282 1198 371 1234 nihil
406 1198 539 1235 habent
566 1211 757 1233 commune
783 1209 866 1233 cum

181 1252 263 1299 ipsis
282 1252 428 1287 vatibus.

229 1319 244 1340 ι
253 1305 303 1349 14.
316 1303 474 1349 Dissust's
487 1305 601 1338 comis.
613 1302 687 1337 Per
701 1301 868 1336 humeros

182 1357 320 1404 sparsis,
328 1365 429 1392 more
441 1354 710 1391 vaticinantium
722 1369 730 1396 ;
746 1353 872 1399 quibus

183 1421 370 1455 nunquam
400 1412 543 1453 compte
570 1419 724 1441 mansere
753 1418 868 1440 comoe.

186 1461 285 1508 Vix-g.
302 1458 446 1496 AEneid.
461 1470 521 1504 vr,
536 1459 590 1504 48.

232 1526 246 1548 1
255 1527 268 1548 1
275 1515 305 1548 5.
319 1513 414 1558 Quid
409 1511 519 1557 faceis,
537 1511 667 1545 OE'none
677 1517 743 1545 etc.
751 1509 871 1545 Verba

185 1571 268 1601 sunt
282 1562 488 1600 Cassandra:
499 1561 672 1598 excidium
681 1562 799 1607 Trojae
809 1574 873 1595 va·-

187 1615 373 1652 ticinantis.
402 1634 449 1643 -—
485 1616 580 1659 Quid
601 1627 714 1649 arenoe
739 1616 872 1648 semina

181 1667 362 1704 mandas?
387 1666 631 1714 Metaphorice
655 1665 803 1701 ductum
829 1666 871 1700 ab

188 1719 363 1768 agrkmlis,
393 1719 454 1766 qui
475 1723 608 1754 semina
627 1719 817 1761 amittunt,
844 1717 873 1752 si

182 1774 279 1809 sorte
299 1772 337 1808 in
363 1785 471 1808 arena
490 1772 692 1818 sparserint.
721 1770 874 1817 Proprio

180 1837 310 1868 Ἰιειιειις
335 1837 429 1860 amas
442 1824 572 1859 snutra
585 1823 761 1859 Paridem.

235 1891 248 1912 ι
258 1876 308 1912 16.
333 1878 412 1912 Non
426 1876 632 1922 proficlmis
650 1877 756 1910 litora
770 1876 874 1909 bobus

187 1929 406 1970 ammBuhs,
415 1935 510 1964 recte
519 1927 662 1974 quidam
669 1927 760 1971 libri,
770 1934 873 1972 atque

183 1980 237 2015 -ita
247 1980 376 2026 ubique
388 1993 431 2015 ex
441 1980 646 2016 auctoritate
658 1979 875 2025 optimorum

189 2031 351 2068 codicum
357 2031 609 2078 castigandum.
623 2032 757 2066 Auson.
768 2030 874 2076 Ep.v.

190 2085 337 2121 Abactis
356 2086 473 2120 bubus.
503 2084 586 2119 Vid.
611 2084 761 2119 Metam.
785 2093 849 2118 xlv
864 2109 874 2126 ,

190 2137 312 2180 initio;
330 2145 367 2174 et
378 2147 393 2171 1
404 2163 414 2181 ,
430 2137 523 2172 Fast.
534 2137 610 2181 244.
620 2149 661 2171 ex
674 2135 782 2171 MSS.
792 2136 877 2171 Pro-

191 2190 302 2225 verbii
317 2202 402 2226 vero
412 2190 564 2236 speciem
575 2189 727 2224 obtinuit
739 2188 814 2224 haec
823 2188 878 2223 lo—

190 2243 298 2278 cutio.
312 2243 443 2278 Noster
455 2242 495 2277 in
510 2242 698 2286 Tristibus,
714 2241 772 2276 lib.
787 2251 824 2285 v,
840 2241 876 2286 4:

259 2303 322 2330 Non
335 2304 403 2328 nimi
418 2303 464 2328 ille
479 2307 538 2328 tuos
554 2303 619 2328 litun
635 2310 707 2327 mre
724 2301 813 2328 boves.

194 2359 356 2395 Juvenal.
370 2358 485 2406 Satyr.
500 2369 556 2395 vn
567 2385 576 2403 ,
595 2359 659 2403 48:

523 2419 555 2444 In
568 2418 676 2452 pulvere
694 2417 780 2443 sulcos

195 2469 323 2497 Ducimns
334 2488 343 2500 ‚
355 2473 382 2493 et
394 2467 476 2493 nei-ili
491 2467 556 2492 titus
568 2474 706 2492 ven-mus
717 2470 811 2491 antro.
838 2463 877 2490 R.

243 2531 256 2552 ι
266 2531 278 2552 ι
286 2531 315 2563 7.
336 2516 593 2561 Gmiajuaenca
602 2517 706 2549 venit.
715 2514 787 2549 Per
793 2525 881 2549 con-

195 2569 379 2605 tumeliam
405 2567 497 2603 dicit.
518 2567 595 2603 Nec
617 2566 720 2600 aliam
737 2565 781 2600 ob
797 2578 882 2600 cau-

196 2635 271 2658 sam
284 2621 325 2656 10
334 2628 370 2656 et
381 2619 562 2663 Proetides,
574 2619 611 2653 in
623 2631 740 2653 vaccas
747 2618 881 2653 immu—

197 2680 297 2718 tatae,
313 2673 379 2708 nisi
401 2673 481 2718 quia
504 2670 668 2707 mulieres
686 2670 879 2716 impudicae.

198 2730 306 2777 no'pm
318 2726 457 2760 Helena
467 2751 476 2768 ,
490 2723 581 2770 apud
594 2722 765 2770 Lycophr.

232 2792 246 2814 1
256 2792 267 2812 1
274 2778 304 2814 8.
315 2779 448 2812 Perdet.
457 2779 594 2818 Perdat,
605 2782 739 2821 septem
746 2775 882 2811 codices

926 1041 1030 1076 bonae
1044 1048 1157 1087 notae,
1173 1048 1208 1077 et
1224 1042 1437 1078 Bersmanni
1453 1041 1546 1077 Edit.
1570 1061 1615 1068 —

929 1094 986 1128 Io!
999 1093 1117 1129 Dictio
1130 1093 1198 1130 hoe
1213 1093 1290 1129 loco
1302 1095 1615 1129 commiserationis

931 1152 966 1181 et
982 1145 1112 1181 doloris
1130 1147 1252 1192 plena3
1272 1147 1350 1181 alibi
1365 1147 1500 1182 laetitiae.

980 1212 1052 1246 ¹¹9·
1086 1200 1286 1233 obscenam
1305 1204 1413 1244 ponto
1438 1202 1619 1245 demergite

927 1253 1076 1296 puppim.
1093 1252 1302 1293 obscenam,
1322 1251 1522 1296 infaustam,
1536 1254 1620 1288 mali

935 1302 1073 1336 ominis.
1100 1303 1320 1349 Obscaem'que
1346 1317 1459 1339 canes.
1497 1305 1622 1351 Virgil.

937 1354 981 1389 G.
999 1366 1012 1389 1
1023 1381 1033 1399 ,
1055 1357 1130 1402 470.
1155 1355 1343 1402 Duplicem
1358 1357 1456 1392 verbi
1471 1365 1618 1406 etymo—

932 1407 1060 1454 logiam
1070 1408 1169 1454 ponit
1177 1409 1305 1452 Varro,
1317 1408 1469 1455 quing.
1481 1410 1556 1445 Lat.
1566 1421 1621 1451 VI;

932 1459 988 1494 vel
1013 1473 1032 1494 a
1054 1473 1160 1494 scena
1170 1487 1179 1501 ‚
1215 1467 1254 1495 ut
1281 1463 1458 1496 obscenum
1486 1462 1622 1497 dicatur

935 1511 1106 1557 quidquid
1131 1516 1168 1547 in
1191 1525 1298 1547 scena
1326 1513 1441 1559 palam
1472 1515 1622 1560 proferri

934 1576 1010 1598 non
1034 1571 1149 1610 potest
1166 1577 1174 1599 :
1190 1565 1244 1599 vel
1263 1578 1282 1599 a
1297 1578 1410 1600 sceva
1421 1593 1430 1607 ‚
1456 1565 1552 1612 quod
1570 1574 1623 1602 est

934 1619 1090 1658 stm‘stra,
1106 1624 1146 1651 ut
1158 1618 1295 1663 proprie
1306 1620 1495 1652 obscenum
1506 1618 1597 1654 dicas
1610 1646 1619 1663 ‚

937 1668 1032 1715 quod
1063 1669 1146 1704 mali
1175 1670 1314 1717 auspicii
1343 1678 1395 1706 est
1406 1698 1415 1715 ,
1449 1672 1621 1717 bonaeque

936 1735 1055 1758 sca-oa
1066 1723 1261 1759 adversans.
1269 1724 1355 1770 Quo
1363 1724 1506 1770 quidem
1518 1738 1623 1760 sensu

936 1782 1145 1821 usurpatum
1157 1776 1283 1821 passim
1295 1776 1387 1822 apud
1398 1783 1556 1812 auctores
1566 1789 1626 1811 re-

936 1840 1059 1873 perias.

986 1894 1058 1915 120.
1083 1882 1181 1916 Heu!
1197 1886 1355 1927 quantum
1372 1884 1518 1928 Phryga·
1533 1895 1624 1917 san—-

933 1936 1049 1977 guinis
1071 1936 1136 1968 illa
1156 1936 1268 1968 vehit!
1301 1935 1344 1968 In
1365 1941 1480 1979 partes
1495 1935 1626 1969 iterum

939 1985 1116 2020 vocandus
1124 1987 1306 2030 Horatius,
1315 1985 1449 2020 cladem
1463 1993 1499 2020 et
1510 1987 1627 2032 praelia

941 2050 1051 2082 quum
1059 2039 1196 2074 Nereus
1205 2038 1506 2083 vaticinatur‚quae
1514 2038 1626 2086 Phry-

941 2090 1002 2135 giis
1031 2090 1145 2125 Danai
1165 2117 1175 2133 ‚
1203 2090 1248 2124 ob
1276 2097 1412 2136 raptam
1444 2090 1623 2126 Helenam

942 2150 1044 2178 erant
1060 2143 1187 2178 illaturi
1201 2156 1209 2178 :

973 2203 1048 2229 Eheu
1057 2223 1065 2235 ,
1079 2209 1192 2237 quantus
1205 2205 1295 2237 equis,
1309 2209 1423 2238 quantus
1436 2204 1509 2229 adest
1518 2205 1583 2230 viris

973 2254 1058 2279 sudor
1068 2256 1074 2278 Ξ
1091 2258 1188 2288 quanta
1199 2262 1287 2279 moves
1298 2253 1389 2279 funera
1398 2255 1525 2280 Dardano

975 2303 1070 2328 Genti!
1215 2304 1301 2328 Carm-
1313 2303 1360 2328 lib.
1376 2311 1404 2335 1,
1427 2303 1481 2328 Od.
1497 2305 1536 2328 15.

944 2353 1001 2388 Sic
1009 2360 1044 2388 et
1053 2351 1183 2400 Sibylla
1191 2352 1397 2398 Virgiliana,
1411 2352 1495 2386 AEn.
1503 2362 1556 2395 vr,
1566 2351 1624 2386 88:

1251 2413 1325 2438 Bell·
1335 2431 1344 2444 ‚
1360 2412 1466 2438 horrida
1478 2413 1545 2437 bella
1554 2430 1564 2443 ‚

944 2464 978 2489 Et
987 2463 1099 2497 Tybrim
1110 2462 1192 2488 multo
1203 2467 1367 2496 spumantem
1384 2462 1510 2494 sanguine
1527 2469 1614 2487 cen-no.

992 2525 1063 2547 121.
1086 2513 1128 2546 In
1145 2523 1242 2546 cursu
1255 2511 1401 2556 famula·
1416 2522 1555 2554 rapuere
1561 2508 1629 2554 fu-

945 2569 1081 2599 rentem.
1112 2563 1219 2598 Plura
1246 2562 1418 2597 dicturam
1443 2561 1562 2596 medio
1591 2562 1630 2596 in

944 2629 1108 2652 sermone
1125 2615 1263 2650 samulae
1280 2615 1526 2661 corripuerunt
1541 2629 1549 2656 ;
1575 2614 1631 2649 vel

947 2669 1047 2715 quia,
1064 2670 1196 2703 lassato
1210 2668 1329 2712 jacuit
1351 2667 1488 2712 desecta
1500 2666 1631 2712 surore.

948 2721 1300 2766 (Lucan.)Furentem,
1306 2719 1536 2762 divinantem;
1545 2732 1630 2754 nam

946 2774 1102 2810 solemne
1113 2773 1251 2818 furere,
1272 2772 1315 2808 de
1342 2772 1567 2809 divinatione.
1589 2790 1633 2797 -
