1884 3112
331 259 415 314 242

756 257 1104 302 EPISTOLA
1145 258 1301 301 XIII.

331 354 512 418 Semper
532 352 579 399 in
602 350 672 397 his
697 360 795 414 apte
818 348 1038 396 narrantia
1061 349 1193 397 verba
1215 349 1455 397 resistunt:-

392 429 615 478 Promtior
638 439 704 475 est
727 425 844 473 dulci
868 424 1020 488 lingua
1036 426 1196 474 referre
1219 445 1354 474 mora.

329 508 417 557 Sed
441 504 575 573 quum
597 505 731 569 Troja
754 504 900 561 subit,
928 503 1121 552 subeunt
1143 504 1373 569 ventique,
1397 503 1664 571 fretumque3

392 585 503 651 Spes
523 583 644 631 bona
667 579 858 629 sollicito
881 580 993 628 victa
1017 580 1173 628 timore
1198 579 1325 627 cadit.

309 662 426 710 'Hoc
452 678 629 727 quoque
643 695 655 716 ‚
684 656 805 723 quod
827 657 947 705 venti
970 657 1211 723 prohibent
1233 657 1348 705 exire
1371 656 1559 715 carinas,
1585 651 1588 654 ’

1627 665 1739 704 &125

391 738 468 785 Me
490 746 638 784 movet
659 753 668 781 :
691 733 840 781 invitis
864 733 926 781 ire
951 733 1116 799 paratis
1136 733 1275 798 aquis.

327 814 442 878 Quis
464 812 568 861 velit
590 811 637 858 in
660 809 869 876 patriam,
894 821 1026 858 vento
1050 809 1341 876 prohibente,
1366 805 1565 865 reverti-‘t’¹

389 893 431 940 A
454 889 595 957 patria
616 887 773 954 pelago
796 886 891 935 vela
913 897 1087 935 vetante
1113 886 1238 934 datis.
1546 883 1550 885 ’

326 971 426 1035 Ipse
451 985 573 1015 suam
597 984 687 1012 nou
710 964 880 1030 praebet
902 963 986 1012 iter
1009 964 1245 1029 Neptunus
1266 960 1321 1009 ad
1344 960 1511 1009 urbem.

392 1044 496 1107 Quo
520 1041 680 1089 ruitis?
700 1051 864 1087 vestras
890 1040 1077 1105 quisque
1100 1039 1237 1088 redite
1263 1037 1431 1086 domos.

1681 1054 1740 1086 130

327 1123 431 1185 Quo
455 1118 606 1175 ruitis,
628 1117 805 1166 Danai?
827 1128 982 1164 ventos
1006 1115 1154 1164 audite
1177 1126 1370 1163 vetantes
1388 1134 1398 1162 ε

388 1199 491 1244 Non
515 1194 655 1243 subiti
677 1211 802 1242 casus
816 1229 828 1250 ‚
854 1192 1048 1240 numinis
1073 1192 1156 1240 ista
1177 1186 1302 1239 mora
1323 1202 1401 1240 est.

329 1274 452 1338 Quid
475 1272 643 1339 petitur
665 1282 811 1327 tauto,
836 1269 923 1317 nisi
947 1269 1090 1335 turpis
1114 1267 1331 1325 adultera,
1356 1266 1513 1316 bello?

389 1352 509 1398 Dum
531 1349 654 1406 licet,
679 1347 867 1396 Inachiae
890 1346 1043 1394 vertite
1067 1344 1160 1394 vela
1183 1356 1310 1393 rates.

320 1428 412 1477 Sed
437 1425 545 1493 quid
567 1443 650 1487 ego
675 1442 830 1472 revoco
855 1423 983 1485 haec?
1008 1440 1136 1473 omen
1160 1421 1402 1469 revocantis
1426 1420 1596 1478 abesto,

371 1588 443 1608 122.
457 1573 625 1606 Promlt'or
632 1573 687 1603 est
701 1570 796 1602 dulci
805 1574 869 1602 etc.
883 1568 1002 1601 Prom-

326 1630 407 1666 tior,
423 1623 575 1670 paratior
588 1627 638 1656 est
655 1618 832 1664 lingua.ad
848 1618 927 1652 illuc
943 1631 1001 1652 re—

325 1676 526 1718 deundum,
550 1672 644 1707 unde
662 1671 867 1712 diverterat,
890 1682 1000 1713 quum

324 1731 418 1764 dulci
423 1739 524 1766 mora,
542 1723 663 1760 osculis
673 1722 741 1757 scil.
752 1721 859 1755 datis
851 1721 999 1755 invicem

326 1788 361 1815 et
378 1778 543 1824 exceptis,
559 1773 761 1820 aliquandiu
769 1773 834 1807 suit
849 1772 999 1806 detenta

324 1849 369 1859 ·-·
385 1832 516 1875 Lingua
535 1827 653 1872 rest-tre
667 1831 768 1860 mom'.
785 1825 910 1869 Margo
928 1823 1002 1857 Mi-

325 1883 432 1931 cylli,
466 1893 547 1916 cum
575 1879 684 1913 tribus
708 1876 834 1911 nostris
867 1875 1001 1910 codici—

325 1937 411 1979 bus,
430 1937 546 1978 lingua
561 1934 691 1966 retenta
710 1942 810 1963 mora.
832 1926 913 1961 Vid.
929 1939 1002 1971 sup.

327 2001 414 2022 vers.
430 1986 482 2021 86.
506 1985 637 2019 Hnms.
653 1993 678 2016 1.
702 1981 817 2015 Amat.
840 1990 914 2023 vn,
936 1991 1003 2013 20:

326 2041 455 2075 Pavido
463 2041 578 2082 lingua
588 2038 719 2069 relenta
730 2037 828 2067 melu.
837 2030 1003 2066 Francius

328 2092 498 2133 malebat,
525 2089 653 2134 refhcla
669 2098 770 2121 mora.

378 2158 391 2177 1
398 2157 449 2190 29.
463 2144 542 2186 Ipse
551 2153 645 2175 suam
655 2151 721 2172 non
726 2138 854 2182 prebet
868 2139 934 2169 iter
941 2140 1005 2168 etc

330 2196 459 2241 Negat
452 2202 517 2229 iter
524 2193 566 2227 ad
573 2191 719 2235 TroJam
726 2186 928 2234 Neptunus
920 2199 1003 2231 ipse,

333 2259 438 2293 quam
451 2259 545 2280 suam
562 2243 688 2278 merito
703 2241 800 2284 dicit,
814 2239 912 2284 cujus
925 2250 1007 2272 mu-

330 2312 401 2342 ros,
413 2298 502 2332 socia
514 2294 682 2341 Apollinis
695 2306 772 2338 ope,
787 2296 1007 2326 exstruxerat.

379 2351 451 2384 ι3ι
467 2350 638 2383 Vetaates.
652 2347 825 2384 sonantes,
840 2342 1006 2378 Sarravii.

333 2409 482 2448 quatuor
494 2400 547 2434 alii
561 2402 734 2433 tonantes:
745 2395 839 2442 quod
851 2395 987 2440 elegans
996 2420 1005 2437 ‚

334 2462 374 2489 ut
391 2453 497 2498 Epist.
514 2462 590 2494 XIX,
603 2451 657 2493 81,
669 2449 728 2483 ubi
740 2448 838 2488 vide3
857 2453 891 2482 et
902 2445 1008 2480 modo

330 2504 502 2551 praecessit
511 2505 634 2547 pelago
649 2503 795 2535 vetante.
815 2499 944 2533 Buum.
965 2516 1009 2522 —

337 2556 437 2591 Hoc
429 2568 502 2600 ipso
520 2552 730 2589 servandum
745 2554 920 2590 vetantes;
945 2561 1011 2583 nec

338 2606 530 2642 inconsulte
548 2603 735 2639 Laodamia
754 2602 899 2636 verbum
912 2600 1012 2645 inge-

338 2659 448 2692 minat
461 2684 470 2700 ,
495 2670 564 2702 quo
576 2656 671 2691 facile
682 2654 789 2699 magis
802 2679 811 2696 ‚
834 2659 886 2686 tot
900 2651 1011 2696 reipsa

337 2712 529 2743 vetantibus
537 2736 545 2752 ,
564 2707 793 2743 Protesilaum
804 2718 823 2739 a
834 2705 1009 2749 proposito

341 2761 522 2795 deterreat,

1680 1435 1739 1468 135·

1072 1599 1076 1602 .
1113 1566 1182 1599 133.
1203 1567 1322 1609 Tamis
1336 1566 1499 1599 adultera.
1512 1565 1657 1600 Famosa
1668 1565 1740 1601 He·

1064 1616 1164 1651 lena:
1187 1618 1306 1660 Turpis
1320 1617 1416 1652 enim
1431 1616 1497 1652 hoc
1511 1616 1588 1652 loco
1601 1617 1646 1655 ad
1661 1630 1741 1653 mo·-

1063 1681 1130 1710 res,
1142 1680 1216 1702 non
1233 1668 1276 1702 ad
1287 1668 1411 1702 faciem
1421 1681 1559 1713 semper
1575 1670 1739 1710 refertur,

1064 1726 1102 1754 ut
1116 1719 1187 1763 jam
1202 1719 1413 1753 monuimus.
1428 1718 1531 1754 C10P.
1544 1738 1589 1745 —
1601 1720 1740 1757 Bellum

1063 1770 1138 1805 hoc
1144 1769 1291 1817 Cyclops
1308 1770 1463 1816 Euripid.
1478 1784 1509 1806 v.
1523 1771 1628 1815 282,'
1613 1776 1740 1821 αισχρὸυ

1065 1824 1157 1873 §pairs
1161 1839 1222 1867 υμα
1242 1829 1351 1857 vocat.

1112 1873 1193 1917 134..
1206 1875 1338 1909 Vertite.
1350 1875 1501 1914 Flectite,
1519 1879 1559 1908 ut
1573 1853 1740 1920 superius.

1114 1939 1127 1959 1
1133 1925 1183 1959 35.
1192 1925 1262 1959 Sed
1265 1926 1347 1970 qued
1350 1938 1410 1969 ego
1416 1938 1529 1959 revoco
1534 1927 1614 1960 haec.
1624 1926 1740 1972 Vulgo

1067 1977 1114 2011 sic
1138 1976 1274 2019 editur;
1301 1977 1361 2012 sed
1385 1990 1557 2022 nusquam
1583 1978 1742 2023 producit

1068 2028 1227 2066 ultimam
1242 2029 1278 2064 in
1294 2042 1355 2073 ega
1367 2030 1503 2065 Noster.
1518 2029 1570 2064 Ex
1581 2030 1691 2076 elegia
1703 2031 1740 2065 in

1068 2080 1243 2124 Drusum,
1258 2094 1286 2115 v.
1308 2081 1380 2128 193,
1394 2081 1467 2116 haec
1481 2081 1741 2126 producuntur:

1074 2134 1166 2176 Quid
1174 2146 1235 2176 ego
1240 2133 1318 2177 jam
1334 2134 1500 2173 credulus,
1519 2136 1627 2178 inq'us‘t
1635 2145 1661 2176 ,·,
1679 2132 1740 2171 sed

1070 2184 1168 2218 aliter
1183 2184 1229 2219 ibi
1250 2185 1375 2230 scripti.
1396 2185 1535 2221 Putavit
1555 2185 1591 2220 id
1613 2185 1740 2226 sibi-lire.

1070 2249 1147 2273 cere
1166 2236 1341 2271 Ausonius
1356 2249 1429 2271 non
1444 2250 1515 2272 uno
1526 2237 1623 2281 loco,
1640 2244 1741 2282 atque

1070 2287 1168 2323 illum
1185 2288 1312 2330 secu-ti;
1340 2288 1382 2324 de
1400 2290 1523 2334 quibus
1542 2290 1642 2325 Voss.
1667 2289 1745 2324 Art.

1073 2339 1192 2375 Gram.
1210 2340 1267 2375 lib.
1283 2353 1333 2384 11,
1355 2354 1429 2386 cap.
1443 2355 1495 2387 27.
1511 2359 1554 2367 —
1574 2342 1685 2380 Omen
1691 2353 1745 2379 n:—

1073 2396 1223 2427 vocantis
1230 2395 1358 2432 abesto,
1374 2393 1519 2430 Irritum
1526 2392 1637 2435 cadat,
1648 2390 1746 2436 qaud-

1073 2444 1156 2489 quid
1168 2444 1248 2478 mali
1262 2451 1297 2479 et
1307 2444 1446 2479 infausti
1463 2444 1589 2482 ominis
1599 2444 1638 2481 in
1653 2453 1748 2481 moo—

1071 2500 1219 2531 calione.
1245 2495 1423 2531 Caeteruin
1442 2521 1451 2539 ,
1478 2495 1620 2535 infimata
1637 2507 1746 2540 prope

1076 2548 1266 2595 lectionum
1278 2548 1335 2583 hic
1344 2548 1488 2584 varietas
1499 2573 1509 2591 ,
1520 2559 1609 2592 ,quas
1617 2559 1747 2582 omnes

1076 2600 1242 2634 Heinsius
1257 2599 1452 2648 diligenter,
1469 2611 1532 2647 §uo
1542 2608 1641 2632 more
1653 2597 1748 2641 ,col-

1073 2651 1176 2697 legit3
1193 2664 1268 2685 non
1281 2651 1435 2692 omissis„
1456 2662 1532 2695 quae
1551 2649 1612 2694 ipsi
1625 2675 1635 2692 ‚
1660 2648 1747 2682 dum

1073 2703 1261 2749 colligeret,
1278 2701 1493 2748 conjicienda
1503 2701 1668 2746 sagaciter
1682 2700 1745 2734 oh-

1073 2762 1250 2790 venerant.
