1884 3112
346 265 424 310 168

739 258 1129 312 'EPISTOLA
1164 267 1314 315 v111.

340 358 579 407 Hermione
602 376 746 406 coram
771 347 1066 424 quidquamne
1091 359 1281 424 objectet
1305 359 1513 410 Orestae?

402 437 494 484 Nec
517 436 626 483 mihi
650 446 755 483 sunt
776 435 912 493 vires3
937 455 1017 484 nec
1040 434 1158 484 ferus
1182 436 1298 484 ensis
1321 435 1456 485 adest.
1703 448 1748 484 60

338 512 462 562 Flere
486 512 589 561 licet
613 524 727 560 certe
748 531 757 560 :
777 511 922 560 flendo
947 511 1235 560 diffundimus
1258 512 1394 569 iram;

404 590 574 655 Perque
597 589 742 637 sinum
764 585 971 646 lacrimae,
996 588 1189 636 fluminis
1210 589 1367 645 instar,
1394 597 1511 636 eunt.

338 665 431 713 Has
457 663 571 712 solas
593 664 737 713 habeo
762 683 951 731 semper,
979 683 1234 731 semperque
1257 662 1479 730 profundo
1496 681 1526 711 :-

399 742 596 789 Hument
620 741 794 790 incultae
817 741 939 789 sonte
961 760 1151 807 perenne
1178 758 1310 804 genae.

342 819 440 866 Hoc
465 818 635 880 generis
658 817 818 876 fatum,
846 817 967 884 quod
989 830 1164 866 nostros
1188 830 1302 867 errat
1325 819 1373 867 in
1396 831 1560 877 annos,‘
1701 830 1745 864 65

401 893 652 942 Tantalides
675 906 835 943 matres
860 906 961 960 apta
982 894 1136 960 rapina
1159 913 1325 943 sumus.

334 971 439 1019 Non
463 989 544 1032 ego
569 969 764 1018 fluminei
787 970 968 1019 referam
990 970 1215 1018 mendacia
1239 971 1368 1036 cygni
1389 989 1400 1017 τ

398 1048 490 1095 Nec
515 1065 623 1111 quel
625 1065 672 1093 ar
695 1046 742 1093 in
765 1045 927 1112 plumis
952 1045 1175 1094 delituisse
1194 1048 1222 1094 J
1225 1066 1360 1095 ovem

338 1124 441 1187 Qua
463 1123 551 1170 duo
575 1134 804 1188 porrectus
828 1122 960 1185 longe
982 1122 1093 1171 freta
1115 1123 1296 1171 distinet
1318 1123 1532 1182 Isthmos,

399 1201 536 1248 Vecta
559 1200 802 1266 peregrinis
827 1199 1125 1266 Hippodamia
1148 1199 1272 1247 rotis.
1703 1222 1746 1257 qu

338 1278 512 1326 Castori
535 1276 756 1343 Amyclaeo
781 1287 825 1325 et
845 1275 1068 1343 Amyclaeo
1094 1274 1265 1323 Polluci

375 1423 427 1470 59.
453 1424 632 1458 Hermione
659 1436 769 1458 coram
795 1430 859 1458 etc.
885 1423 1006 1458 Facilis

331 1484 413 1508 cum
428 1475 677 1519 superioribus,
706 1483 741 1509 et
762 1488 838 1520 quae
856 1488 936 1509 mox
952 1488 1007 1510 se-

333 1532 485 1569 quentur
499 1553 508 1569 ,
542 1527 710 1561 connexio
727 1553 736 1571 ,
761 1528 809 1562 sic
833 1528 1007 1572 interpre-

331 1576 440 1610 tando
465 1589 472 1610 ε
502 1577 528 1611 si
557 1578 712 1624 Pyrrhus
729 1585 898 1623 praesente
927 1590 983 1611 me
994 1603 1004 1620 ,

331 1641 435 1663 suum
450 1628 586 1664 Orestae
602 1631 731 1665 facinus
742 1630 919 1675 objecerit,
935 1642 1007 1663 ma-

330 1680 393 1715 tris
414 1680 546 1715 caedem
572 1681 639 1716 scil.
669 1688 705 1715 et
727 1685 762 1715 in
786 1685 909 1715 cn'men
936 1680 1003 1724 illi,

333 1731 427 1776 quod
455 1745 519 1777 ego
546 1735 676 1767 laudem
698 1745 783 1770 voco
799 1760 807 1776 ‚
832 1733 976 1767 verterit
994 1759 1004 1776 ,

335 1782 418 1827 quid
436 1783 582 1818 faciam?
600 1785 682 1819 Non
695 1783 781 1818 mihi
797 1790 879 1818 sunt
895 1784 984 1818 vires
994 1808 1004 1826 ,

331 1846 405 1869 non
421 1835 512 1869 ensis
526 1842 589 1870 etc.

376 1886 429 1920 61.
445 1888 541 1920 Here
549 1889 795 1921 licetcerteetc.
809 1887 904 1932 Quia
912 1887 1007 1921 enim

332 1950 407 1971 non
419 1937 498 1972 licet
508 1951 603 1973 arma
616 1951 750 1984 capere,
761 1946 796 1973 et
807 1951 887 1973 ense
900 1938 1007 1972 vindi-

331 2002 408 2024 care
418 1989 588 2034 dolorem,
601 1990 695 2036 quod
705 1991 798 2025 virile
807 1998 858 2025 est
869 2005 875 2032 ;
886 1991 1007 2025 saltem

332 2040 514 2075 muliebria
535 2055 630 2076 arma
651 2055 796 2085 moveo,
828 2055 906 2087 quae
927 2048 1009 2076 sunt

328 2091 491 2143 lacrimae.
510 2095 605 2127 Certe
615 2093 670 2128 hic
685 2101 734 2128 est
748 2093 790 2127 ad
809 2093 1009 2133 minimum,

329 2143 450 2178 saltem
461 2170 470 2188 ,
490 2151 529 2179 ut
543 2145 634 2190 apud
651 2145 858 2180 Terentium
875 2153 910 2181 et
924 2146 1006 2180 alios

326 2195 467 2229 centies.
479 2197 519 2230 Si
525 2198 614 2230 illud
617 2210 694 2241 ergo
703 2210 770 2230 aon
778 2200 869 2237 licet,
885 2200 1005 2231 saltem

325 2247 390 2280 boc
404 2249 529 2281 liceblt.
547 2248 598 2282 Ut
620 2249 657 2282 in
677 2249 741 2283 alia
756 2262 794 2283 re
819 2250 1006 2284 Terentius

327 2297 386 2340 ait,
399 2309 450 2342 1v,
463 2298 554 2332 Eun.
568 2313 596 2332 2.
610 2299 732 2345 Neque
743 2301 931 2345 dzsfundete
941 2301 1005 2336 dis-

326 2349 429 2394 plicet
438 2377 447 2394 ,
467 2350 561 2396 quod
570 2351 663 2385 idem
676 2359 726 2386 est
737 2352 829 2397 quod
839 2356 999 2394 minuere,

331 2401 369 2435 in
387 2401 536 2438 diversas
550 2410 664 2448 partes
680 2404 861 2439 fundendo
875 2407 1005 2439 exhau-

334 2456 407 2487 n‘re.
423 2453 553 2489 Bunm.

373 2506 424 2539 63.
443 2508 520 2540 Has
535 2509 628 2541 solas
642 2508 759 2542 babeo.
777 2508 819 2542 In
834 2507 1004 2542 membra-

327 2556 381 2590 nis
405 2558 572 2603 antIquis,
600 2572 683 2604 quas
701 2559 860 2604 producit
885 2558 1003 2593 Barth.

327 2617 470 2652 xxxvn,
486 2610 630 2645 Advers.
648 2611 699 2655 13,
713 2619 763 2646 est
774 2625 781 2646 :
794 2614 870 2646 Has
877 2624 1009 2655 semper

326 2660 485 2694 lacrimas
501 2663 618 2702 habeo,
633 2675 821 2707 semperque
827 2662 1004 2707 profundo.

369 2711 423 2745 65.
447 2714 522 2746 Hoc
530 2717 662 2756 generis
664 2714 798 2758 falum,
817 2715 907 2758 quod
922 2726 1003 2747 nos—

326 2766 395 2797 tros
411 2767 503 2799 errat
514 2767 550 2799 in
564 2777 681 2800 annos.
692 2767 779 2804 Nam
786 2768 919 2811 generis
919 2765 1003 2811 fido

1071 1424 1162 1468 quod
1166 1422 1296 1457 nostros
1306 1421 1405 1464 errat,
1419 1422 1629 1457 Puteaneus.
1645 1418 1746 1455 Alter

1072 1475 1219 1510 Mentel.
1234 1488 1297 1521 pro
1309 1475 1442 1509 diversa
1448 1473 1595 1508 lectione
1605 1499 1616 1516 ,
1628 1473 1748 1517 regnat

1070 1530 1107 1561 in
1130 1540 1258 1570 annos‚·
1270 1527 1353 1571 salo
1370 1526 1475 1561 etiam
1497 1524 1552 1559 alii
1574 1522 1746 1559 nonnulli.

1071 1578 1143 1612 Pro
1158 1582 1263 1618 errat,
1281 1579 1370 1612 sorte
1387 1579 1506 1618 durat,
1530 1580 1571 1610 ut
1590 1575 1654 1621 Ep.
1666 1583 1720 1610 vu
1734 1600 1745 1618 ‚

1069 1639 1116 1663 111
1133 1641 1141 1663 ι
1155 1631 1271 1663 Durat
1282 1633 1319 1663 in
1337 1633 1537 1671 exlmmum;
1553 1627 1607 1662 vel
1623 1629 1744 1667 heret,

1070 1681 1124 1715 vel
1133 1685 1267 1724 perstat
1276 1679 1498 1715 scribendum
1509 1693 1518 1722 ;
1537 1685 1572 1714 et
1581 1691 1645 1724 pro
1654 1690 1744 1720 nam,

1070 1745 1156 1768 num.
1182 1732 1335 1778 Epistola
1356 1742 1418 1774 lv,
1438 1731 1498 1765 53:

1070 1789 1189 1814 Forsitan
1197 1787 1265 1812 hume
1272 1786 1369 1819 generis
1375 1786 1428 1810 sato
1432 1785 1568 1810 reddamus
1575 1793 1698 1810 amorem.
1704 1784 1744 1809 H.

1105 1837 1158 1884 69.
1172 1838 1245 1880 Qua
1253 1837 1318 1870 duo
1324 1837 1497 1879 porrectus
1504 1839 1567 1867 etc.
1578 1831 1746 1867 Achaiam

1071 1888 1240 1933 designat,
1254 1886 1311 1921 ubi
1321 1893 1417 1931 rapta
1425 1885 1491 1919 fuit
1503 1884 1746 1935 Hippodamia.

1070 1957 1114 1966 —-
1137 1942 1243 1973 Vecta
1250 1940 1434 1982 peregrinis
1450 1939 1542 1971 mltis.
1565 1935 1648 1970 Duo
1665 1941 1748 1970 sunt

1073 1989 1306 2032 advertenda,
1333 1995 1368 2022 et
1389 1987 1482 2032 quod
1505 1987 1595 2021 male
1613 1985 1747 2021 codices

1075 2055 1197 2076 omnes
1213 2041 1342 2076 habent
1358 2053 1366 2075 :
1383 2042 1526 2081 det1‘nel‚
1545 2051 1655 2085 quum
1664 2041 1746 2073 dxtr-

1077 2096 1163 2127 tinel
1190 2092 1294 2126 dubio
1318 2091 1437 2137 procul
1463 2090 1652 2136 legendum
1679 2089 1723 2124 sit
1733 2114 1744 2133 ,

1072 2145 1165 2190 quod
1183 2145 1291 2189 quivis
1309 2144 1363 2178 vel
1387 2142 1610 2178 mediocriter
1626 2141 1746 2177 doctus

1071 2197 1243 2238 advertat3
1273 2203 1309 2230 et
1332 2195 1417 2240 quid
1443 2194 1487 2229 sit
1517 2193 1602 2228 illud
1614 2220 1624 2238 ,
1650 2190 1746 2239 quod

1070 2253 1227 2283 externas
1250 2252 1359 2287 rotas,
1375 2247 1413 2281 in
1434 2244 1748 2292 Hippodamiahic

1070 2299 1160 2334 dicat
1168 2298 1323 2334 Ovidius.
1325 2299 1398 2334 Nos
1405 2310 1483 2332 rem
1491 2295 1634 2331 eruditis
1642 2296 1747 2331 etiam

1070 2364 1143 2385 non
1156 2351 1272 2396 paucis
1286 2351 1443 2396 ignotam
1457 2348 1555 2383 brevi
1569 2346 1748 2393 explicabi-

1069 2414 1160 2445 mus,
1173 2414 1214 2436 ex
1225 2401 1403 2436 Pindaro·
1394 2413 1432 2434 in
1449 2399 1570 2445 primis
1586 2405 1622 2433 et
1637 2395 1749 2443 Apol-

1067 2455 1162 2490 lonio
1173 2481 1182 2499 ‚
1211 2455 1271 2500 qui
1295 2465 1376 2489 cum
1404 2451 1653 2497 interpretibus
1675 2449 1745 2484 suis

1068 2507 1267 2553 prodidere,
1283 2505 1556 2552 Hippodamiam
1571 2503 1664 2538 inter
1672 2514 1748 2536 cur-

1068 2559 1221 2594 rendum
1243 2559 1355 2593 alieno
1371 2570 1475 2593 curru
1486 2583 1496 2601 ‚
1522 2555 1559 2590 id
1584 2561 1634 2589 est
1654 2565 1745 2598 pro-

1067 2623 1191 2644 corum
1203 2637 1213 2654 ,
1240 2609 1299 2655 qui
1326 2621 1407 2644 cum
1430 2620 1471 2643 ea
1498 2617 1599 2642 cursu
1625 2611 1746 2639 certa-

1067 2663 1152 2696 bant
1164 2689 1172 2702 ,
1194 2675 1265 2696 esse
1290 2667 1424 2695 vectam
1442 2671 1450 2693 :
1465 2656 1559 2692 unde
1574 2662 1608 2691 et
1623 2655 1741 2694 hocin

1066 2713 1142 2748 loco
1148 2715 1341 2757 peregrinas
1351 2715 1443 2745 rotas
1454 2708 1590 2752 Pelopis
1598 2718 1741 2742 currum

1064 2764 1256 2811 intellexit,
1281 2776 1351 2810 quo
1373 2762 1521 2797 donatus
1536 2760 1592 2796 ille
1619 2759 1701 2794 olim
1724 2771 1743 2793 a
