1884 3112
258 250 370 286 xvm
779 237 1166 284 PRAEFATIO.

258 359 285 381 »
311 337 388 404 qui
399 356 490 408 me,
503 348 554 385 ut
568 355 665 385 mos
680 347 746 384 est
760 337 1048 403 imitantium,
1067 349 1232 388 certent
1250 338 1428 388 audacia
1446 356 1671 408 superare,⁴

258 447 285 470 »
313 425 426 475 nihil
443 426 531 491 jam
549 426 595 473 in
615 425 874 491 antiquitate
891 437 1056 474 certum
1071 426 1199 475 video
1216 438 1260 475 et
1272 428 1571 495 exploratum:
1588 450 1671 480 nec

258 536 284 558 »
312 514 463 564 Ovidii
485 514 716 571 Ovidium,
738 513 814 562 sed
838 514 1033 573 Heinsii,
1055 516 1299 564 Burmanni
1324 529 1368 566 et
1391 517 1576 568 aliorum
1592 539 1670 570 ne-

257 624 283 646 »
308 615 438 670 potes
456 602 615 665 legent.
643 602 724 651 Vis
753 602 940 669 denique
959 604 1007 652 id
1035 623 1166 653 omne
1191 606 1331 654 dicam
1355 607 1477 673 quod
1494 609 1673 658 sentio?

258 714 283 735 »
311 693 493 740 Praestet
507 691 699 757 quodam
716 691 851 740 modo
866 692 1078 740 mendosa
1092 712 1311 743 remanere
1329 695 1426 744 loca
1449 696 1644 762 quaedam
1656 709 1674 755 ‚'

257 801 282 823 »
308 791 352 850 et
372 798 455 846 pro
474 777 698 826 mendosis
710 777 818 840 legi,
843 797 974 844 quam
989 779 1168 830 incertis
1184 782 1587 842 emendationibus,
1601 782 1671 832 vel

253 889 279 911 »
302 867 432 925 meis,
456 866 691 915 immutari.
720 887 744 910 »

320 954 460 1018 Quod
483 956 739 1002 Burmanno
761 954 974 1004 Heinsius
997 955 1181 1020 fingitur
1200 958 1273 1008 hic
1299 959 1480 1019 dixisse,
1505 960 1688 1010 dictum'

253 1053 384 1108 puta,
407 1043 586 1101 Lector,
610 1042 844 1091 recentiori
863 1043 1046 1092 cuilibet
1061 1045 1254 1095 Nasonis
1272 1047 1527 1114 interpreti,
1541 1049 1673 1114 ,cujus

252 1131 525 1198 praecipuum
552 1149 672 1178 nunc
702 1150 863 1179 munus
904 1132 1058 1181 ordine
1090 1133 1283 1194 meliori,
1321 1154 1417 1201 quae
1454 1135 1673 1199 indigesta

253 1218 473 1282 digerere,
498 1237 695 1267 coercere
718 1218 984 1284 prolixiora,
1006 1220 1182 1270 inutilia
1202 1223 1383 1272 omnino
1402 1223 1600 1283 abolere,
1627 1236 1673 1273 et

251 1305 320 1355 vel
337 1307 383 1353 in
401 1305 602 1372 probatis
619 1305 803 1353 modum
822 1306 1054 1372 quemdam
1073 1320 1118 1356 et
1134 1309 1418 1358 sobrietatem
1439 1311 1670 1370 adhibere,

251 1394 370 1443 unde
393 1395 453 1443 sit
472 1395 526 1443 iis
546 1394 691 1453 locuS,
716 1414 812 1460 quae
836 1395 888 1444 de
908 1415 989 1444 suo
1009 1397 1208 1447 addenda
1223 1399 1464 1463 censuerit3
1487 1401 1563 1450 sed
1579 1401 1673 1450 haec

253 1502 434 1549 quoque
459 1501 589 1548 parce
616 1481 875 1541 admodum,
902 1503 958 1532 ne
985 1484 1109 1532 ducat
1137 1486 1178 1532 ίη
1204 1486 1348 1534 vitium
1370 1487 1511 1552 ipsius
1539 1489 1674 1555 culpa·

234 1569 361 1635 fuga.
397 1570 514 1617 Sunt
540 1569 657 1617 enim
685 1581 832 1635 partes
864 1570 929 1618 ita
954 1571 1045 1619 suis
1070 1572 1265 1620 numeris
1288 1571 1526 1632 absolutae,
1553 1575 1674 1640 apud

254 1657 432 1706 criticos
453 1668 629 1705 aetatum
657 1658 961 1723 superiorum,
984 1670 1035 1706 ut
1067 1677 1235 1707 summa
1270 1679 1371 1709 cum
1396 1661 1674 1711 veneratione

257 1744 408 1812 quales
437 1756 565 1803 sunt,
589 1744 698 1793 tales
728 1746 992 1812 excipiendae
1009 1783 1021 1805 ,
1055 1747 1374 1813 servandaeque.
1415 1748 1532 1812 Quis
1557 1749 1674 1799 enim

255 1846 460 1882 nostrum
482 1831 726 1882 doctiorem
750 1853 794 1883 se
819 1846 888 1882 tot
909 1835 1052 1883 doctis
1069 1835 1195 1895 viris,
1216 1836 1282 1884 vel
1302 1836 1436 1886 latine
1454 1838 1563 1888 scire
1583 1858 1676 1888 me·-

256 1922 343 1971 lius
357 1960 368 1981 ,
391 1923 620 1972 immutata
641 1924 808 1982 fronte,
830 1924 1113 1989 jactitaverit‚
1137 1945 1268 1991 quam
1287 1927 1385 1992 qui,
1411 1926 1528 1976 facto
1548 1929 1674 1995 quasi

257 2030 358 2059 cum
373 2011 465 2059 suis
480 2011 669 2059 divortio
682 2048 694 2069 ,
715 2012 800 2060 toti
815 2012 862 2059 in
878 2014 1066 2061 Romam
1081 2013 1307 2079 antiquam
1328 2015 1675 2077 emigraverant?

258 2098 399 2161 Quod
416 2110 584 2164 spectat
603 2099 740 2161 igitur
751 2099 808 2148 ad
820 2100 952 2148 MSS.
970 2101 1085 2149 inter
1100 2120 1144 2148 se
1160 2101 1434 2151 collationem
1445 2140 1457 2161 ,
1483 2123 1674 2170 quorum

256 2187 370 2262 ipsis
390 2186 588 2253 undique
609 2188 755 2253 copia,
795 2200 839 2237 et
867 2188 922 2236 ad
945 2188 1180 2236 verborum
1211 2189 1615 2255 interpretationem
1652 2212 1676 2241 e

254 2273 379 2321 litenis
401 2293 420 2330 ,'
459 2286 675 2340 punctum
712 2276 894 2323 omnino
926 2274 1148 2334 tulerunt;
1191 2277 1268 2324 sed
1306 2277 1551 2328 tollendum
1575 2279 1674 2329 aliis

259 2360 519 2427 plerumque
533 2361 817 2428 reliquerunt,
841 2363 922 2412 ubi
943 2382 1098 2411 sensus
1113 2363 1427 2424 enucleandus,
1449 2367 1526 2432 qui
1541 2366 1675 2416 'lateat

261 2448 536 2508 abstrusior3
571 2450 650 2497 ubi
683 2450 919 2499 evolvenda
949 2470 1095 2499 rerum
1129 2452 1262 2500 series
1292 2464 1336 2500 et
1364 2454 1676 2505 sententiarum

262 2537 499 2595 connexim
522 2537 900 2605 evulgandumque
923 2551 1065 2605 poetae
1085 2540 1133 2588 in
1158 2541 1391 2590 scribendo
1421 2541 1672 2601 artificium,

263 2622 331 2673 vel
363 2624 529 2686 ingenii
562 2626 626 2673 vis
657 2626 706 2673 in-
727 2626 1021 2689 imaginando.
1058 2628 1161 2676 Uno
1189 2629 1323 2677 verbo
1347 2649 1358 2677 ε
1389 2647 1484 2696 quae
1508 2627 1675 2677 nullius

263 2723 339 2760 aut
353 2712 537 2761 minoris
558 2715 795 2774 momenti,
815 2715 1045 2766 verbosius
1069 2716 1290 2784 explicant
1301 2737 1312 2779 ;
1337 2735 1433 2783 quae
1452 2736 1555 2768 vero
1572 2735 1676 2780 gra-3
