1884 3112
0 569 3 571 ·
0 523 5 546 .„,
0 340 13 506 -ήήνν-τν-υ-ρυ
0 237 10 326 vra-4⁴-
0 154 13 214 ⁷253<

236 397 332 486 P.
391 372 859 489 OVIDII·

908 394 1491 505 NASONIS

517 603 1243 677 HALIEUTICON
1270 600 1296 628 *

635 778 1112 825 FRAGMENTUM.

910 1029 1314 1041 .........

162 1093 388 1165 Aecum·
409 1112 606 1163 mundus
625 1112 768 1177 legem
795 1131 806 1161 τ
830 1113 954 1163 dedit
977 1133 1097 1164 arma
1119 1134 1200 1181 per
1225 1133 1401 1174 omnes,

160 1191 499 1259 Admonuitque
521 1191 617 1250 sui;
642 1191 809 1241 vitulus
830 1192 893 1242 sic
914 1202 1104 1260 namque
1120 1194 1335 1252 minatur,

163 1270 259 1337 Qui
278 1269 481 1319 nondum
505 1269 620 1333 gerit
642 1270 691 1318 in
715 1282 866 1320 tenera
879 1271 969 1338 jam
993 1291 1159 1321 cornua
1175 1271 1321 1320 fronte
1341 1287 1352 1316 ε

205 1418 226 1470 ²}
243 1418 365 1465 Hujus
381 1424 454 1454 tam
469 1416 558 1460 saede
573 1431 613 1454 ac
625 1417 753 1454 misere
767 1431 849 1455 cor-

161 1470 259 1518 rupti
274 1477 311 1506 et
321 1470 472 1506 mutilati
487 1470 602 1516 operis
612 1497 623 1515 ,
640 1470 693 1506 bis
711 1471 848 1506 mentio

162 1530 216 1560 est
231 1522 325 1570 apud
338 1522 429 1559 Plin.
446 1522 589 1566 Semel,
611 1526 739 1567 xxx1'1‚
760 1536 789 1559 c.
804 1537 823 1558 2
836 1549 847 1569 ,

162 1575 217 1612 his
230 1574 378 1611 verbis:
397 1589 416 1606 «
439 1575 533 1610 Mihi
550 1548 718 1610 videntur
733 1576 822 1611 mira
836 1602 847 1620 ,

162 1640 240 1675 qun
257 1626 408 1665 Ovidius
433 1626 588 1674 prodidit
610 1628 758 1674 piscium
783 1629 849 1663 in-

161 1679 287 1727 genia,
308 1679 345 1715 in
370 1691 416 1715 eo
431 1679 634 1724 volumine,
658 1679 753 1725 quod
776 1682 848 1714 Ha-

162 1734 326 1775 lc‘eulthoa
354 1731 611 1769 inscribitur.»
651 1731 821 1767 seeundo·
836 1758 849 1777 ,

160 1782 292 1826 eodem
303 1782 398 1819 Libr.
413 1797 488 1830 cap.
505 1784 568 1819 ult.
581 1784 640 1819 ubi
656 1785 728 1820 sic·
720 1809 729 1817 .
744 1798 762 1816 α
782 1785 852 1820 His

162 1836 368 1883 adjieiemm
381 1839 477 1882 apud
489 1838 643 1873 Ovidium
658 1839 768 1884 posita
781 1851 851 1873 no-

162 1889 284 1934 mina,
314 1901 395 1935 qun
419 1889 512 1936 apud
534 1891 719 1925 neminem
742 1892 851 1926 alium

163 1941 393 1988 reperiuntur
405 1955 417 1984 ς
441 1941 502 1978 sed
518 1942 670 1977 fortassis
681 1943 718 1977 in
731 1943 850 1978 Ponto

163 2000 358 2030 nascuntur
369 2000 434 2030 etc.
446 2007 465 2024 »
480 1993 669 2029 Illustravit
686 1994 752 2029 hoc
764 2007 853 2040 poe-

166 2059 226 2081 ma
235 2045 381 2082 Scholiis
391 2045 462 2081 suis
475 2044 662 2081 Conradus
674 2045 853 2082 Gesnerus

167 2099 205 2135 in
221 2099 344 2135 libellis
358 2098 472 2134 tribus
479 2098 580 2133 novis
594 2097 638 2132 de
651 2098 805 2134 Piscibus
817 2106 853 2134 et

168 2152 389 2199 aquatilibus,
401 2151 539 2198 Tiguri,
552 2151 655 2186 ini-80.
665 2160 675 2182 t
686 2163 793 2197 quem
810 2148 855 2186 li-

169 2205 276 2241 brum
302 2205 375 2251 ipse
405 2211 507 2240 vocat
522 2204 524 2206 ’
540 2204 854 2250 progymnasmata

169 2258 208 2292 in
218 2256 401 2293 historiam
416 2256 616 2303 aquaticum
627 2283 638 2300 ‚
655 2259 763 2301 quarn
773 2269 856 2303 pos-

171 2315 229 2345 tea
238 2309 367 2354 majori
381 2308 476 2343 mole
489 2308 609 2344 edidit.
631 2308 773 2344 Deinde
789 2310 857 2345 Ja-

171 2373 240 2398 nus
254 2361 403 2405 Vlitius,
421 2359 460 2396 in
486 2363 674 2396 Venatione
689 2363 858 2397 Namati-

170 2427 239 2460 quae
268 2414 444 2450 recensuit
468 2429 478 2457 ;
515 2427 669 2460 quorum
697 2414 856 2450 virorum

174 2466 314 2502 Scholia
343 2466 470 2502 nostris
501 2466 735 2512 adjunximus.
769 2468 858 2503 Pri-

172 2531 275 2554 mum
297 2531 383 2555 vero
408 2520 512 2555 fuisse
537 2520 690 2555 Paulum
716 2520 858 2555 Manu·-

172 2571 285 2616 tium,
303 2570 386 2606 Aldi
402 2570 450 2606 fil.
466 2571 527 2617 qui
542 2571 579 2606 in
596 2572 711 2606 lucem
726 2571 835 2606 edidit
845 2597 857 2616 ,

175 2622 408 2659 Gesnemin
430 2624 640 2659 praefatione
657 2623 782 2667 dooet3
804 2630 859 2659 at-

176 2675 294 2710 tulisse
303 2687 388 2710 vero
403 2675 547 2711 Actium
559 2676 759 2723 Synoerum
772 2676 859 2712 san-

178 2727 357 2762 nazarium
373 2740 414 2763 ex
426 2727 546 2764 Galliis
557 2741 665 2764 mauu
680 2729 858 2775 scriptum.

182 2780 317 2817 Hzms.
334 2788 368 2816 et
378 2781 523 2817 Eunu.-

973 1434 1002 1455 1.
1035 1421 1186 1466 Accepit
1211 1418 1357 1456 mundus
1381 1422 1488 1465 Iegem
1530 1425 1596 1455 etc,

912 1471 1101 1516 Swartius,
1124 1473 1212 1508 libro
1227 1484 1259 1513 1,
1286 1472 1443 1508 Analect.
1460 1485 1534 1518 cap.
1548 1474 1568 1506 5
1582 1498 1593 1513 ,

913 1524 996 1571 legit
1010 1551 1020 1569 ,
1047 1534 1156 1570 regem
1174 1539 1185 1560 .·
1199 1525 1317 1571 inepte
1331 1552 1341 1569 ,
1365 1525 1445 1560 licet
1460 1536 1596 1571 appro-

914 1576 1072 1611 batorem
1080 1577 1274 1623 reppererit
1280 1577 1485 1622 magistrum
1492 1588 1597 1611 suum

912 1628 1123 1673 Barthium,
1148 1639 1246 1664 xuv.
1274 1628 1419 1664 Advers.
1449 1642 1499 1663 11.
1522 1630 1599 1663 Lex

914 1687 966 1716 est
987 1689 1150 1717 constans
1169 1681 1228 1717 ille
1250 1688 1287 1716 et
1307 1686 1498 1727 perpetuus
1524 1693 1597 1715 na-

914 1740 1001 1768 turae
1030 1733 1118 1769 ordo
1140 1760 1151 1778 ,
1187 1746 1295 1780 quem
1328 1734 1449 1769 omnia
1482 1739 1599 1768 creata

913 1787 1011 1832 sequi
1041 1787 1171 1822 debent
1194 1800 1202 1822 :
1228 1799 1306 1833 quae
1316 1787 1404 1831 jura
1424 1813 1433 1826 ,
1464 1786 1600 1831 sedem

914 1842 1048 1879 mundi,
1080 1839 1208 1885 passim
1236 1852 1254 1873 a
1282 1840 1394 1885 poetis
1420 1838 1598 1873 dicuntur.

914 1910 960 1918 —
969 1893 1079 1926 Dedit
1085 1903 1382 1936 annaperomnes.
1396 1889 1504 1925 Certe
1518 1902 1599 1925 cor-

915 1951 1038 1989 ruptus
1054 1943 1171 1984 locus;
1199 1955 1244 1977 an
1262 1943 1360 1977 enim
1378 1945 1521 1977 mundus
1536 1942 1602 1977 de-

918 1995 969 2030 dit
991 1995 1114 2029 arma?
1141 2001 1177 2030 et
1197 1995 1323 2040 quibus
1342 1994 1360 2030 ἰ’
1395 1995 1488 2030 sorte
1513 1994 1570 2029 illa
1587 2020 1600 2039 ,

917 2051 1052 2092 accepit
1073 2049 1215 2082 mundus
1234 2049 1340 2092 legem
1352 2073 1360 2089 ‚
1394 2059 1477 2081 cum
1503 2059 1602 2093 prae-

917 2099 1134 2142 cedentibus,
1144 2111 1224 2144 quae
1230 2099 1380 2144 periere,
1388 2098 1601 2134 includenda

919 2152 1136 2198 parenthesi;
1153 2158 1189 2186 et
1204 2155 1343 2192 natum,
1360 2150 1403 2186 de
1416 2163 1484 2197 qua
1499 2157 1603 2185 antea

920 2204 1060 2249 agebat,
1088 2202 1314 2249 intelligenda
1326 2209 1397 2247 est,
1418 2214 1495 2248 quae
1508 2204 1606 2236 dedit

894 2285 897 2289 ,
920 2256 1231 2291 annuanimalibus
1241 2256 1413 2290 omnibus.
1426 2256 1497 2289 Per
1506 2267 1605 2288 arma

920 2321 1006 2344 vero
1021 2309 1182 2356 intelligit
1197 2309 1252 2344 illa
1268 2309 1473 2343 animalium
1486 2321 1604 2343 mem-

920 2362 982 2397 bra
997 2387 1007 2405 ,
1026 2361 1151 2406 quibus
1164 2373 1200 2396 se
1217 2359 1603 2396 destndunt.Vid.1e-

921 2414 1086 2461 pidissim.
1097 2414 1328 2449 Anacreontis
1341 2413 1539 2457 Odarium,
1557 2423 1602 2447 11·

965 2469 1100 2506 *bv-iucem·
1089 2472 1179 2517 ἱρᾶτα
1194 2483 1321 2517 ΐαυρθίς.
1339 2483 1365 2501 κ·
1379 2483 1405 2502 1·-
1423 2471 1448 2501 λ.
1472 2439 1604 2500 ΒΌἭΚΜ

966 2533 996 2553 2.
1020 2520 1182 2553 ⁴Hilmlur.
1209 2517 1288 2554 Ald
1312 2530 1385 2553 exi
1372 2517 1480 2556 MSS
1505 2516 1606 2552 San-

923 2570 1077 2606 nazarii:
1094 2574 1229 2606 minaci.
1252 2571 1387 2605 Forte:

1072 2649 1103 2657 ...
1116 2631 1223 2657 Vitulus
1234 2631 1271 2656 sio
1283 2639 1396 2665 numque
1408 2629 1501 2654 minaci
1513 2647 1522 2660 ,

923 2682 989 2714 Quoe
998 2681 1115 2706 nondum
1128 2668 1208 2713 ierit,
1221 2680 1329 2705 intentat
1340 2680 1394 2713 jum
1404 2687 1502 2704 cornua
1509 2677 1604 2703 fronte.

924 2747 969 2756 —-
998 2731 1156 2765 Minatur
1168 2756 1176 2771 ‚
1211 2728 1368 2764 Pithoeus
1380 2755 1391 2773 ,
1427 2740 1470 2764 ex
1497 2727 1605 2764 MSS.

927 2782 1068 2817 Thuan.
1086 2781 1145 2817 Sic
1162 2789 1197 2816 et
1210 2781 1430 2816 Ambrosiam
