1884 3112
387 324 548 369 Αἰακίδης
570 324 631 375 μὲν
647 331 690 378 τῇ
698 353 710 375 ,
723 324 799 378 τῇδ’
815 325 860 365 αὖ
874 329 1042 367 σκήνωσεν
1059 321 1232 372 ὀδυσσεὺς
1244 356 1256 378 ‚

419 424 422 428 .
439 390 523 444 Τῇδ’
539 382 654 444 ἑκτωρ
672 395 811 443 ζυγίους
825 393 1035 444 ἀμφιδρυφὴς
1050 393 1186 443 ε’φόὸει.Υ

385 462 503 498 Πάντα
521 459 588 510 γὰρ
605 459 827 508 ἐκπεμφθέντι
841 472 880 495 σε
896 460 1059 509 μαςεύειν
1073 460 1132 496 σέο
1145 461 1251 510 τέκνῳ

439 522 526 562 Εἶπε
542 526 648 575 γέρων
668 525 802 576 Νέςωρ·
830 522 922 562 εἶπεν
943 525 1065 569 ἐκεῖνος
1082 525 1171 576 ἐμοί.

385 590 472 630 Εἶπε
486 587 518 627 δ’
536 582 768 642 ἐναιρομένους
790 591 898 632 Ρῆσόν
912 605 950 631 τε
970 591 1107 629 Δόλωνοί
1128 607 1188 640 τε,
1202 589 1243 643 χ’
1259 592 1380 638 ὅππως

426 650 548 694 'aler’
564 656 581 693 ὁ
602 656 664 705 μὲν
681 656 858 708 προδοθεὶς
874 658 969 708 ὕπνῳ
982 685 994 705 ,
1007 661 1024 695 ὃ
1041 655 1074 696 δ’
1085 656 1171 696 αὖτε
1192 659 1290 709 δόλῳ.

385 723 473 765 Τλῆς
489 721 532 758 σὺ
549 717 603 772 ἄρ’
621 717 648 756 ὦ
662 721 760 769 λίαν,
773 721 849 759 λίαν
870 723 915 762 τά
934 724 980 760 σά
997 721 1126 774 φίλτατ’
1143 726 1299 763 ἀπειπὼν
1311 753 1324 774 ‚

440 791 560 839 Θρᾶκα
575 786 699 839 ςρατόν
714 790 854 839 νυχίαις
875 789 1049 839 ἐμὸατέειν
1066 789 1241 844 ἐνέδραις,

386 853 454 893 Καὶ
467 852 610 895 τόσσους
626 849 687 902 ἅμ’
706 853 872 906 ἐναρίζειυ
894 854 965 898 ἑνός
982 856 1099 908 ἀνδρὸς
1116 858 1232 910 ἀρωγῇ
1245 885 1257 906 ,

438 916 530 969 Εὖγε
548 919 606 955 σέο
622 924 773 970 προνοῶν
786 946 799 967 ‚
813 919 872 956 καὶ
887 921 1097 973 περιφροντὶς
1114 922 1203 972 ἐμοί.

385 985 463 1023 Αἱὲν
481 981 637 1022 ἐπάλλετ’
652 985 734 1034 ἐμοῦ
748 985 872 1027 κόλπος
887 987 976 1037 φόὸῳ
988 1014 1001 1033 ,
1016 985 1103 1028 ἡνίκ’
1118 988 1256 1038 ἀριςεὺς

440 1049 571 1091 Πώλοις
593 1043 768 1101 Ϊσμοιρίοις
785 1049 850 1100 βῆς
866 1050 993 1101 ςρατὸν
1008 1051 1049 1088 ἅν
1070 1051 1191 1101 φίλιον.

387 1109 478 1155 Ᾰλλά
501 1117 535 1153 τί
554 1114 670 1152 πλεῖον
686 1115 763 1166 ἐμοὶ
776 1117 950 1168 σφετέραις
972 1120 1186 1169 πορθούμενα
1201 1117 1321 1170 χερσὶν

446 1182 611 1232 Πέργαμα
621 1207 633 1227 ‚
646 1181 706 1216 καὶ
718 1181 839 1231 τὸῖχος
856 1181 974 1233 τοπρὶν
991 1183 1052 1219 ἐών
1063 1210 1075 1231 ‚
1091 1184 1237 1222 δάπεδον
1250 1197 1261 1229 3

387 1247 437 1286 E?
449 1245 499 1283 ἔτι
515 1245 625 1295 μέλλω
647 1241 758 1282 ἔσεσθ’
774 1245 829 1286 οἴη
848 1245 927 1298 πρὶν
943 1252 1069 1299 Τροῑαν
1085 1249 1212 1286 ἁλῶναι
1230 1278 1242 1298 ,

440 1316 509 1350 Καί
523 1327 581 1362 μοι
595 1315 788 1364 χηροσύνης
806 1311 879 1350 οὔτι
895 1314 1021 1364 πέφηνε
1034 1314 1143 1365 πέρας
1157 1329 1171 1363 3

389 1372 506 1421 Ᾰλλοις
521 1375 616 1429 Τροί’
635 1379 762 1430 ἐπράθη
778 1378 840 1429 μὲν
850 1405 863 1427 ‚
877 1379 1065 1430 ἀπόρθητος
1085 1378 1124 1416 δέ
1137 1393 1195 1429 μοι
1209 1377 1262 1429 οἴῃ
1274 1405 1285 1425 ,

443 1445 512 1484 Τὴν
527 1443 586 1494 βοῒ
600 1445 718 1494 ληῐδὶῳ
732 1449 838 1495 ξεῖνος
853 1446 1038 1496 ἀροτριάει.

390 1519 462 1553 Νῦν
478 1512 604 1563 σπόρος
624 1509 691 1548 ἔνθ’
711 1509 750 1552 ἦν
765 1516 873 1563 Τροῑα
885 1539 896 1559 .,
913 1511 972 1561 καὶ
986 1512 1006 1551 ἡ
1024 1510 1278 1562 δρεπανητόμος
1294 1510 1354 1548 αἶα

444 1581 571 1629 Σφριγᾷ
588 1575 764 1627 Δαρδανίῳ
781 1577 903 1627 αἵματι
923 1577 1063 1616 πιαλέη.

388 1638 538 1694 ’Δνδρῶν
557 1643 708 1692 ign-:25³5
723 1643 840 1693 γύροις
857 1644 1051 1695 κροτέονται
1069 1641 1224 1694 ἀρότροις

447 1702 544 1752 ὀςέ’·
563 1709 756 1761 ἐρειπώδεις
772 1707 879 1761 κρύψε
898 1709 1022 1760 δόμους
1039 1708 1180 1759 βοτάνη.

400 1777 445 1814 Σὺ
463 1775 722 1827 πτολίπορθος’
709 1775 787 1818 εκὰς
798 1802 810 1823 ‚
825 1774 883 1811 καὶ
905 1777 925 1816 ἡ
940 1775 1075 1827 τριὸὴ“’
1056 1790 1130 1818 ητις
1146 1774 1269 1817 ἄδηλος

449 1834 538 1888 Εςὶ,
551 1840 610 1877 καὶ
628 1842 703 1883 ἥτις
721 1847 767 1891 γῆ
783 1840 892 1892 κρύψε
910 1841 1148 1893 σιδηρόφρονα.

392 1900 476 1950 ὅςις
499 1903 553 1943 ἐπ’
571 1906 658 1946 ἠϊόνι
673 1909 783 1956 ξείνην
798 1907 857 1943 νέα
878 1907 962 1958 τῇδε
974 1908 1145 1955 πελάζει,

449 1977 567 2015 Κεῖνος
586 1973 726 2023 ἀπαίρει
748 1971 823 2022 ἐμοὶ
838 1971 934 2010 πόλλ’
951 1974 1185 2025 ἐρεεινόμενος.

395 2041 451 2075 Σοί
467 2052 504 2075 τε
519 2038 724 2088 κομιζομένη
739 2064 751 2085 ‚
767 2038 803 2075 εἴ
814 2041 883 2076 πού
898 2055 949 2080 τις
974 2040 1122 2076 ἐναντίον
1140 2037 1219 2087 ἐ’λθῃ
1235 2063 1248 2084 ‚

450 2102 666 2154 Αύτόγραφος
680 2100 763 2154 παρ’
784 2103 866 2153 ἐμοῦ
883 2103 997 2146 δέλτος
1014 2105 1246 2155 ἐπιτρέπεται.

395 2171 574 2220 Στείλαμεν
592 2169 626 2212 ές
639 2184 676 2207 τε
692 2170 803 2207 Πύλον
815 2197 827 2217 .,
840 2169 997 2211 Νηληΐδα
1011 2171 1179 2222 Νέστορος
1194 2167 1273 2206 αἶαν

450 2236 617 2288 Πρεσὸέος
630 2262 641 2283 ‚
658 2236 694 2270 ἐκ
710 2235 747 2272 δὲ
762 2236 876 2272 Πύλου
898 2238 988 2287 φήμη
1005 2233 1118 2273 ἀνῆλθ’
1134 2237 1274 2285 ἀφανής.

396 2303 575 2352 Στείλαμεν
595 2302 627 2344 ἐς
643 2304 799 2353 Σπάρτην
812 2329 824 2350 ‚
838 2304 975 2355 Σπάρτη
992 2302 1028 2340 δὲ
1043 2300 1101 2338 καὶ
1115 2302 1202 2341 αὑτὴ
1216 2301 1325 2352 ἄϊδρις

452 2376 520 2410 Γῆν
538 2371 615 2406 τίνα
634 2373 691 2404 νῦν
712 2366 817 2418 ἔσχες
830 2397 841 2417 ‚
854 2375 904 2409 πῆ
917 2358 954 2406 τε
969 2365 1231 2420 χρονοτριὸέεις.

397 2437 541 2475 Κάλλιον
559 2436 662 2473 εἰσέτι
678 2440 736 2472 νῦν
752 2437 967 2486 πυργώματα
983 2435 1109 2472 Φοίδου
1126 2432 1276 2485 ἔμειναν·

449 2504 634 2552 Μέμφομαι
652 2502 738 2541 αὐτὴ
756 2502 848 2552 ἐμοῖς
865 2501 1010 2552 ευγμασι
1031 2490 1220 2551 νιουφόνοος.

398 2567 536 2606 Εἶδον
521 2584 562 2605 αν
577 2567 642 2620 ᾗχι
662 2570 762 2619 μάχη
777 2594 789 2615 ‚
806 2567 865 2603 ’καὶ
880 2568 1036 2619 ἐπέτρεον
1055 2566 1097 2604 ἂν
1114 2567 1215 2617 μόνον
1232 2574 1319 2619 Αρην
1332 2593 1345 2616 ‚

454 2636 522 2672 Καὶ
536 2635 665 2672 πολέων
682 2635 763 2685 ξυνὴ
780 2633 945 2685 μέμψις
929 2649 970 2670 αν
989 2648 1044 2674 ηεν
1063 2635 1139 2685 ἐμή.

397 2703 470 2738 Οὐκ
485 2698 583 2738 οἷδ’ἐν
566 2715 618 2747 οτ,
633 2717 667 2738 τι
684 2701 843 2748 δέδοικα,
860 2700 996 2738 δέδοικα
1012 2700 1049 2738 δὲ
1067 2703 1181 2739 πάντα
1201 2700 1385 2754 φρενοπλῆξ
1397 2726 1408 2747 ‚

456 2759 500 2809 Ῑῖῖς
518 2767 705 2817 μελεδῶνας
724 2768 806 2817 ἐμὰς
823 2769 999 2806 πέπταται
1022 2767 1099 2819 εὐρὺ
1116 2768 1233 2806 πέδον.

1639 328 1690 371 35

1645 976 1698 1035 45

1646 1312 1698 1353 50

1652 1967 1704 2008 60

1654 2298 1705 2338 65

1656 2641 1705 2682 70
