1884 3112
1526 252 1579 268 Μ

399 413 742 471 PARIDIS
782 413 888 469 AD
936 414 1324 474 OENONEN

698 610 1042 649 RESPONSIO.

161 947 313 1033 QUAE
332 969 438 1019 satis
460 979 563 1037 apta
584 969 669 1019 tibi
693 977 782 1018 tam
802 969 942 1036 juste,
971 970 1199 1039 Nympha,
1228 973 1434 1040 querenti

224 1049 480 1099 Rescribam
493 1087 504 1108 ‚
528 1048 670 1099 fateor
692 1067 885 1116 quaerere
909 1048 1043 1098 verba
1065 1068 1246 1099 manum
1267 1049 1300 1099 :''

158 1127 352 1193 Quaerit,
376 1146 458 1177 nec
481 1127 701 1186 subeunt;
727 1126 864 1176 sentit
886 1145 967 1175 sua
986 1126 1170 1176 crimina
1193 1139 1397 1178 tantum:

222 1204 421 1266 Solvere,
446 1224 544 1273 quae
569 1205 729 1264 sentit,
753 1223 850 1253 non
873 1204 982 1253 sinit
1004 1203 1114 1254 alter
1136 1225 1274 1256 amor.

158 1281 210 1330 Si
230 1281 344 1332 levat
363 1283 438 1332 hic
459 1283 565 1342 iras,
590 1283 690 1349 ipso
713 1301 784 1331 me
804 1281 972 1348 judice,
999 1281 1196 1330 damnor.
1567 1295 1588 1329 5

225 1360 351 1424 Quid
370 1359 532 1409 refert?
559 1379 691 1409 causa
713 1371 764 1408 tu
785 1358 967 1409 meliore
992 1348 1137 1418 cares;

159 1439 515 1504 Damnatumque
538 1436 624 1485 tibi
644 1455 715 1485 me
738 1436 823 1485 sub
848 1455 928 1484 sua
947 1436 1047 1501 jura
1072 1435 1252 1503 Cupido

224 1514 456 1565 Retrahit:
475 1514 655 1563 alterius
678 1513 742 1561 sic
763 1531 944 1579 quoque
966 1512 1117 1578 praeda
1141 1529 1308 1560 sumus.

158 1594 308 1643 Prima
328 1593 436 1642 meis
460 1603 510 1641 tu
532 1602 661 1659 pacta
683 1590 794 1638 toris
814 1609 825 1638 ε
845 1590 1076 1657 fassusque
1096 1590 1325 1656 juventam

220 1671 287 1721 Te
307 1670 502 1738 prirnum
527 1680 706 1736 accepta
727 1679 795 1716 est
818 1667 1006 1732 conjuge
1029 1677 1185 1714 noster
1207 1684 1343 1714 amor.
1549 1692 1589 1715 ιο

203 1835 281 1857 1-2.
301 1819 495 1864 ijuste,
511 1818 677 1864 Nympha.
694 1813 837 1851 Rectius

947 1825 976 1859 7.
1005 1812 1277 1857 Damnatumque
1296 1813 1366 1848 tibi
1374 1825 1427 1848 me
1442 1814 1504 1848 sub
1523 1826 1588 1848 sua

156 1876 249 1911 foret
257 1899 268 1919 ,
291 1874 333 1908 N
321 1873 455 1920 ymphae
479 1873 549 1905 tam
563 1869 665 1914 justa
678 1868 836 1914 queoenlt‘.
892 1864 977 1909 jum
988 1866 1126 1909 Cupido.
1139 1866 1216 1900 Non
1226 1866 1287 1898 sub
1299 1865 1452 1909 suasura
1459 1865 1586 1910 primae

157 1925 242 1962 Vid.
258 1936 284 1960 1.
299 1924 382 1960 Am.
403 1933 450 1958 111
466 1948 476 1967 ,
509 1936 537 1957 ι.
556 1939 602 1950 ·-·
627 1923 835 1956 Bescn‘bam.

157 1978 305 2022 Malim,
328 1977 499 2012 rescribat.
514 1973 650 2008 Hmns.

203 2033 234 2067 5.
259 2030 302 2065 Si
318 2031 412 2066 leuat
424 2029 480 2063 hic
492 2029 571 2061 ims-
588 2025 628 2059 Si
644 2025 735 2058 levat
749 2023 812 2055 hoc
823 2046 833 2062 ‚

157 2083 375 2120 doctissimus
388 2078 598 2119 Gronovius,
611 2089 677 2111 nec
689 2074 837 2109 dubium

160 2135 248 2182 quin
265 2141 370 2171 reete.
389 2133 499 2168 Inzm.
522 2149 568 2160 ·-
581 2129 740 2165 Dubium
755 2127 838 2162 nul-0

160 2189 236 2224 lum
245 2213 255 2232 ,
267 2186 353 2233 quin
360 2192 479 2232 agatur
483 2183 540 2219 hic
549 2183 592 2218 de
599 2185 706 2217 altero
711 2193 834 2221 amore,

162 2240 296 2277 Helen.
317 2238 409 2283 seil.,
436 2238 496 2284 qui
517 2249 584 2271 non
604 2238 690 2271 sinit
711 2242 775 2271 etc.
801 2241 838 2270 et

164 2294 329 2329 OEnones
340 2296 410 2328 ims
423 2305 498 2328 non
512 2294 604 2328 levat
616 2289 803 2326 immerito.

205 2347 238 2382 6.
265 2347 358 2391 Quid
374 2346 504 2391 refert?
525 2358 630 2380 causa
645 2349 681 2379 lu
701 2346 838 2379 meliore

160 2412 268 2436 cares.
291 2399 421 2434 Sensus
433 2397 596 2444 requirit,
614 2404 653 2432 ut
667 2399 761 2432 cales
773 2409 838 2442 pro

161 2466 260 2489 cares
271 2451 515 2492 substituatur3
531 2449 567 2484 id
578 2455 647 2493 est,
664 2449 835 2494 irasceris,

162 2506 353 2553 indignaris
380 2518 388 2540 ε
414 2504 480 2539 nisi
495 2502 686 2549 praetuleris
708 2504 834 2543 cades,

94 2551 96 2554 ,
163 2560 219 2596 vel
230 2561 387 2595 cadis.—
397 2559 506 2593 cades
518 2556 590 2601 jam
600 2555 837 2590 Bersmannus

163 2611 454 2658 conjecerat.Non
466 2609 544 2644 satis
551 2605 838 2652 congruerevide-

165 2671 224 2700 tur
237 2677 319 2700 cum
333 2662 568 2709 sequentihus,
583 2662 837 2705 damnatumque

164 2719 253 2760 έίὸίς
276 2717 304 2752 is
320 2716 416 2752 enim
430 2742 441 2759 ‚
470 2714 525 2749 cui
541 2715 721 2748 damnatur
728 2714 835 2754 alter,

165 2775 369 2805 certecausa
378 2769 498 2804 cadem
505 2766 572 2802 dici
586 2779 658 2801 non
668 2764 837 2812 potest-L.

901 1915 1081 1952 editiones.
1099 1915 1308 1963 Legendum
1323 1915 1502 1961 videlicet,
1519 1930 1586 1952 non

900 1971 962 2003 sub
984 1969 1146 2013 luajum.
1168 1968 1303 2003 Hnms.
1327 1967 1424 2004 Nihil
1454 1980 1557 2003 move
1576 1982 1585 2004 ε

901 2033 985 2055 nam
1002 2026 1054 2055 est
1070 2020 1243 2067 aptissima
1258 2019 1352 2054 inter
1373 2019 1447 2056 haee
1467 2033 1586 2067 oppo-

901 2072 998 2117 sitio,
1021 2074 1216 2107 damnatum
1251 2072 1407 2108 OEnonae
1420 2099 1431 2117 ,
1458 2075 1591 2108 retrahi

903 2138 922 2159 a
949 2124 1125 2171 Cupidine
1150 2125 1214 2160 sub
1240 2137 1302 2159 sua
1326 2124 1414 2170 iura.
1437 2124 1585 2160 Mallem

902 2184 1021 2212 tamen
1037 2191 1046 2213 :

901 2240 1113 2272 Dnmnntnmque
1126 2237 1173 2264 tibi
1187 2247 1229 2263 me
1240 2237 1291 2263 mh
1302 2246 1369 2265 nov·
1379 2238 1439 2271 iun
1452 2238 1555 2273 Cupido

934 2288 1063 2313 nen-ahie

902 2348 1015 2383 Novus
1038 2352 1073 2381 et
1100 2358 1180 2380 suus
1205 2345 1334 2391 ubique
1358 2345 1432 2380 sere
1457 2346 1583 2380 consu-

903 2398 1033 2434 derunt
1055 2397 1194 2432 librarii.
1211 2396 1292 2432 Vid.
1308 2407 1351 2432 11.
1374 2397 1458 2432 Am.
1472 2409 1510 2442 v,
1528 2397 1582 2443 37.

901 2462 957 2486 111.
969 2452 1061 2486 Fast.
1074 2450 1128 2494 34,
1142 2456 1176 2484 et
1186 2449 1274 2484 alibi.
1285 2451 1493 2484 Damnatum
1507 2452 1580 2490 tibi,

901 2504 1079 2550 eleganter
1102 2514 1110 2536 :
1132 2502 1180 2536 ita
1197 2500 1322 2537 Cicero
1346 2513 1387 2536 11.
1410 2503 1512 2539 Verr.
1539 2502 1582 2537 8:

901 2557 1003 2590 Hunc
1018 2557 1180 2590 hominem
1203 2557 1328 2590 Veneri
1334 2557 1498 2597 absolvit,
1513 2557 1586 2589 sibi

901 2610 1110 2644 condemnat.
1132 2607 1255 2642 Senec.
1272 2618 1322 2641 xv.
1342 2606 1386 2642 de
1408 2607 1530 2643 Benes.
1544 2608 1581 2651 4:

901 2661 959 2695 St'c
978 2662 1124 2694 debitori
1134 2672 1194 2693 suo
1211 2661 1358 2694 credilor
1374 2672 1463 2704 soepe
1481 2660 1578 2694 dam—

901 2717 1010 2754 natur,
1024 2714 1164 2756 ubiplus
1173 2724 1217 2746 ex
1225 2713 1298 2745 alia
1306 2724 1411 2746 causa
1425 2713 1576 2751 abstulit,

901 2779 998 2811 quam
1012 2778 1057 2800 ex
1071 2766 1198 2799 credito
1207 2766 1307 2808 petit.
1322 2763 1452 2799 BURM.
