1884 3112
271 252 375 299 316

701 254 1054 301 EPISTOLA·
1084 256 1260 302 XVII.

285 348 411 395 Tunc
436 364 517 409 ego
540 357 582 395 te
603 345 756 396 vellem
781 347 910 396 celeri
931 348 1099 397 venisse
1122 349 1293 407 carina‚'

351 424 503 487 Quum
525 443 621 472 mea
642 425 869 487 virginitas
891 424 1010 473 mille
1033 425 1171 492 petita
1193 425 1369 492 procis:

285 500 334 548 Si
357 513 398 549 te
417 501 643 559 vidissem,
667 503 835 568 primus
860 502 912 550 de
933 502 1052 550 mille
1074 502 1255 551 fuisses:
1627 529 1666 553 10

1668 518 1688 552 ’.ΓΙ

348 577 525 626 Judicio
548 579 715 627 veniam
740 580 806 627 vir
829 579 952 627 da‘bit
973 580 1067 645 ipse
1090 598 1202 628 meo.

287 653 358 701 Ad
378 672 581 719 possessa
603 655 724 702 venis
749 668 1049 722 praereptaque
1074 657 1232 719 gaudia
1253 675 1402 715 serus;

351 729 462 795 Spes
487 742 562 778 tua
583 729 700 779 lenta
721 730 806 779 fuit
824 751 834 780 :
856 733 977 798 quod
1000 733 1137 798 petis,
1163 723 1271 782 alm
1287 734 1431 783 habet.

286 806 351 853 Ut
373 817 518 854 tamen
541 818 738 872 optarem
759 807 854 856 fieri
878 809 962 856 tibi
985 810 1118 857 Troia
1138 811 1297 874 conjux
1311 848 1324 869 ,

351 882 538 931 Invitam
562 884 623 932 sic
645 903 713 932 me
737 903 816 933 nec
840 885 1068 935 Menelaus
1090 886 1238 935 habet.

1631 909 1691 936 ΗΘ

287 959 451 1008 Desine
474 959 628 1018 molle,
653 979 830 1026 precor,
855 962 999 1010 verbis
1022 962 1260 1011 convellere
1282 973 1464 1028 pectus:

352 1037 471 1085 Neve
494 1037 629 1095 mihi,
656 1057 786 1103 quam
810 1049 851 1086 te
876 1038 984 1086 dicis
1007 1058 1146 1091 amare
1162 1076 1174 1096 ,
1199 1058 1320 1087 noce.

288 1112 376 1161 Sed
396 1113 510 1173 sine,
538 1133 669 1180 quam
688 1115 848 1163 tribuit
865 1127 1028 1164 sortem
1046 1117 1262 1173 Fortuna,
1288 1115 1401 1164 tueri
1421 1134 1431 1163 :

287 1247 365 1286 ονιὶῐ,
378 1257 450 1280 non
469 1246 568 1292 pauci
581 1259 622 1282 ex
634 1247 776 1294 scriptis.
786 1248 845 1284 Sic
855 1249 959 1285 Trist-

288 1296 345 1331 lib.
362 1307 376 1330 1
389 1323 398 1341 ,
417 1308 431 1331 1
444 1323 453 1341 ,
476 1312 489 1332 1
498 1298 557 1334 13:

434 1374 465 1383 ...
483 1358 547 1389 Vel,
564 1358 586 1383 si
598 1359 659 1383 ntis
671 1359 723 1384 oris
734 1358 839 1384 habebis
851 1377 861 1390 ,

319 1406 454 1439 OEdipodas
464 1405 541 1430 facito
552 1407 746 1441 Telegonosque
758 1417 843 1433 voces.

287 1454 359 1489 Sed
374 1467 413 1489 os
429 1467 492 1500 pro
507 1454 641 1500 pudore
654 1455 710 1490 hic
726 1456 889 1500 sumitur,
904 1456 958 1491 di-

287 1520 387 1542 verso
398 1507 560 1542 nonnihil
573 1520 677 1542 sensu
686 1508 747 1543 :ita
756 1510 880 1543 duritia
891 1512 959 1542 oris

288 1571 352 1604 pro
372 1559 608 1604 impudentia,
634 1560 757 1595 Senec.
775 1561 817 1595 de
838 1561 958 1595 Const.

288 1610 442 1655 sapient.
458 1625 530 1655 cap.
555 1622 643 1646 xxn.
669 1612 817 1657 Vulgata
840 1619 958 1646 tamen

286 1662 389 1697 lectio
406 1662 534 1697 servari
562 1670 684 1708 potest.
706 1663 797 1697 Vide
822 1664 958 1708 elegans

291 1714 434 1750 Catonis
447 1716 578 1750 dictum
590 1715 681 1760 apud
693 1715 827 1758 Senec.‚
844 1715 899 1749 lib.
913 1726 958 1750 111

288 1766 331 1801 de
350 1767 406 1801 Ira
419 1793 428 1811 ,
450 1780 521 1812 cap.
534 1768 576 1801 38
593 1768 817 1813 :Affinnabo,
835 1771 956 1812 inquil,

287 1822 437 1854 omnibus
449 1846 458 1860 ,
478 1821 638 1861 Lentule,
655 1820 746 1864 salli
756 1833 832 1859 eos,
855 1823 914 1865 qui
925 1823 959 1853 le

288 1875 414 1915 negant
428 1884 466 1905 os
485 1873 616 1905 habete.
641 1874 738 1905 Inest
759 1872 863 1905 etiam
887 1871 957 1905 duo

288 1922 423 1957 codices
439 1935 447 1957 :
461 1930 610 1967 quatuor
623 1922 690 1966 alii,
705 1925 818 1956 habes.
827 1923 959 1957 Hmns.

288 1992 332 2001 ·-
350 1975 400 2009 Os
413 1974 442 2009 si
456 1986 520 2019 pro
528 1976 656 2018 pudore
675 1974 732 2008 hic
749 1973 960 2008 sumendum

289 2027 352 2070 sit,
380 2033 420 2061 ut
432 2033 551 2061 censet
567 2026 732 2061 Heinsius
747 2052 756 2070 ,
784 2032 819 2060 et
838 2026 961 2071 probat

288 2078 470 2113 notissimo
485 2077 628 2112 Catonis
638 2077 729 2112 dicto
742 2103 752 2122 ,
771 2084 864 2112 certe
880 2090 962 2112 cum

290 2129 440 2174 antiquis
455 2129 533 2163 edd.
555 2129 743 2175 legendum
761 2135 812 2163 est
823 2154 832 2172 ,
853 2132 962 2163 minus

288 2184 366 2216 otis.
385 2180 519 2215 Contra
533 2194 588 2222 os,
612 2193 675 2226 pro
691 2183 895 2225 impudentia
909 2193 964 2215 su-

291 2232 463 2267 mendum
477 2258 486 2276 ,
514 2239 554 2267 ut
573 2233 665 2278 apud
687 2232 798 2267 Cicer.
819 2232 860 2267 ad
882 2233 962 2267 Div.

290 2295 329 2318 lx
340 2310 351 2327 ,
376 2284 396 2318 8
413 2296 422 2318 ε
439 2298 457 2314 «
470 2284 554 2318 Misi
565 2285 608 2318 ad
622 2291 656 2318 te
674 2291 822 2328 quatuor
832 2283 961 2317 admo-

290 2336 421 2370 nitores
429 2348 503 2370 non
515 2335 619 2370 nimis
629 2336 853 2370 verecundos.
862 2337 962 2371 Nosti

290 2387 387 2421 enim
393 2389 548 2433 profecto
556 2400 596 2422 os
607 2387 883 2422 adolescentioris
892 2400 963 2423 aca-

289 2439 422 2474 demiae.
438 2454 457 2470 »
473 2440 636 2474 Limum).

338 2493 409 2534 104.
437 2492 543 2534 Quum
573 2503 649 2525 mea
668 2494 845 2535 virginitas
870 2492 962 2524 mille

286 2545 397 2586 petila
412 2545 535 2586 pmcis.
565 2542 779 2585 Procerum,
804 2541 862 2586 qui
884 2542 962 2575 He-

291 2593 408 2626 lenam
425 2593 489 2627 sibi
509 2605 653 2628 uxorem
673 2594 869 2638 petierunt,
887 2605 960 2626 no—

290 2643 388 2677 mina
398 2651 433 2678 et
441 2657 608 2680 numerus
617 2651 748 2680 exstant
758 2644 848 2689 apud
861 2644 963 2688 Apol-

291 2694 455 2730 lodorum
471 2721 480 2739 ,
506 2708 551 2730 111
563 2722 573 2740 ,
594 2709 655 2738 10;
673 2703 708 2730 et
724 2707 873 2730 numero
885 2695 963 2740 qui-

242 2791 244 2794 ·
294 2746 375 2781 dem
391 2758 519 2782 novem
540 2754 575 2782 et
592 2747 736 2792 viginti;
761 2759 846 2791 quos
870 2747 962 2782 inter

1024 1250 1142 1286 Ulixes
1160 1277 1170 1295 ,
1204 1249 1393 1285 Diomedes
1419 1249 1560 1298 Tydeus
1570 1275 1581 1294 ‚
1605 1250 1692 1298 Aiax

1022 1309 1170 1346 uterque
1182 1328 1191 1345 ,
1213 1302 1421 1337 Philoctetes
1431 1328 1442 1347 ,
1470 1309 1533 1337 etc.

1070 1355 1143 1387 105.
1163 1355 1294 1388 Pn‘mus
1309 1356 1351 1388 de
1372 1355 1464 1388 mille
1469 1353 1611 1398 fuisses.
1626 1352 1697 1387 4104

1021 1404 1130 1439 hanni
1155 1405 1306 1451 Georgio
1331 1405 1469 1440 Graevio
1484 1405 1611 1440 rectius
1626 1404 1693 1439 ‘vi-

1022 1456 1186 1501 debatur,
1199 1458 1225 1492 si
1242 1464 1471 1503 reponeretur
1484 1483 1493 1501 ,
1508 1460 1636 1501 pn'nms
1651 1459 1693 1492 de

1022 1511 1112 1542 mille
1127 1512 1272 1543 tultlrses.
1285 1510 1416 1544 Hssms.
1434 1508 1542 1553 Quod
1550 1508 1694 1554 quidem

1021 1560 1125 1604 possit
1138 1560 1351 1605 confirmari,
1359 1561 1418 1594 illo
1428 1560 1564 1596 Moschi
1571 1586 1583 1605 ,
1592 1559 1693 1608 ldylt.

1022 1621 1067 1644 ΙΙΙ
1079 1636 1088 1653 ,
1108 1613 1146 1656 57
1166 1624 1175 1645 :
1197 1618 1246 1652 Μὴ
1262 1615 1381 1661 δεύτερα
1395 1619 1458 1647 σῖιο
1475 1614 1609 1661 φέρηται.
1621 1611 1695 1646 Sed

1022 1661 1252 1696 dubitandum
1261 1689 1270 1706 ,
1284 1676 1327 1697 an
1338 1663 1381 1697 sit
1395 1663 1540 1708 vulgatae
1554 1663 1694 1698 lectioni

1023 1726 1064 1747 an
1069 1713 1258 1756 teserenda,
1267 1715 1422 1758 quamvis
1429 1714 1692 1759 elegantissima,

1021 1764 1220 1808 conjectura
1235 1765 1419 1800 doctissimi
1433 1765 1507 1799 viri.

1067 1829 1138 1861 ¹07·
1154 1818 1216 1850 Ad
1226 1830 1386 1861 possessa
1403 1820 1498 1852 vetuli·
1507 1821 1692 1862 pmteplae-

1021 1881 1091 1912 que.
1116 1869 1220 1903 Forte
1237 1869 1425 1915 elegantius
1437 1895 1447 1913 ,
1479 1868 1574 1914 quod
1589 1868 1694 1904 Gru-

1022 1926 1116 1954 terus
1139 1920 1248 1955 codici
1267 1933 1331 1955 suo
1355 1920 1580 1966 adscripscrat
1601 1933 1611 1955 ι
1634 1921 1703 1955 Αἰ

1016 1984 1178 2015 possessa
1204 1976 1299 2006 venis
1319 1975 1549 2017 pmceplaque'
1565 1974 1694 2017 gaudia

1022 2035 1126 2057 serus.
1147 2023 1244 2058 Dm.
1269 2024 1403 2062 Hmus.
1426 2041 1471 2050 —
1495 2024 1620 2060 Nescio
1645 2035 1691 2058 an

1023 2087 1096 2109 non
1104 2101 1113 2118 ‚
1122 2069 1346 2120 pia-reptaque
1355 2081 1492 2121 praestet
1507 2076 1582 2110 :-ita
1597 2075 1694 2110 enim

1023 2126 1085 2161 sibi
1101 2127 1216 2161 invitae
1225 2127 1349 2172 gaudia
1363 2140 1382 2161 a
1393 2126 1570 2170 Menelao,
1587 2139 1694 2172 quem

1023 2190 1217 2222 numquam
1235 2178 1344 2213 valide
1369 2191 1497 2213 amasse
1519 2191 1594 2213 non
1611 2179 1693 2214 ohs-

1023 2239 1104 2264 cure
1121 2230 1248 2265 indicat
1260 2255 1269 2273 ,
1298 2234 1411 2275 erepta
1425 2256 1435 2271 ‚
1461 2229 1669 2276 significaret
1681 2255 1691 2274 ,

1024 2294 1100 2326 quae
1118 2282 1292 2317 maluisset
1302 2282 1420 2316 Paridi
1430 2282 1525 2326 dare,
1535 2281 1562 2316 si
1567 2285 1694 2327 primus

1023 2333 1224 2368 advenisset.
1240 2334 1370 2368 BURM.

1069 2399 1083 2419 1
1092 2400 1104 2419 1
1114 2400 1126 2419 1
1133 2412 1140 2419 .
1150 2388 1279 2420 Desine
1290 2387 1399 2428 molle,
1406 2398 1549 2430 precare
1553 2392 1596 2420 tc.
1607 2385 1692 2420 Rec-

1022 2444 1057 2472 te
1071 2463 1081 2480 ,
1102 2440 1201 2472 molle
1217 2444 1335 2482 pectus
1348 2463 1357 2481 ,
1383 2437 1576 2479 muliebre;
1598 2435 1692 2482 quod

1021 2489 1117 2524 facile
1133 2490 1170 2523 in
1192 2496 1306 2535 partes
1325 2489 1492 2534 quaslibet
1513 2487 1693 2523 recumbat

1022 2541 1236 2575 inclinatum.
1249 2558 1294 2568 —-
1311 2542 1508 2575 Convellere.
1521 2539 1626 2573 Varie
1634 2537 1691 2572 hic

1022 2593 1165 2627 turbant
1189 2592 1322 2627 codices
1345 2604 1353 2626 :
1377 2591 1414 2626 hi
1440 2592 1613 2630 dt'vellem,
1635 2587 1691 2622 alii

1022 2657 1227 2688 compescere
1244 2655 1256 2685 ‚¹
1290 2643 1431 2688 quidam
1459 2652 1662 2685 corrumpere
1677 2666 1688 2681 ‚

1022 2695 1182 2730 nonnulli
1190 2697 1404 2736 contundere;
1418 2695 1610 2738 compellem
1620 2698 1690 2726 tres

1024 2746 1127 2783 etiam
1142 2761 1151 2790 3
1164 2746 1223 2784 sed
1232 2746 1319 2781 nihil
1327 2752 1426 2781 muto
1440 2757 1448 2780 :
1459 2756 1585 2790 magna
1594 2742 1690 2778 enim
