1884 3112
315 239 405 313 Μ

587 260 680 305 AD
711 260 966 307 LIVIAM
1005 261 1390 310 AUGUSTAM

317 350 474 398 Certus
499 370 592 400 eras
615 371 861 419 nunquam,
885 354 975 402 nisi
996 354 1155 414 victor,
1180 357 1343 415 Druse,
1367 357 1542 434 reverti„¹

375 427 478 475 Haec
502 438 543 475 te
568 427 811 477 debuerant
834 440 1060 496 tempora:
1079 433 1219 481 victor
1240 428 1350 482 eras.

313 503 505 552 Consule
528 524 636 562 nos,
664 505 771 554 duce
794 525 898 564 nos,
926 507 1067 556 (luce
1052 527 1139 573 Jam
1157 509 1343 569 victore,
1363 522 1584 558 caremus:

374 581 547 629 Invenit
567 601 621 629 en
639 593 733 629 tota
752 602 913 631 moeror
934 584 982 631 in
1004 583 1113 633 urbe
1137 583 1296 634 locum.

308 656 372 704 'At
394 658 603 706 comitum
627 659 829 725 squalent
845 660 1051 708 immissis
1075 680 1150 709 ora
1173 660 1360 727 capillis,

372 733 550 791 Infelix,
572 736 823 808 Drusorsed
846 737 919 802 pia
943 737 1073 786 turba
1094 757 1190 786 suo.
1231 744 1233 746 ’

311 810 517 874 Quorum
539 811 698 878 aliquis
712 849 725 871 ,
748 813 929 862 tendens
953 814 1000 861 in
1021 825 1062 865 te
1088 833 1165 863 sua
1187 815 1389 871 brachia,
1414 814 1545 863 dixit:

375 888 467 935 Cur
490 888 583 936 sine
606 907 697 946 me,
723 909 801 938 cur
823 890 885 938 sic
904 891 1185 940 incomitatus
1204 890 1334 937 abis?

309 964 432 1027 Quid
456 965 638 1013 referam
657 966 710 1015 de
734 979 795 1024 te,
823 967 1077 1030 dignissima
1098 965 1284 1030 conjuge
1309 966 1477 1026 Druso,
1506 987 1508 990 ·

372 1041 521 1105 Atque
545 1042 694 1090 eadem
716 1043 852 1090 Drusi
876 1042 1007 1101 digna
1029 1053 1208 1105 parente
1227 1043 1395 1090 nurus?
1449 1048 1452 1056 ”

1650 1058 1714 1092 300

309 1115 394 1163 Par
416 1115 527 1163 bene
553 1118 868 1181 compositum3
892 1115 1100 1180 juvenum
1118 1116 1385 1164 fortissimus
1407 1116 1536 1176 alter,

369 1191 520 1240 Altera
543 1204 629 1240 tam
653 1192 756 1240 forti
777 1193 930 1240 mutua
953 1211 1056 1240 cura
1078 1193 1186 1240 viro.

306 1269 484 1316 Femina
508 1280 556 1316 tu
577 1268 806 1334 princeps3
832 1280 880 1316 tu
896 1268 994 1317 filia·
1004 1270 1184 1318 Caesaris
1204 1289 1214 1318 :
1232 1270 1298 1318 illi

369 1348 461 1394 Nec
484 1346 629 1394 minor
652 1365 697 1394 es
721 1346 868 1409 magni
891 1347 1076 1411 conjuge
1099 1347 1190 1395 visa
1211 1347 1349 1395 Jovis.
1377 1368 1379 1370 ·
1418 1367 1421 1371 ’
1455 1379 1457 1381 v
1488 1371 1490 1374 >
1521 1370 1523 1374 ⁴

302 1422 371 1469 Tu
391 1442 623 1471 concessus
645 1442 784 1480 amor,
811 1435 860 1471 tu
883 1422 1004 1471 solus
1028 1435 1071 1471 et
1093 1423 1274 1472 ultimus
1296 1423 1387 1482 illi,
1406 1451 1407 1454 =

1625 1434 1630 1438 ’
1645 1439 1711 1474 305

370 1502 439 1548 Tu
464 1501 636 1567 requies
658 1501 772 1549 fesso
798 1512 919 1563 grata
940 1500 1106 1548 laboris
1131 1519 1236 1548 eras.

305 1578 368 1625 Te
392 1578 607 1634 moriens,
632 1597 712 1643 per
733 1578 867 1626 verba
888 1577 1145 1636 novissima,
1172 1589 1352 1643 questus
1376 1577 1527 1628 abesse
1543 1596 1564 1635 ;‘

293 1722 425 1766 fratre,
449 1723 565 1756 Deos!
591 1722 709 1757 Verba
724 1729 804 1757 sunt
822 1723 974 1766 Tiberii,

305 1773 453 1808 dolentis
482 1774 575 1818 quod
608 1774 681 1808 sine
709 1775 815 1809 fratre
837 1800 847 1817 ,
883 1776 976 1809 Deos

295 1825 427 1869 fratre-i·
448 1824 569 1869 adeat,
606 1824 698 1860 Cast.
725 1833 760 1860 et
785 1826 914 1860 Polluc.
938 1826 975 1859 in

306 1876 417 1911 aedem
440 1889 545 1921 quam
570 1877 649 1922 ipsis
673 1876 815 1911 dicabat.
847 1877 976 1911 Sensus

301 1928 402 1973 plane
431 1928 571 1972 obvius,
610 1936 645 1962 et
671 1930 811 1963 alfectus
835 1928 975 1973 quidem

303 1979 541 2014 dulcissimus:
564 1979 657 2014 unde
675 1993 748 2014 non
771 1980 872 2014 video
894 1979 976 2025 quid

303 2031 519 2077 Scaligerum
540 2031 718 2076 impulerit
730 2057 739 2074 ‚
768 2038 807 2065 ut
821 2031 951 2077 legeret
967 2043 975 2064 :

336 2087 389 2110 cnr
401 2086 478 2115 adeo,
492 2084 587 2115 frater,
599 2085 662 2109 heu!
676 2086 730 2110 sine.
738 2084 816 2109 fratre
826 2091 871 2110 tuo
881 2085 927 2110 es?

347 2144 513 2181 291-292.
549 2135 666 2167 Certus
691 2146 767 2167 ems
790 2146 974 2177 nunquam,

302 2189 488 2219 n1251'v1‘ctor
496 2192 559 2219 etc.
573 2185 709 2228 Fixum,
719 2185 975 2229 immotumque

301 2237 338 2270 in
357 2236 474 2270 animo
498 2236 558 2271 tibi
574 2235 734 2276 sedebat,
764 2243 804 2270 ut
824 2235 976 2269 Romam

300 2301 485 2333 nunquam
495 2314 504 2331 ‚
521 2291 593 2321 m'si
602 2290 712 2321 victor
724 2287 863 2321 redires.
896 2288 976 2320 Vic—

301 2346 356 2375 tor
367 2354 444 2375 ems
469 2351 479 2372 ι’
507 2340 699 2374 debuerant
714 2340 819 2385 igitur
834 2339 974 2374 incolu-

302 2405 385 2426 men
405 2399 437 2426 te
449 2391 547 2425 nobis
567 2396 713 2434 tempora
727 2389 885 2424 reddere.

345 2457 421 2490 299·
448 2444 540 2485 Quid
551 2442 692 2486 reseram
706 2443 747 2475 de
764 2446 798 2475 le
816 2448 879 2475 etc.
897 2440 976 2476 Ser-

299 2507 448 2528 monem
458 2506 554 2527 nunc
561 2493 779 2528 convertitad
789 2493 975 2538 conjugem

300 2546 430 2588 Drusi,
451 2545 643 2579 Antoniam
657 2546 847 2584 minorem,
866 2545 975 2579 Anto·

299 2597 350 2631 nii
373 2597 562 2631 Triumviri
580 2604 620 2633 ex
640 2597 805 2639 Octavia,
828 2597 976 2641 Augusti

300 2660 419 2682 sorore
436 2674 445 2690 ,
466 2647 581 2682 filiam.
601 2648 656 2682 De
669 2660 708 2681 ea
724 2647 771 2683 sic
790 2647 865 2681 Val.
882 2647 974 2681 Max.

298 2709 361 2741 lv,
390 2699 410 2732 3
431 2711 439 2733 :
460 2713 476 2728 «
502 2699 656 2733 Antonia
682 2711 819 2743 quoque
844 2698 974 2732 semina

274 2770 277 2772 -
297 2749 454 2786 laudibus
473 2750 611 2786 virilem
631 2750 768 2785 samiliae
790 2763 859 2786 suae
879 2749 974 2785 clari-

1041 1730 1149 1757 tatem
1166 1735 1401 1768 supergressa,
1419 1733 1578 1757 amorem
1595 1721 1712 1756 mariti

1042 1774 1176 1820 egregia
1189 1774 1258 1808 fide
1273 1774 1445 1819 pensavit3
1460 1786 1537 1818 quae
1550 1771 1630 1819 post
1636 1773 1711 1818 ejus

1041 1826 1238 1869 decessum,
1260 1826 1373 1859 forma
1389 1832 1426 1859 et
1441 1823 1539 1860 oetate
1557 1824 1688 1859 flooens
1699 1849 1710 1868 ,

1041 1877 1237 1911 cubiculum
1252 1889 1371 1911 socrus
1385 1889 1450 1921 pro
1464 1875 1627 1921 coniugio
1647 1874 1712 1910 ha—

1040 1928 1115 1963 buit
1137 1938 1144 1959 :
1176 1929 1212 1962 in
1245 1927 1440 1972 eodemque
1465 1933 1544 1961 toro
1571 1926 1710 1962 alterius

1041 1979 1277 2014 adolescentiae
1307 1979 1404 2024 vigor
1433 1978 1615 2013 exstinctus
1634 1985 1710 2020 θεὶς

1041 2032 1178 2066 alterius
1199 2031 1370 2065 viduitatis
1390 2029 1597 2075 experientia
1616 2041 1711 2064 con—

1039 2084 1196 2117 senuit.»
1226 2084 1354 2117 Totam
1373 2081 1571 2116 setradidit
1596 2081 1710 2116 liberis

1041 2134 1244 2177 educandis,
1263 2134 1323 2178 qui
1345 2141 1413 2168 tres
1428 2144 1577 2166 numero
1594 2141 1604 2163 :
1624 2131 1711 2167 Ger-

1040 2186 1219 2228 manicus,
1247 2185 1532 2230 Caligulaepater
1557 2195 1566 2217 :
1594 2182 1709 2218 Clau-

1027 2236 1138 2280 dius,
1180 2237 1239 2281 qui
1265 2236 1392 2270 deinde
1418 2235 1607 2280 imperator
1623 2260 1633 2277 ,
1674 2241 1710 2270 et

1028 2298 1030 2301 ·
1041 2288 1136 2321 Livia
1148 2313 1157 2331 ,
1178 2300 1239 2322 seu
1252 2287 1370 2321 Livilla
1382 2313 1392 2330 ‚

1410 2299 1550 2321 morum
1565 2285 1710 2321 dissolu-

1040 2339 1135 2374 tione
1156 2339 1242 2373 adeo
1263 2339 1410 2373 infamis.
1433 2339 1582 2378 Veneno
1597 2338 1710 2372 inter-

1025 2397 1175 2435 ‹ceptam
1192 2403 1212 2424 a
1233 2389 1387 2434 Caligula
1411 2389 1492 2424 dato
1518 2389 1709 2424 Antoniam

1039 2442 1156 2476 innuit
1173 2441 1269 2476 Suet.
1288 2440 1410 2475 Claud.
1423 2441 1475 2475 23.

1081 2494 1157 2527 305.
1186 2495 1236 2527 Tu
1250 2504 1426 2528 concessus
1438 2504 1549 2532 amor,
1568 2495 1605 2527 lu
1618 2493 1711 2526 solus

1039 2548 1076 2578 et
1088 2547 1223 2578 ultimus
1236 2547 1298 2578 illi.
1312 2542 1469 2578 Laudem
1483 2543 1572 2578 hanc
1590 2543 1709 2578 Druso

1039 2596 1159 2630 tribuit
1176 2595 1250 2629 Val.
1276 2595 1368 2629 Max.
1386 2595 1461 2629 loco
1483 2595 1555 2640 jam
1571 2594 1706 2637 adlato,

1040 2646 1132 2690 quod
1163 2648 1299 2682 Veneni:
1321 2649 1530 2681 usum-intra
1555 2646 1708 2690 conjuge]-

1038 2700 1233 2732 charitatem
1250 2700 1397 2732 clausum
1418 2700 1567 2732 tenuen't.
1605 2695 1705 2740 Qui—

1037 2749 1119 2784 dam
1133 2775 1143 2794 ,
1171 2750 1345 2794 constssus
1358 2763 1470 2791 amor,
1492 2748 1673 2794 legitimus.
