1884 3112
332 245 420 301 400
733 243 1345 290 PRAEFATIUNCULA.

393 339 541 394 Quum
570 337 704 398 igitur
736 337 789 380 lis
827 344 970 380 tantos
999 337 1117 381 inter
1151 338 1267 380 viros
1298 337 1419 399 quasi
1453 337 1754 400 componenda

328 414 456 458 nobis
481 415 696 475 supersit,
734 411 1041 473 expendendas
1068 413 1163 457 sine
1184 412 1331 458 studio
1359 415 1550 458 rationes
1577 416 1751 459 censui-

330 507 425 534 mus
441 525 454 544 ,
481 490 643 551 quibus
661 507 783 533 suam
805 491 992 551 quisque
1017 492 1273 552 opinionem
1292 493 1407 535 tueri
1430 499 1627 536 conatur.

389 567 455 610 Ac
490 568 687 628 primum
719 566 902 627 quidem
933 566 988 610 de
1012 567 1193 611 Pedone
1228 567 1546 629 inquirendum
1564 601 1578 622 ,
1625 584 1681 611 an
1719 569 1754 611 is

336 645 551 687 exstiterit
582 652 737 704 poeta,
778 645 849 687 cui
883 647 1290 704 praestantissimum
1321 644 1433 688 illud
1459 661 1592 706 opus,
1627 653 1671 688 et
1689 653 1756 688 tot

325 723 493 780 ingenii
512 720 741 764 luminibus
759 722 953 781 insigne,
978 721 1278 779 tribueretur3
1300 737 1438 784 quum
1455 721 1521 769 illi
1542 722 1650 782 ipsi,
1678 722 1755 783 qui

325 796 532 840 tribuunt
542 830 554 851 ‚
579 796 799 842 fateantur
815 798 1013 857 Elegiam
1028 801 1074 842 in
1087 797 1248 841 obitum
1260 799 1541 847 Moecenatis,
1562 797 1757 853 ejusdem

327 874 494 933 ingenii
523 873 706 927 foetum,
752 884 890 917 totam
917 873 1127 935 languere
1148 908 1161 928 ‚
1201 891 1283 918 nec
1315 859 1757 936 quidquam'habere

329 949 509 1010 diganum
520 949 772 1010 Augustoeo
784 951 925 994 oevo*.
948 951 1160 1002 Meminit
1179 949 1362 1012 quidem
1374 949 1566 998 Pedonis
1580 952 1759 1010 Quinti-

327 1026 486 1081 lianus,
505 1026 587 1070 lib.
604 1041 633 1070 x
644 1060 658 1081 ,
692 1043 705 1068 1
718 1046 729 1083 3
743 1026 822 1070 sed
837 1025 1004 1081 obiter,
1029 1035 1073 1070 et
1088 1043 1190 1070 cum
1202 1027 1384 1077 Rabirio
1402 1029 1686 1089 conjungens,
1701 1026 1757 1071 de

326 1103 487 1164 quibus
505 1117 515 1144 ε
536 1120 628 1146 ηοη
643 1103 837 1164 indigni,
858 1105 1031 1165 inquit,
1055 1106 1304 1165 cognitione
1312 1123 1331 1159 ,-
1351 1097 1536 1148 sed-illis
1557 1096 1728 1148 tantum
1739 1137 1752 1157 ,

326 1179 488 1240 quibus
509 1192 710 1223 vacaret.
740 1180 872 1236 Quod
888 1189 1007 1224 certe
1024 1196 1115 1224 non
1135 1182 1462 1243 pronuntiasset
1480 1178 1612 1237 judex
1630 1196 1754 1242 saga-

323 1257 519 1300 cissimus
534 1256 589 1300 de
610 1265 788 1301 auctore
810 1258 1136 1309 Consolationis
1157 1257 1223 1302 ad
1236 1258 1418 1302 Liviam.
1444 1258 1506 1302 At
1517 1291 1531 1322 ,³
1553 1259 1757 1319 inquient

325 1333 486 1387 forsan,
503 1335 700 1395 perierat
710 1350 885 1395 carmen
895 1369 908 1389 ,
937 1351 1075 1395 quum
1089 1335 1183 1379 haec
1196 1334 1495 1392 Quintilianus
1514 1333 1753 1388 scriberet:

326 1412 521 1471 perierat
550 1413 687 1471 igitur
721 1427 927 1472 quoque,
965 1420 1166 1471 tempore
1188 1410 1365 1455 Senecae
1389 1411 1596 1466 Rhetoris
1612 1445 1626 1466 ‚
1680 1411 1757 1472 qui

327 1504 466 1549 quum
489 1488 662 1532 Suasor.
691 1503 706 1532 1
720 1522 733 1542 ‚
761 1489 1059 1555 fragmentum
1080 1487 1271 1532 Pedonis
1294 1487 1450 1532 afferat
1479 1488 1535 1532 de
1554 1488 1754 1558 Naviga-

324 1568 443 1609 tione
469 1565 725 1611 Germanici
743 1583 827 1626 per
860 1565 1086 1612 Oceanum
1116 1565 1499 1628 septemtionalem
1518 1600 1535 1616 ,
1590 1564 1757 1609 nullam

326 1642 508 1685 omnino
546 1641 602 1685 de
640 1642 956 1686 Consolatione
981 1676 997 1692 ,
1047 1642 1198 1685 aliisve
1239 1641 1511 1693 Albinovani
1547 1640 1757 1706 operibus

326 1720 602 1762 mentionem
625 1718 769 1760 faciat.
800 1717 891 1761 Sed
917 1717 974 1765 ad
995 1718 1303 1770 auctoritatem
1323 1717 1620 1777 confugiamus
1651 1732 1754 1777 gra-

324 1795 459 1844 vioris
479 1794 620 1837 multo
650 1791 861 1854 ponderis
885 1808 895 1833 :
923 1792 1045 1836 illam
1066 1792 1166 1836 dico
1186 1791 1365 1847 Ovidii,
1398 1779 1469 1837 cui
1488 1794 1643 1846 vixisse
1665 1795 1753 1844 Pe·-

326 1869 490 1915 donem
505 1870 911 1930 conjunctissimum
931 1877 1099 1913 constat
1111 1903 1124 1923 ‚
1151 1887 1202 1913 ex
1221 1866 1380 1930 Elegie
1401 1884 1431 1913 x
1448 1903 1462 1925 ,
1496 1869 1552 1923 de
1578 1871 1723 1922 Ponto
1739 1904 1752 1924 ,

324 1948 406 1991 lib.
441 1949 489 1994 lv
506 1981 521 2002 ‚
556 1946 611 1990 ad
638 1963 741 1991 eum
769 1942 898 1990 missa
917 1981 930 2000 ‚
973 1962 1061 2008 quo
1090 1955 1321 2008 tempore,
1354 1950 1544 1994 carmine
1582 1947 1756 2003 Thesea

325 2024 556 2074 laudaret,
582 2023 631 2066 id
651 2032 740 2078 est,
777 2023 1019 2074 Theseida,
1044 2023 1357 2078 conscriberet.
1384 2024 1611 2077 Sidereurn
1636 2040 1753 2086 quo-

328 2118 415 2162 que
434 2100 545 2146 dicit
558 2134 571 2156 ‚
592 2101 640 2144 in
661 2099 858 2156 ejusdem
873 2100 1002 2144 Libri
1021 2102 1172 2162 Elegia
1187 2102 1343 2154 ultima
1358 2117 1401 2156 v,
1422 2101 1467 2154 6.
1488 2102 1596 2159 Quis
1617 2117 1752 2162 porro

328 2177 571 2222 crediderit
597 2178 817 2222 Nasonem
832 2212 846 2234 ‚
879 2179 956 2239 qui
982 2179 1095 2222 nulli
1116 2168 1351 2240 aequalium
1369 2193 1549 2239 poeseos
1574 2177 1752 2234 landem

327 2254 492 2298 dicitur
514 2254 722 2299 invidisse
738 2289 751 2309 ,
787 2271 964 2299 carmen
991 2257 1422 2317 praestantissimum,
1458 2257 1506 2307 in
1529 2255 1751 2303 laudando

328 2331 509 2376 Pedone
520 2365 533 2385 ‚
558 2333 636 2392 qui
653 2341 743 2376 tam
762 2331 940 2376 fidelem
956 2321 1002 2377 se
1018 2334 1157 2376 amico
1173 2335 1458 2394 praestiterat,
1479 2333 1654 2387 silentio
1673 2348 1752 2376 vo-

327 2408 495 2452 lentem
510 2410 772 2469 praeteriisse
787 2408 806 2451 P
1308 2419 1310 2421 ’

389 2486 571 2529 Faciant
605 2487 741 2546 magis
780 2485 837 2529 ad
861 2503 983 2540 rem,
1019 2487 1126 2547 qui,
1159 2489 1319 2531 omisso.
1345 2486 1525 2534 Pedone
1551 2486 1744 2533 Albino-

330 2578 467 2617 vano,
480 2562 742 2622 fabulatore
759 2567 960 2624 egregio,
984 2572 1035 2607 ut
1052 2573 1181 2608 vocat
1202 2565 1390 2620 Seneca,
1417 2573 1461 2609 et
1465 2566 1660 2625 festivo,
1699 2565 1745 2606 in

374 2720 390 2737 *
413 2720 634 2765 Longissima
647 2721 740 2757 abest
762 2734 779 2755 a
798 2718 961 2756 carminis
979 2722 1088 2757 nostri
1106 2722 1282 2763 suavitate.
1302 2725 1419 2765 Beck,
1438 2735 1492 2767 op.
1509 2722 1563 2757 cit.
