1884 3112
300 392 985 406 ···················

674 267 726 309 P.
763 265 997 313 OVIDII
1031 264 1162 312 NAS
1179 266 1339 312 ONIS

1014 391 1289 406 ιιιιιιιι

297 433 591 500 Objectetque
614 452 777 493 moras,
801 446 846 484 et
865 430 990 484 molli
1007 435 1165 484 serviat
1186 434 1305 498 algae.

294 511 541 577 Descripsit
563 511 686 560 sedes
710 512 825 561 varie
849 514 1017 561 Natura
1041 512 1280 579 profundi;

293 590 385 637 Nec
410 599 592 636 cunctos
615 608 704 637 una
726 587 868 637 voluit
888 585 1127 638 consistere
1153 589 1310 655 pisces.

293 666 406 713 Nam
430 663 622 727 gaudent
639 663 795 731 pelago
809 702 822 724 ‚
849 665 999 731 quales
1022 665 1340 731 Scombrique‚
1365 666 1623 734 Bovesque,'

294 741 490 808 Hippuri
514 739 673 790 celeres
687 778 700 798 ‚
726 753 770 790 et
791 742 920 804 nigro
944 754 1116 805 tergore
1136 742 1288 801 Milvi;
1665 758 1711 806 9⁵

293 819 355 867 At
374 818 597 885 pretiosus
620 817 815 885 Helops,
840 819 1007 868 nostris
1031 820 1287 883 incognitus
1310 820 1471 880 undis3

292 897 359 944 Ac
383 897 520 946 durus
543 896 753 963 Xiphias‚
778 897 869 945 ictu
892 916 985 945 non
1008 898 1161 946 mitior
1182 897 1300 946 ensis
1320 917 1331 957 ;

293 1054 346 1089 Ex
361 1054 511 1100 Oppian.
525 1054 606 1089 Hal.
623 1067 698 1100 102,
710 1056 880 1102 supplevit
892 1055 972 1093 Vli—

290 1106 359 1141 tius
373 1106 440 1141 hoc
455 1106 563 1140 modo
578 1118 587 1141 :

291 1161 400 1194 Gurgite
410 1169 416 1186 ε
430 1161 521 1185 limosa
530 1170 594 1185 num
604 1161 664 1194 quis
674 1166 794 1194 pascatur
804 1170 889 1187 areun-

335 1223 388 1257 92·
412 1211 606 1254 Descripsit
614 1211 713 1244 sedes
724 1213 851 1245 van'as.
870 1212 971 1246 Varie

292 1263 431 1298 Thuan.
446 1269 485 1296 ut
499 1275 602 1308 supra
620 1272 630 1294 τ

370 1318 440 1343 Nam
449 1317 521 1343 varie
532 1317 639 1351 quidam
651 1316 807 1350 fugiuntque
815 1322 967 1351 petuntque.

291 1364 350 1401 An
369 1367 561 1410 Dissepsit,
581 1371 622 1400 ut
635 1365 672 1399 in
686 1365 832 1399 Metam.
851 1365 907 1400 lib.
923 1376 938 1399 1
950 1365 968 1400 ?

289 1418 350 1453 sed
367 1418 454 1452 nihil
469 1425 602 1452 temere
619 1425 718 1452 muta
734 1430 743 1453 z
760 1417 838 1452 vide
852 1416 968 1453 Gisau.

291 1470 370 1506 Ind.
386 1470 523 1505 Lucret.
540 1470 674 1504 HEINS.

334 1523 387 1570 94.
403 1523 622 1567 Scombn'que.
637 1520 738 1555 Idem
749 1546 758 1564 ,
771 1521 964 1563 Scombrus,

290 1572 402 1607 Latin.
414 1576 563 1622 Σκόμβρος
573 1598 583 1616 ,
597 1571 717 1606 Graece
734 1572 943 1606 :Macarello
954 1598 964 1613 ,

290 1624 419 1659 Italice.
439 1624 600 1658 Marinus
617 1623 654 1657 in
677 1622 829 1657 arenosis
853 1622 967 1670 litori-

288 1677 353 1711 bus
373 1682 433 1710 est.
456 1675 560 1710 Clor.
580 1693 624 1701 —-
645 1677 829 1719 Bovesque.
854 1676 966 1709 Boves

290 1727 473 1773 Oppianus
482 1726 625 1761 collocat
636 1725 673 1759 in
685 1737 784 1760 coeno
795 1725 909 1759 maris.
922 1725 966 1759 G.

289 1779 345 1814 De
357 1779 493 1822 Bobus,
505 1778 663 1811 AElianus
676 1803 686 1820 ,
704 1777 760 1811 lib.
775 1788 799 1811 1.
810 1790 838 1811 c.
850 1788 908 1811 xx.
923 1775 966 1812 C.

331 1832 386 1878 95.
417 1832 564 1874 Ilt'ppuri
583 1831 717 1863 celeres.
747 1829 917 1872 Hippums
946 1841 966 1863 a

289 1883 407 1918 caudae
426 1882 563 1927 equinae
584 1879 808 1915 similitudine
832 1892 966 1915 nomen

290 1934 439 1979 accepit,
463 1933 571 1979 pinna
595 1932 721 1967 scilicet
740 1944 759 1965 a
785 1932 894 1976 capite
922 1931 965 1966 ad

288 1986 435 2021 caudam
455 1984 601 2020 deducta
612 2010 621 2027 ,
641 1995 718 2028 quae
732 1982 849 2017 caudae
866 1983 966 2028 equi-

290 2050 346 2073 nae
373 2037 545 2072 simillima
568 2042 619 2070 est
642 2045 651 2067 t
678 2034 793 2069 hieme
822 2035 932 2069 latitat
954 2049 965 2077 3

288 2096 403 2124 aestate
420 2095 558 2123 tantum
582 2087 715 2132 capitur
731 2100 740 2129 ;
765 2087 965 2121 carnivorus

288 2148 340 2176 est
350 2167 359 2185 ,
383 2140 509 2176 nostris
524 2139 679 2173 litoribus
694 2139 832 2184 ignotus
847 2152 855 2180 ;
874 2138 966 2172 His-

288 2192 386 2238 panis
414 2191 571 2236 cognitus
591 2216 600 2234 ‚
638 2203 657 2224 a
678 2190 800 2235 quibus
823 2197 966 2224 vocatur

288 2246 473 2288 Lampuga.
502 2242 626 2276 Giscas,
653 2241 756 2276 CIOF.
789 2261 834 2267 -
856 2243 964 2277 Mam:

287 2297 422 2337 ΜἸνω,
441 2294 573 2328 Latine.
591 2290 696 2343 ἱέραξ,
711 2293 842 2328 Graece.
859 2295 964 2328 Ron-

287 2351 369 2382 dt'na
379 2373 388 2388 ,
417 2346 543 2380 Italice.
574 2345 754 2390 Pelagius;
782 2345 880 2379 altius
900 2358 964 2379 vo-

290 2398 361 2441 lat,
387 2410 494 2442 quam
519 2395 693 2440 hirundo,
720 2404 755 2430 et
776 2396 818 2430 ad
843 2396 963 2442 lapidis

287 2450 419 2494 jactum
433 2462 441 2484 :
454 2448 489 2483 id
503 2454 620 2482 autem
636 2448 722 2482 solet
733 2449 843 2482 facere
853 2474 863 2492 ‚
877 2448 963 2482 dum

286 2501 388 2535 timet
404 2511 416 2533 ιἸ
429 2501 456 2534 it
472 2499 639 2546 gregatim
653 2514 662 2541 ;
683 2499 762 2534 licet
779 2499 963 2535 edentulus

286 2553 350 2595 sit,
368 2552 566 2586 carnivorus
582 2558 700 2586 tamen
717 2558 786 2593 est;
807 2551 962 2597 linguam

288 2604 429 2649 igneam
445 2630 454 2646 ‚
473 2603 704 2638 rubicundam
727 2611 763 2638 et
777 2604 966 2649 splenden-

290 2662 364 2691 tem
380 2655 492 2690 habet.
507 2655 616 2690 IDEM.

332 2707 384 2754 95.
394 2708 430 2741 A
433 2712 448 2740 t
448 2711 617 2751 pretiosus
623 2709 763 2752 Helops,
772 2711 896 2742 nostris
909 2712 963 2743 in-

286 2763 439 2805 cognitus
446 2762 553 2796 uadis,
573 2761 706 2796 Plinius
713 2761 850 2796 nullum
859 2761 962 2797 ordi-

1035 1069 1120 1091 nem
1135 1058 1291 1103 sequitur
1302 1083 1312 1101 ,
1331 1068 1532 1103 quanquam
1546 1056 1712 1104 pleraque

1035 1109 1199 1154 expressit
1212 1123 1222 1151 ;
1251 1108 1311 1144 sed
1336 1116 1413 1155 post
1439 1109 1521 1145 alios
1534 1135 1545 1154 ‚
1573 1110 1633 1155 qui
1655 1109 1713 1146 hic

1033 1167 1229 1206 sequuntur
1242 1187 1252 1205 ,
1279 1159 1322 1195 de
1340 1160 1478 1206 Helope
1501 1161 1549 1196 ita
1568 1168 1712 1196 enotat:

1033 1213 1186 1256 Helopen
1201 1225 1327 1257 quoque
1338 1215 1425 1247 dicit
1434 1225 1509 1247 esse
1522 1217 1646 1248 nostn‘s
1656 1216 1713 1248 in-

1033 1267 1201 1308 cognitum
1216 1266 1324 1298 undis.
1343 1264 1582 1308 Quintilianus
1598 1264 1654 1300 lib.
1666 1275 1712 1308 v,

1034 1328 1075 1350 ex
1087 1315 1216 1351 Nostro
1227 1316 1333 1350 etiam
1348 1315 1453 1350 habet
1463 1328 1471 1350 :
1482 1329 1546 1351 nec
1557 1317 1712 1361 Helopeu

1032 1371 1147 1401 nostro
1155 1369 1361 1402 man'ducas.
1383 1367 1440 1402 An
1449 1380 1533 1413 ergo
1542 1367 1581 1403 in
1593 1368 1670 1404 Pon
1674 1374 1711 1403 to

1029 1425 1171 1457 :tantum
1189 1419 1283 1454 nasci
1294 1418 1442 1454 credidit
1455 1419 1546 1454 Plin.
1559 1419 1576 1454 ἲ
1601 1419 1712 1454 Dixe-

1030 1478 1086 1505 rat
1112 1471 1210 1506 enim
1229 1481 1239 1503 :
1271 1484 1289 1501 «
1303 1470 1370 1506 His
1394 1470 1595 1516 adjiciemus
1618 1470 1712 1517 apud

1032 1521 1203 1558 Ovidium
1218 1523 1330 1569 posita
1343 1523 1488 1570 nomina
1500 1550 1510 1568 ,
1525 1535 1602 1569 quae
1619 1522 1713 1569 apud

1032 1575 1216 1610 neminem
1241 1575 1348 1610 alium
1370 1576 1598 1620 reperiuntur
1612 1602 1622 1620 ,
1649 1575 1712 1611 sed

1029 1626 1180 1661 fortassis
1195 1627 1232 1660 in
1250 1627 1368 1661 Ponto
1377 1634 1579 1662 nascuntur.
1592 1642 1611 1658 ³»
1626 1627 1712 1662 Tri-

1030 1677 1109 1723 plici
1129 1690 1258 1712 errore.
1277 1678 1359 1712 Non
1378 1677 1497 1712 Ovidii
1511 1678 1586 1713 haec
1602 1685 1685 1714 sunt
1699 1705 1711 1721 ,

1031 1727 1089 1762 sed
1103 1754 1112 1772 ,
1136 1729 1164 1762 si
1180 1727 1263 1773 quid
1289 1728 1432 1773 probavi
1445 1754 1456 1772 ,
1483 1727 1604 1763 Gratii.
1636 1729 1713 1765 Nec

1029 1778 1085 1813 hic
1102 1786 1240 1813 tantum
1256 1779 1401 1824 Helopis
1416 1779 1574 1821 mentio;
1596 1779 1657 1814 sed
1674 1785 1713 1814 et

1034 1829 1251 1874 Aristoteles,
1264 1837 1300 1864 et
1310 1829 1485 1866 Hesiodus
1495 1830 1604 1866 Scuto
1615 1831 1714 1865 Her-

1030 1881 1114 1916 culis
1135 1875 1272 1921 ἔλλοπας
1298 1886 1383 1926 ἰχθῦς
1400 1882 1605 1928 indigitavit.
1627 1881 1711 1918 De-

1030 1933 1136 1977 nique
1152 1945 1226 1967 non
1245 1933 1283 1967 in
1304 1934 1441 1978 Ponto,
1468 1933 1530 1968 sed
1547 1934 1585 1968 in
1601 1933 1711 1969 Pam—

1030 1984 1148 2032 phylio
1165 1991 1304 2019 tantum
1320 1984 1410 2019 mari
1424 1985 1558 2030 capitur
1573 2011 1583 2029 ,
1611 1984 1711 2021 testi-

1030 2037 1094 2071 bus
1124 2035 1319 2071 Columella
1347 2044 1383 2071 et
1408 2036 1560 2072 AEliano.
1590 2037 1634 2072 In
1665 2051 1710 2073 eo

1031 2100 1170 2133 quoque
1185 2088 1332 2132 fallitur,
1346 2088 1509 2133 quodlib.
1525 2100 1564 2123 lx
1576 2115 1586 2133 ,
1602 2102 1632 2124 c.
1645 2102 1683 2136 17
1694 2115 1707 2133 ,

1033 2139 1123 2174 dicat
1136 2139 1178 2174 de
1194 2139 1405 2185 Acipensere
1416 2150 1425 2173 :
1438 2155 1455 2170 «
1465 2140 1571 2175 Nullo
1586 2141 1623 2175 in
1639 2141 1708 2175 ho-

1030 2204 1117 2226 nore
1129 2198 1189 2232 est,
1205 2191 1298 2237 quod
1310 2191 1452 2237 quidem
1460 2193 1582 2235 miror,
1595 2205 1708 2238 quum

1029 2244 1072 2278 sit
1102 2256 1201 2278 rarus
1231 2244 1379 2278 inventu
1409 2253 1417 2276 :
1451 2244 1593 2289 quidam
1622 2258 1707 2280 eum

1029 2295 1166 2340 Elopen
1180 2302 1314 2330 vocant.
1326 2310 1343 2325 »
1362 2295 1492 2331 Nostro
1503 2303 1624 2331 contra
1634 2303 1686 2332 est
1694 2323 1708 2342 ‚

1024 2351 1197 2391 pretiosus
1208 2348 1337 2391 Helops
1346 2360 1357 2391 ‚·
1373 2347 1432 2392 qui
1443 2354 1479 2382 et
1489 2353 1686 2393 πολυτίματος
1694 2375 1706 2393 ,

1030 2397 1241 2443 Epicharmo
1264 2412 1273 2440 ;
1313 2398 1375 2433 sed
1406 2399 1477 2444 ipse
1507 2399 1575 2443 sibi,
1599 2400 1707 2435 etiam

1029 2451 1229 2495 obloquitur
1245 2451 1378 2486 Plinius
1391 2477 1401 2496 ,
1417 2458 1455 2486 ut
1466 2451 1648 2487 ostendam
1661 2451 1707 2486 ad

1028 2516 1114 2538 vers.
1132 2503 1194 2536 ult.
1212 2504 1318 2538 Vu'r.

1071 2568 1124 2602 97.
1149 2556 1304 2600 Xt‘pbias.
1332 2555 1447 2590 Plinio
1459 2582 1469 2600 ‚
1494 2569 1566 2602 cap.
1594 2567 1681 2591 xux
1692 2583 1705 2601 ‚

1026 2606 1115 2640 libro
1136 2618 1184 2642 lx.
1222 2609 1257 2642 T
1251 2621 1354 2654 lygon
1379 2614 1531 2642 vocatur.
1552 2608 1607 2642 De
1634 2619 1706 2653 quo

1032 2658 1193 2693 AElianus
1208 2659 1265 2694 lib.
1277 2670 1315 2693 1x
1326 2685 1335 2703 ,
1348 2672 1421 2705 cap.
1430 2670 1493 2704 xc,
1508 2666 1543 2694 et
1552 2660 1608 2694 lib.
1619 2670 1702 2703 xrv,

1027 2722 1099 2755 cap.
1117 2721 1207 2745 xxn.
1224 2710 1406 2757 Oppianus
1422 2711 1478 2746 lib.
1495 2722 1534 2745 11.
1554 2710 1676 2745 Latine
1687 2735 1698 2753 ,

1031 2764 1178 2798 Gladius
1192 2776 1203 2799 .·
1220 2763 1334 2800 Italice
1348 2789 1358 2808 ,
1375 2765 1481 2798 Pesce
1493 2763 1609 2808 spada.
1626 2760 1700 2797 Gis-
