1884 3112
698 246 1091 292 PRAEFATIO.
1571 258 1619 292 xl

193 361 376 409 LATINA
395 357 726 421 cogitaverunt,
754 358 905 422 magni
922 356 1057 410 refert
1073 355 1176 404 illos
1199 355 1332 414 scire,
1366 375 1557 422 quorum
1573 356 1621 404 in

128 478 130 480 v
189 465 348 496 manus
372 445 680 505 inciderimus;
711 458 765 495 ut
794 446 832 495 si
861 445 971 512 quid
989 443 1222 512 promissis
1250 443 1392 511 majus
1418 443 1623 510 protule-

191 534 352 593 rimus,
381 534 750 598 congratulentur
778 554 789 582 :
823 533 862 582 si
888 553 991 582 vero
1025 533 1134 600 quid
1164 533 1317 582 minus
1331 571 1343 592 ,
1371 552 1499 600 aequo
1523 533 1624 599 jure

192 622 438 692 postulent.

254 713 398 762 Porro
428 723 574 761 autem
605 722 811 760 nostrum
839 710 1086 778 unicuique
1113 710 1423 778 praescriptum
1448 710 1624 758 incum-

187 800 326 850 behat
339 839 351 860 ,
393 807 452 850 1⁰.
472 813 525 850 ut
542 812 711 850 textum
729 800 957 850 exhiberet
975 798 1364 862 castigatissimum
1385 817 1396 856 3
1433 797 1555 864 quod
1573 808 1626 845 ut

189 883 517 957 assequeretur,
551 890 641 939 sive
668 890 938 957 optimarum
961 888 1204 939 lectionum
1235 887 1473 936 collatione
1491 924 1504 946 ,
1536 887 1626 936 sive

189 977 325 1027 MSS.
359 998 474 1047 ope,
505 979 545 1028 si
574 998 689 1047 quos
709 980 884 1047 priores
912 978 1123 1028 Editores
1147 976 1215 1026 vel
1242 975 1494 1040 ignorarint
1511 1013 1524 1034 ,
1558 973 1629 1023 vel

187 1065 486 1130 neglexerint,
520 1068 735 1135 cujusque
770 1067 958 1117 arbitrio
991 1066 1344 1135 permittebatur.
1386 1071 1450 1112 2⁰.
1485 1065 1551 1111 Ut
1580 1063 1627 1110 in

184 1153 404 1219 judicium
433 1155 743 1207 addicerentur
774 1158 1043 1224 quicumque
1074 1174 1099 1204 a
1124 1152 1459 1204 renascentibus
1488 1151 1629 1200 literis

189 1243 246 1292 ad
275 1262 361 1293 nos
385 1263 553 1312 usque,
586 1246 772 1295 Latinos
803 1245 1054 1311 Scriptores
1090 1242 1481 1299 adnotationibus,
1506 1259 1629 1289 com-

190 1333 419 1382 mentariis
439 1346 485 1383 et
504 1333 872 1400 interpretatione
892 1332 1196 1390 illustrarunt,
1215 1343 1262 1380 et
1283 1329 1500 1398 quidquid
1525 1328 1629 1377 inde

192 1421 313 1470 succi
336 1433 382 1470 et
402 1421 582 1470 roboris
607 1434 763 1489 posset
785 1422 994 1488 exprimi,
1026 1422 1075 1469 in
1103 1432 1310 1469 nostrum
1340 1439 1457 1487 opus
1486 1431 1629 1468 trans-

190 1509 340 1558 fusum
371 1509 576 1559 influeret
602 1529 614 1558 :
646 1510 707 1558 ita
735 1522 903 1569 tamen,
931 1521 985 1558 ut
1008 1528 1140 1558 suum
1171 1509 1340 1576 ubique
1366 1508 1439 1573 jus
1468 1508 1630 1556 Editor

189 1615 331 1645 novus
343 1597 554 1646 retineret
572 1597 883 1656 abbreviandi,
906 1597 1149 1665 ampliandi
1164 1609 1210 1646 et
1226 1596 1479 1660 corrigendi
1499 1596 1631 1664 quid-

185 1684 295 1752 quid
317 1684 505 1734 brevius
531 1684 802 1749 longius-ve,
829 1698 907 1735 aut
935 1681 1148 1736 mendose
1181 1686 1351 1735 dictum
1380 1686 1628 1754 deprehen-

185 1773 321 1826 deret.
360 1772 426 1822 30.
465 1774 671 1841 Denique
703 1777 879 1841 (neque
900 1775 989 1824 hoc
1011 1775 1256 1842 provinciae
1278 1787 1443 1824 nostrae
1467 1795 1631 1825 munus
1706 1836 1711 1840 ¹

184 1860 488 1925 levissimum)
509 1874 563 1912 ut
585 1862 810 1930 quidquid
830 1863 887 1911 ad
909 1863 1128 1912 sermonis
1147 1864 1445 1913 sinceritatem
1472 1876 1518 1913 et
1537 1864 1629 1913 ele-

186 1951 381 2014 gantiam
402 1963 643 2020 spectaret,
665 1952 887 2019 quidquid
905 1952 962 2001 ad
980 1952 1189 2001 dictionis
1207 1952 1380 2019 lepores
1404 1952 1472 2002 vel
1494 1953 1627 2002 etiam

185 2039 314 2099 vitia,
346 2059 400 2089 eo
413 2040 680 2104 diligentius
702 2040 1010 2099 adnotaretur,
1039 2060 1129 2107 quo
1153 2060 1256 2108 pars
1282 2060 1333 2089 ea
1365 2041 1526 2090 criticae
1558 2041 1627 2090 in-

185 2128 518 2194 terpretationis
548 2127 828 2196 frequentius
871 2129 992 2196 apud
1034 2129 1420 2178 Commentatores
1455 2129 1629 2178 deside-

186 2226 320 2264 ratur.
342 2218 448 2266 Haec
463 2217 636 2267 cunctis
656 2217 867 2266 obeunda
881 2218 1035 2266 munia
1051 2237 1061 2276 ;
1081 2218 1159 2267 sed
1171 2218 1292 2267 vario
1310 2231 1456 2268 tamen
1471 2219 1623 2277 modo,

184 2314 323 2368 prout
347 2305 617 2370 postularet,
644 2306 722 2373 qui
744 2306 904 2373 cuique
930 2306 1132 2373 Scriptor
1153 2306 1514 2373 interpretandus
1538 2308 1625 2356 ob-

185 2390 362 2455 tigisset
390 2413 400 2442 :
428 2394 547 2443 unde
569 2394 643 2455 fit,
668 2407 721 2444 ut
745 2394 801 2444 ad
826 2395 1029 2444 eumdem
1055 2394 1210 2454 finem,
1242 2395 1319 2445 sed
1349 2395 1524 2444 diverso
1547 2397 1623 2444 iti-

183 2499 310 2540 nere,
335 2483 504 2549 pariter
527 2503 681 2533 omnes
704 2485 1086 2534 contenderemus.

250 2571 391 2636 Quod
413 2572 592 2640 quidem
613 2573 662 2622 in
686 2571 956 2624 curriculum
980 2574 1086 2623 licet
1107 2575 1330 2641 promtior
1348 2574 1498 2623 forsan
1511 2613 1523 2633 ,
1546 2594 1629 2624 nec·

180 2658 313 2725 justis
331 2661 464 2710 armis
483 2661 728 2712 instructus
746 2663 1067 2721 descenderim,
1095 2663 1295 2713 conabor
1316 2675 1484 2723 tamen,
1507 2675 1560 2712 ut
1584 2665 1622 2712 si

186 2767 281 2798 non
290 2751 616 2817 proecedentibus
625 2753 838 2803 instantem
854 2774 925 2804 me
938 2766 1210 2822 spectatores
1225 2754 1386 2823 plausu
1402 2754 1562 2804 tollant
1580 2766 1625 2803 et
