1884 3112
61 388 66 392 ⁶
60 349 71 358 1

633 245 1113 293 οοΝεοιΑΤιο.
1364 239 1369 243 ’
1501 248 1594 312 4⁰9

161 339 255 394 Nec
275 335 484 388 nocuisse
507 337 613 399 ulli,
637 352 684 389 et
699 340 925 391 fortunam
944 341 1157 391 habuisse
1179 340 1399 392 nocendi?

224 416 319 465 Nec
343 435 608 484 quemquam
630 438 792 469 nervos
813 420 1068 470 extimuisse
1093 421 1229 470 tuos?

160 494 256 544 Nec
278 494 395 544 vires
418 514 584 546 errasse
609 508 708 547 tuas
729 498 990 566 Campoque
1012 500 1222 565 Foroque
1240 517 1254 561 ;

229 572 465 641 Quamque
487 573 602 624 libet
623 576 734 625 citra
756 577 1030 626 continuisse
1050 576 1263 626 domum?
1546 591 1590 627 50

160 650 332 718 Nempe
354 671 435 718 per
454 651 542 708 hos
565 653 695 702 etiam
712 655 923 703 Fortunae
944 653 1107 720 injuria
1128 672 1275 703 mores

227 728 428 792 Regnat3
453 740 500 777 et
519 728 686 779 incerta
709 742 778 779 est
798 730 872 779 hic
896 749 1077 797 quoque
1098 731 1203 779 nixa
1225 741 1336 779 rota.

162 805 251 855 Hic
275 825 452 874 quoque
475 807 696 857 sentitur:
714 825 771 857 ne
794 808 904 875 quid
927 828 1020 857 non
1041 808 1252 876 improba
1273 821 1449 876 carpat,

225 884 379 943 Saevit3
403 895 449 934 et
470 884 688 950 injustum
706 885 781 951 jus
804 885 894 934 sibi
917 885 1087 953 ubique
1111 885 1231 936 facit.

160 959 339 1010 Scilicet
358 960 570 1010 immunis
593 961 632 1010 si
655 961 803 1012 luctus
826 982 917 1012 una
938 962 1098 1012 fuisset

1550 976 1570 1011 vv

1573 977 1594 1011 vt

224 1038 371 1098 Livia,
395 1040 606 1090 Fortunae
627 1060 765 1104 regna
786 1041 962 1090 minora
982 1040 1166 1091 forent?

160 1117 319 1182 Quid?
340 1117 380 1167 si
402 1137 496 1166 non
517 1118 678 1167 habitu
702 1119 765 1167 sic
787 1138 834 1168 se
858 1120 1068 1183 gessisset
1093 1119 1142 1168 in
1165 1119 1312 1178 omni,

226 1198 292 1246 Ut
313 1216 394 1246 sua
415 1216 510 1247 non
533 1209 682 1247 essent
703 1197 922 1247 invidiosa
941 1198 1094 1247 bona?

162 1273 348 1324 Caesaris
371 1274 483 1324 adde
509 1274 711 1335 domum;
732 1294 830 1343 quae
851 1288 987 1335 certe,
1011 1274 1180 1325 funeris
1202 1295 1381 1343 expers,

158 1412 317 1449 virtutes.
331 1412 486 1460 Legebat
502 1412 659 1450 Clericus
672 1415 779 1459 (Jean
792 1417 843 1450 Le.-

162 1465 274 1508 Clem)
292 1477 304 1500 .·
326 1466 455 1509 Quidve
469 1467 646 1510 pudicitia
668 1467 841 1514 (proficit)

156 1519 260 1553 tutia
270 1520 438 1554 &violata
451 1521 608 1555 bonorum
615 1523 635 1556 ,Ρ

202 1571 257 1616 47.
279 1571 352 1606 Nec
363 1575 518 1606 nocmtcse
529 1574 610 1614 ulli,
621 1576 659 1607 et
662 1571 842 1617 fortunam

155 1622 316 1656 babuisse
326 1624 480 1658 nocendi.
494 1623 600 1659 Hanc
612 1636 753 1670 quoque
763 1624 842 1659 lau-

157 1671 243 1708 dem
257 1673 394 1710 Patere.
407 1673 471 1710 loc.
487 1675 544 1711 cit.
565 1675 672 1711 Liviae
694 1676 816 1716 tribuit
828 1703 839 1722 ,

157 1725 289 1772 «eujus
307 1751 318 1770 ,
341 1726 458 1773 inquit
475 1753 486 1771 ,
512 1727 707 1774 potentiam
731 1741 841 1772 nemo

145 1777 284 1822 ¹sensit,
301 1777 368 1814 nisi
390 1786 452 1814 aut
474 1779 659 1817 levatione.
670 1780 815 1827 periculi
828 1808 839 1828 ,

155 1836 217 1865 aut
232 1831 425 1866 accessione
439 1830 625 1879 dignitatis.
642 1848 660 1864 »

200 1883 326 1930 49-50.
350 1885 424 1919 Nec
437 1886 527 1919 vires
541 1897 672 1920 errasse
684 1890 762 1921 tuas
776 1893 841 1922 etc.

160 1932 262 1979 Quid
276 1934 374 1980 juvat
394 1948 462 1971 nec
481 1937 645 1983 suffragia
666 1938 704 1972 in
721 1939 841 1973 comi-

156 1985 215 2021 tiis
227 2012 238 2030 ,
254 1999 322 2022 nec
336 1987 374 2022 in
390 1987 468 2023 foro
482 1987 611 2033 iudicia
626 1991 818 2037 corrupisse
828 2017 839 2036 ,

157 2051 272 2084 quum
287 2045 478 2087 utrumque
494 2041 556 2077 tibi
568 2067 579 2086 ‚
594 2054 658 2088 pro
676 2043 744 2079 tuis
758 2047 843 2079 viti-

157 2093 221 2126 bus
231 2118 242 2134 ‚
265 2093 364 2138 (quae
389 2100 451 2129 tua
474 2101 527 2130 est
550 2095 727 2140 potentia)
744 2096 841 2132 facile

158 2143 354 2181 admodum
369 2146 523 2183 cessisset
535 2146 603 2182 ?—-
621 2149 792 2195 Quamque
803 2151 844 2183 li-

99 2201 101 2203 ’
159 2199 219 2232 bet
235 2202 324 2234 citm
345 2204 564 2236 constituisse
583 2202 724 2236 domum.
746 2203 844 2237 Vires

158 2250 333 2287 subintell.
349 2259 410 2288 aut
426 2265 570 2296 nervos5
591 2260 627 2288 et
646 2253 694 2289 sic
708 2267 728 2289 e
744 2266 843 2300 prae-

159 2301 359 2348 cedenti·48
367 2331 378 2348 ,
390 2304 651 2351 interpreteris:
664 2306 759 2341 nulla
774 2306 842 2340 do-

159 2367 239 2391 mus
254 2362 306 2392 est
315 2382 326 2400 ‚
339 2357 563 2402 quantumvis
577 2357 718 2393 humilis
735 2360 842 2404 (quae-

157 2406 259 2451 libet)
277 2420 355 2454 quae
371 2408 455 2455 quid
468 2409 574 2455 possis
586 2423 744 2456 unquam
756 2415 842 2447 exti-

158 2463 287 2495 muen't.
297 2460 503 2507 Legendum
515 2462 621 2508 igitur
631 2476 713 2498 cum
723 2464 841 2499 Hein-

157 2511 227 2556 sio,
241 2516 468 2557 continuis-su
485 2514 580 2561 quod
594 2527 677 2561 ego,
690 2523 841 2562 quanta-

158 2577 311 2611 cumque
326 2565 370 2601 sit
382 2578 462 2602 mea
477 2567 514 2601 in
523 2573 656 2603 textum
672 2581 840 2604 reveren-

158 2618 207 2653 tia
219 2644 230 2662 ,
249 2617 418 2662 inducere
441 2624 561 2655 tamen
583 2632 657 2655 non
673 2620 839 2657 dubitavi.

160 2669 223 2705 Est
235 2669 331 2706 enim
342 2670 509 2716 quiddam
523 2671 617 2707 inter
631 2673 839 2709 effrenatam

160 2722 396 2768 quorumdam
417 2723 593 2760 licentiam
605 2751 616 2770 ,
637 2732 672 2760 et
691 2725 839 2762 modes-

160 2775 246 2811 tiam
259 2776 354 2812 alior.
367 2775 480 2813 multo
488 2777 838 2824 circumspectiorem.

952 1418 972 1451 5
978 1430 991 1451 1
997 1443 1005 1450 .
1014 1417 1143 1460 Nempe
1147 1429 1214 1460 per
1222 1418 1285 1451 bos
1293 1427 1411 1450 mores.
1421 1415 1595 1451 Nonnihil

906 1466 1012 1502 locus
1032 1466 1088 1503 hic
1114 1467 1220 1502 habet
1250 1466 1461 1502 difficultatis
1476 1493 1487 1510 ‚
1515 1479 1594 1512 quae

906 1526 1027 1555 tamen
1051 1520 1168 1555 omnis
1191 1520 1396 1564 evanuerit,
1419 1518 1527 1554 modo
1550 1519 1595 1554 ad

905 1573 1163 1608 sententiarum
1187 1573 1281 1608 inter
1300 1586 1336 1608 se
1363 1572 1528 1607 ordinem
1557 1579 1595 1607 et

905 1625 1132 1660 concordiam
1163 1625 1267 1671 paulo
1298 1625 1500 1671 respexeris.
1527 1626 1598 1659 Per

905 1679 968 1711 bos
983 1690 1092 1712 mores
1106 1676 1396 1724 intelligendum,
1414 1689 1496 1712 meo
1513 1676 1595 1722 qui-

905 1729 990 1764 dem
1004 1729 1155 1775 judicio,
1178 1729 1222 1765 de
1239 1729 1279 1765 iis
1304 1729 1517 1775 principibus
1534 1729 1593 1776 qui

903 1781 1122 1817 insolentiori
1138 1782 1306 1829 potentiae
1321 1794 1393 1817 suae
1405 1795 1470 1816 usu
1481 1808 1491 1826 ,
1506 1782 1591 1816 ani—

904 1846 982 1869 mos
990 1842 1194 1881 exasperant
1203 1849 1211 1877 ;
1220 1834 1336 1880 sicque
1346 1835 1498 1869 fortunae
1508 1834 1593 1869 sub-

904 1886 1062 1922 serviunt
1075 1886 1172 1922 inscii
1185 1913 1195 1930 ,
1212 1899 1290 1932 quae
1307 1886 1405 1921 brevi
1424 1899 1443 1921 a
1455 1886 1592 1921 miseris

905 1951 1025 1984 poenas
1041 1938 1169 1984 repetit
1182 1938 1309 1972 favoris
1325 1938 1387 1972 sui.
1402 1938 1511 1973 Unde
1528 1937 1569 1972 fit
1580 1964 1592 1982 ,

907 1997 947 2024 ut
960 1990 1106 2026 miscere
1118 1990 1353 2037 principatum
1363 2003 1445 2025 cum
1456 1990 1594 2036 publica

906 2043 1065 2078 libertate
1077 2043 1121 2078 sit
1134 2056 1189 2078 res
1201 2042 1362 2077 omnium
1375 2041 1593 2085 difficillima;

906 2096 1079 2142 statioque
1097 2097 1111 2139 (
1119 2095 1155 2129 in
1166 2100 1243 2129 rota
1259 2094 1424 2137 fortunae)
1439 2095 1591 2129 maxime

906 2147 1048 2183 lubrica.
1072 2146 1170 2183 Nihil
1192 2146 1285 2181 aliud
1300 2173 1310 2191 ‚
1330 2146 1437 2182 credo
1453 2173 1463 2191 ,
1488 2154 1593 2194 poeta

909 2200 1019 2235 voluit
1035 2199 1197 2235 innuere.

952 2253 1004 2288 53.
1021 2253 1076 2289 Ne
1085 2253 1169 2298 quid
1176 2257 1242 2286 etc.
1258 2252 1334 2286 Neu
1345 2251 1402 2287 vel
1410 2265 1491 2288 neve
1507 2265 1589 2289 cum

909 2304 1066 2340 Heinsio
1082 2304 1165 2350 legit
1182 2302 1236 2338 Cl.
1252 2302 1357 2339 Beck.

952 2358 1005 2401 54.
1026 2356 1264 2402 Injustumjus
1277 2358 1349 2391 sibi
1355 2359 1474 2403 ubique
1482 2357 1592 2402 facil.

907 2409 989 2444 Hoc
1001 2408 1065 2444 sibi
1079 2409 1221 2444 fortuna
1236 2416 1375 2457 arrogat
1389 2410 1517 2456 injuste
1526 2437 1536 2452 ‚
1550 2417 1592 2446 ut

905 2465 1025 2508 ubique
1043 2461 1258 2498 dominetur.

951 2517 1004 2550 55.
1016 2517 1177 2550 Immanis
1183 2518 1346 2551 st‘luclus.
1359 2517 1523 2551 lacubus
1534 2528 1591 2550 vo-

904 2569 998 2604 lebat
1014 2569 1179 2605 Heinsius
1187 2582 1195 2605 :
1203 2569 1263 2604 sed
1272 2569 1357 2604 nihil
1367 2568 1577 2604 mutandum
1584 2596 1591 2604 .

950 2624 1002 2668 57.
1023 2624 1139 2666 Quid?
1153 2626 1261 2657 sinon
1273 2625 1390 2658 habitu
1405 2628 1470 2657 etc.
1490 2622 1588 2658 For—-

904 2681 1000 2710 tunae
1010 2673 1077 2710 hoc
1092 2675 1185 2710 laudi
1197 2675 1330 2719 tribuit,
1342 2687 1419 2720 quae
1431 2675 1537 2710 talem
1550 2687 1587 2709 se

903 2740 1043 2773 semper
1053 2734 1214 2774 gesserat,
1225 2741 1295 2774 quo
1306 2727 1496 2771 minorem,
1507 2739 1586 2773 quae

902 2779 1048 2828 largitur
1059 2781 1165 2825 bona,
1182 2779 1351 2817 invidiam
1358 2780 1413 2816 sui
1422 2773 1587 2815 facerent.
