1884 3112
0 2689 3 2705 --
0 2663 7 2677 a«
0 2515 12 2646 *wrm-“Afi-
0 2486 11 2503 ⁴:-
0 2455 3 2464 ·*
0 2436 4 2443 ¹
0 2399 5 2420 *w
0 2352 3 2355 <
0 2195 7 2226 -Ὓι
0 2174 2 2178 ⁷
4 2160 7 2161 ,
0 2136 3 2146 -
0 2079 5 2093 v„
0 2038 9 2063 a*
0 2007 6 2022 „⁴
3 1976 11 1981 ,
0 1905 6 1960 ⁷...-

600 268 869 314 OENONE
911 266 1171 312 PARIDI.
1518 281 1595 308 111

238 363 354 428 Quae
375 361 508 412 toties
531 373 657 429 rapta
679 373 747 411 est
760 399 772 421 ‚
797 360 993 429 praebuit
1010 360 1109 428 ipsa
1123 359 1232 426 rapi.

171 441 236 491 At
254 451 404 490 manet
425 440 616 490 OEnone
638 439 810 489 fallenti
831 451 948 488 casta
966 437 1126 487 marito
1153 457 1164 486 z

236 519 298 566 Et
320 529 499 586 poteras
518 517 613 567 falli
632 517 810 581 legibus
833 517 928 584 ipse
952 516 1055 564 tuis.

3 604 13 658 ‚J
69 581 72 584 ⁴
119 618 121 620 ·
173 595 250 644 Me
273 595 417 663 Satyri
439 595 620 655 celeres,
641 595 764 644 silvis
787 613 870 657 ego
895 604 1009 642 tecta
1031 591 1248 649 latebam,
1545 595 1605 640 133

240 673 526 738 Quaesierunt
547 672 705 740 rapido
718 708 730 730 ‚
756 670 890 720 turba
910 681 1140 737 proterva,
1164 668 1276 735 pede
1295 686 1304 714 ε

177 750 558 818 Cornigerumque
582 760 716 819 caput
737 747 848 815 pinu
872 745 1138 815 praecinctus
1163 757 1291 794 acuta

239 828 441 886 Faunus,
463 827 511 876 in
531 825 759 875 immensis
782 843 871 892 qua
898 835 1039 874 tumet
1060 823 1139 871 Ida
1159 823 1293 888 jugis.

175 904 252 954 Me
273 903 360 953 fide
381 902 651 970 conspicuus
673 901 821 967 Trojae
844 901 1046 950 munitor
1068 900 1256 949 amavit:

238 980 319 1030 Ille
341 987 448 1030 nleae
471 979 667 1048 spolium
685 979 955 1043 virginitatis
977 979 1144 1028 habet:
1548 994 1608 1037 140

175 1060 229 1111 Id
253 1079 430 1128 quoque
453 1059 664 1109 luctando
687 1078 697 1108 :
716 1059 821 1127 rupi
843 1071 990 1108 tamen
1010 1077 1161 1122 ungue
1185 1057 1392 1125 capillos,

171 1235 174 1238 ’
222 1223 295 1259 132.
314 1225 398 1269 Qun
413 1227 516 1259 {oties
524 1227 623 1269 rapta
633 1227 699 1258 est.
716 1223 748 1258 A
763 1222 856 1258 The-

174 1288 236 1311 seo
248 1275 404 1323 primum
414 1303 424 1322 ,
441 1275 568 1311 deinde
581 1276 708 1322 abipso
718 1275 856 1311 Paride.

176 1345 220 1356 —
230 1329 382 1364 Praebuit
389 1331 467 1374 ipsa
480 1332 564 1374 mpi.
580 1328 648 1362 Vix
663 1326 858 1374 quidquam

176 1381 363 1427 excogitari
368 1381 475 1428 possit
482 1380 692 1426 injuriosius.
707 1379 792 1425 Qua
802 1392 859 1414 au-

177 1439 252 1468 tem
258 1433 418 1468 facilitate
425 1435 621 1478 mpla-ndum
627 1434 857 1477 sepmbumv,

178 1483 319 1520 vidend.
334 1484 427 1531 apud
446 1484 589 1520 Coluth.
599 1487 643 1520 de
657 1486 775 1530 Rapta
785 1486 862 1519 He-

176 1539 264 1572 lene
279 1547 292 1579 ‚·
310 1536 379 1572 300
388 1563 400 1582 ,
414 1550 489 1584 sqq.

226 1588 298 1624 133.
327 1589 384 1625 At
393 1593 512 1625 mne!
527 1590 658 1625 OEaonc
682 1597 747 1625 etc.
776 1588 860 1624 Ad·—

180 1639 283 1677 ducta
301 1641 383 1677 satis
406 1642 642 1688 superque'in
662 1642 860 1688 suspectio-

180 1705 264 1728 nem
279 1700 321 1728 et
337 1700 583 1741 contemptum
598 1695 718 1742 pellice
733 1722 743 1739 ,
765 1694 808 1730 ad
824 1709 860 1730 se

178 1743 271 1780 redit
283 1745 444 1789 OEnone;
451 1754 488 1782 et
498 1747 679 1783 contrariis
687 1748 862 1783 contraria

178 1797 394 1843 rependens,
408 1798 517 1835 fidam
527 1807 726 1847 castamque
742 1801 863 1836 OEno-

179 1847 534 1895 nensffalletetimm'1³105
543 1853 689 1900 opponit
699 1854 860 1898 Helenae,

183 1914 260 1948 quoe
275 1902 461 1940 credulum
484 1906 674 1952 conjugem
690 1919 765 1941 non
788 1906 862 1940 du-

181 1955 303 1991 bitavit
327 1955 499 2004 decipere.
516 1977 561 1984 —
576 1960 693 1994 Casta.
715 1959 863 1994 Mallem

171 2009 260 2054 fida.
276 2008 411 2045 Hms.

232 2061 302 2106 134.
313 2062 458 2097 Poteras
459 2063 554 2108 salli
558 2065 688 2108 legibus
702 2066 776 2108 ipse
788 2067 866 2098 luis.

172 2111 515 2160 -Exemploaseilicet,
531 2115 627 2161 quod
642 2116 713 2162 ipse
727 2115 815 2151 mihi
827 2122 867 2150 tu

185 2164 398 2209 prabum-an
415 2179 483 2204 nee
492 2167 603 2204 defuit
614 2169 764 2212 occasio;
782 2181 868 2204 nam

185 2229 239 2252 m
251 2216 364 2265 scisti
377 2221 505 2255 celeret
526 2228 590 2256 etc.
615 2221 674 2257 sic
688 2221 869 2268 eleganter

187 2267 280 2315 apud
300 2269 379 2305 val.
400 2271 493 2308 nac
507 2269 564 2308 lib.
581 2283 621 2307 xv
634 2299 644 2317 ,
662 2273 706 2308 de
730 2274 868 2322 Amyco

186 2322 346 2358 caestibus
359 2335 380 2358 a
396 2322 538 2360 Polluce
551 2325 736 2360 interfecto
747 2353 756 2370 ,
773 2326 869 2372 quod

187 2386 299 2421 genus
309 2387 434 2422 pugne
440 2376 511 2423 ipse
519 2378 772 2423 praescripserat
777 2378 871 2414 Gra-

186 2427 248 2472 iis,
266 2426 380 2475 Lycus
395 2428 463 2464 ait:
726 2448 729 2453 ν

388 2488 497 2515 aenove
507 2490 589 2522 magi·
599 2489 713 2522 lut-mu
727 2494 753 2514 et
764 2491 845 2515 armis

186 2535 360 2562 Prae-almis„
371 2538 450 2570 meio,
467 2546 548 2572 quan
556 2538 689 2573 logeqnod
696 2538 792 2564 oceidit
802 2539 872 2565 uluis

187 2585 253 2620 Ipu
268 2594 324 2612 ua-

191 2633 265 2670 Ubi
278 2634 479 2671 notandum
493 2638 584 2671 ullus
605 2635 697 2672 sumi
717 2636 872 2683 passive3

178 2709 182 2715 x
192 2699 259 2731 nec
267 2688 462 2724 audiendus
473 2687 611 2733 Carrio,
621 2689 680 2735 qui
688 2688 875 2724 lectionem

192 2752 283 2780 usus,
294 2753 400 2786 quam
406 2741 517 2776 vitiosi
525 2740 659 2776 codices
667 2741 808 2785 habent,
818 2741 876 2776 de·

195 2791 308 2828 rendit
317 2807 326 2836 ς
339 2793 376 2828 in
384 2793 557 2839 plerisque
566 2794 671 2829 etiam
678 2796 814 2829 accidit.
827 2793 876 2828 H.

970 1221 1042 1256 136.
1055 1223 1277 1266 Quaesierant.
1288 1222 1510 1265 Quoesierunl,
1522 1222 1609 1257 liber

921 1272 1122 1309 chartaceus
1143 1273 1369 1309 Lovanieusis
1380 1301 1390 1318 ,
1416 1281 1452 1309 et
1474 1274 1584 1320 placet
1601 1288 1609 1309 :

921 1326 969 1361 sic
975 1330 1150 1366 steterunt,
1164 1327 1338 1367 dederunt,
1351 1329 1509 1367 tulerunt,
1523 1334 1558 1361 et
1570 1327 1610 1361 si-

923 1377 1031 1422 milia,
1041 1377 1235 1424 penultima
1244 1378 1371 1426 syllaba
1383 1386 1554 1424 correpta.
1562 1380 1610 1413 H.

970 1430 1041 1464 138.
1070 1432 1147 1474 Qua
1173 1434 1281 1464 tumel
1302 1432 1377 1465 Ida.
1406 1431 1478 1465 Ubi
1500 1432 1610 1477 magis

923 1481 1031 1531 densa
1052 1489 1105 1517 est
1121 1482 1321 1526 arboribus,
1340 1483 1395 1517 vel
1409 1483 1518 1528 magis
1535 1483 1612 1518 alta.

925 1533 1098 1570 Ceterum
1115 1534 1256 1581 plurimi
1269 1534 1388 1580 scripti
1405 1535 1537 1569 habent
1550 1561 1559 1579 ,
1576 1540 1614 1569 et

922 1590 1095 1622 immensis
1105 1600 1171 1632 qua
1182 1591 1290 1621 lumel
1298 1587 1489 1632 Idajugis,·
1505 1600 1612 1634 quare

922 1640 1014 1675 sorte
1029 1639 1220 1686 legendum
1238 1652 1247 1674 ε

923 1700 970 1725 Me
983 1700 1070 1734 Satyri
1083 1700 1176 1725 celeres
1184 1719 1192 1731 ,
1208 1700 1283 1725 silvis
1294 1708 1342 1733 ego
1358 1704 1426 1725 tecta
1438 1699 1567 1733 lntehnm;

957 1749 1124 1782 Quesierunt
1134 1768 1142 1781 ‚
1157 1749 1246 1783 rapido
1259 1749 1336 1775 turba
1349 1755 1471 1783 proterva
1484 1751 1549 1783 pede
1562 1759 1569 1783 ς

925 1799 1149 1832 Cornigerumque
1160 1804 1238 1832 caput
1250 1799 1316 1832 pinu
1327 1799 1482 1832 procinctus
1495 1804 1571 1824 acuta

956 1849 1064 1874 Faunus
1072 1866 1081 1879 ,
1096 1852 1122 1872 et
1135 1848 1268 1873 immensis
1281 1857 1334 1882 qua
1344 1853 1427 1873 tumet
1441 1849 1490 1873 Ida
1501 1848 1580 1882 jugis.

928 1904 1158 1950 Quaesierunt
1170 1917 1227 1939 me
1244 1905 1362 1952 Satyri
1375 1912 1411 1940 et
1423 1906 1566 1940 Faunus
1577 1905 1614 1940 in

924 1958 1036 2001 silvis,
1053 1964 1088 1992 et
1103 1957 1235 1992 montis
1254 1957 1326 1992 Idae
1341 1957 1441 2003 jugis.
1460 1958 1592 1993 Bunm.

976 2010 1048 2057 139.
1064 2011 1123 2044 Me
1125 2011 1202 2055 fide
1213 2013 1412 2055 conspicuus
1426 2017 1491 2045 etc.
1504 2010 1617 2056 Apol-

927 2061 1038 2096 linem
1066 2061 1224 2107 designat
1239 2088 1248 2105 ,
1282 2062 1341 2107 qui
1349 2064 1446 2108 fide,
1475 2062 1510 2097 id
1541 2070 1615 2106 est,

925 2113 1074 2160 cythara
1087 2140 1096 2157 ,
1128 2120 1201 2148 arte
1229 2114 1360 2149 musica
1392 2118 1592 2160 conspicuus
1605 2142 1614 2156 ‚

930 2178 1001 2212 prae
1015 2165 1146 2201 caeteris
1161 2166 1318 2212 insignis,
1335 2174 1372 2201 et
1385 2167 1517 2212 Trojae,
1533 2179 1615 2201 cum

932 2218 1119 2264 Neptuno,
1135 2222 1290 2262 munitor,
1305 2219 1415 2265 ipsam
1430 2219 1618 2254 vehemen-

933 2278 988 2306 ter
1003 2271 1131 2306 amavit
1145 2285 1154 2313 3
1185 2278 1221 2306 et
1232 2274 1374 2316 spolium
1389 2271 1533 2318 quidem
1549 2275 1621 2306 vir-

929 2326 1105 2368 ginitatis,
1130 2323 1282 2358 victoriae
1295 2324 1454 2375 signum,
1477 2325 1618 2367 retulit;

934 2375 995 2411 sed
1011 2388 1085 2410 non
1104 2375 1179 2410 sine
1197 2389 1332 2422 pugna;
1349 2377 1410 2412 sed
1428 2377 1540 2423 ruptis
1553 2389 1619 2411 ca·-

935 2428 1022 2474 pinis
1033 2454 1042 2471 ,
1061 2433 1095 2462 et
1108 2439 1168 2462 ora
1184 2429 1334 2474 turpiter
1348 2429 1525 2463 laceratus.
1542 2428 1622 2463 Sic-

936 2493 1004 2526 que
1019 2479 1075 2513 vel
1086 2479 1197 2525 ipsam
1209 2479 1345 2515 cladem
1361 2479 1621 2516 commendata

935 2543 1085 2579 persona
1098 2532 1252 2573 victoris;
1270 2539 1307 2566 et
1321 2532 1420 2567 victae
1430 2559 1439 2577 ,
1454 2531 1497 2567 ad
1513 2531 1624 2567 obsis-

936 2583 1086 2620 tendum
1098 2610 1108 2627 ‚
1126 2584 1357 2619 contumacia.

986 2638 1057 2680 141.
1078 2638 1175 2681 Rupi
1197 2640 1310 2671 tamen
1335 2649 1445 2681 ungue
1468 2639 1622 2682 capillos.

939 2689 1022 2726 Non
1037 2701 1136 2733 suos,
1154 2695 1194 2723 ut
1209 2696 1295 2735 puto
1306 2715 1315 2733 ,
1336 2688 1397 2725 sed
1414 2688 1538 2724 Phoebi
1557 2702 1623 2724 ca—

940 2741 1038 2789 pillos
1049 2741 1144 2787 rupit
1154 2755 1162 2783 ;
1176 2748 1211 2775 et
1223 2741 1271 2776 sic
1283 2741 1390 2775 etiam
1401 2742 1492 2787 cepit
1501 2740 1623 2776 Ruhn-

940 2794 1021 2829 ken.
1049 2793 1156 2839 Epist.
1176 2791 1265 2829 crit.
1281 2804 1313 2838 1,
1338 2807 1371 2839 p.
1393 2807 1444 2840 72.
1461 2793 1623 2828 Limum.
