1884 3112
313 275 344 305 x
828 264 1210 310 PRAEFATIO.

313 372 359 420 in
372 371 482 420 illud
496 371 727 420 discrimen
742 372 930 421 adducat
939 410 951 432 ‚
968 374 1084 422 unde
1098 374 1165 424 vel
1180 375 1265 442 ipsi
1274 376 1486 439 naufrago
1498 376 1568 425 vix
1582 388 1727 443 pateat

312 457 544 520 effugium,
579 478 630 507 eo
664 459 801 507 serius
833 458 938 507 facti
969 460 1291 527 imprudentem
1318 463 1573 530 poenitebit,
1605 464 1726 530 quod

310 545 461 594 nullus
485 547 574 610 jam
602 546 660 594 sit
684 547 954 610 corrigendis
972 549 1088 598 votis
1102 549 1247 609 locus,
1273 562 1317 599 et
1334 570 1453 599 nunc
1472 563 1725 618 exspectan-

311 632 438 691 dum,
465 632 573 698 quid
597 632 649 681 de
674 633 812 682 salute
832 646 1019 684 statuere
1037 637 1177 685 ventis
1197 649 1241 685 et
1257 638 1366 685 mari
1385 637 1575 686 libuerit.

371 722 439 769 Ne
470 731 533 779 te,
562 722 742 779 Lector,
780 720 959 784 longius
985 723 1241 783 distineam,
1271 723 1363 772 haec
1389 724 1442 772 de
1472 723 1551 772 illo
1574 722 1724 772 fabula

306 826 362 855 ne
374 807 598 873 quondam
610 820 823 869 narretur,
840 809 1077 858 verendum
1091 822 1170 867 est,
1189 829 1317 876 quem
1331 810 1582 859 inconsulta
1591 811 1723 858 nimis

306 895 489 944 ambitio
515 896 564 943 in
586 896 673 945 hoc
699 897 823 963 quasi
843 916 993 963 aequor
1026 897 1294 946 Ovidianum
1320 898 1549 946 immiserit
1569 898 1722 964 praeci-

304 983 453 1048 pitem.
493 984 759 1051 Suscipienti
782 985 960 1051 quidem
977 985 1086 1033 mihi
1106 986 1315 1052 opinione
1333 986 1541 1051 majorem
1556 982 1724 1049 *edendi

304 1069 496 1117 Nasonis
525 1071 796 1136 provinciam
830 1071 968 1120 multa
997 1072 1271 1131 arridebant,
1302 1092 1399 1140 quae
1417 1071 1722 1140 impellerent;

302 1157 430 1224 plura
441 1177 543 1206 vero
562 1158 819 1208 debuissent
834 1179 858 1208 a
871 1161 1107 1227 proposito
1125 1161 1339 1210 deterrere
1361 1181 1371 1210 :
1391 1161 1468 1210 sed
1484 1160 1578 1219 hic,
1601 1161 1724 1227 quod

303 1246 475 1312 saepius,
490 1247 653 1295 factum
663 1259 742 1305 est,
757 1260 809 1296 ut
820 1248 962 1314 ipsius
974 1248 1037 1296 rei
1050 1249 1244 1297 novitate
1258 1260 1301 1297 et
1311 1248 1530 1297 illecebris
1545 1259 1722 1314 captum

299 1333 471 1396 sugeret
492 1334 713 1401 quidquid
742 1335 905 1384 inesset
924 1335 1136 1402 periculi;
1168 1348 1214 1385 et
1229 1336 1342 1385 nihil
1366 1348 1524 1403 praeter
1543 1354 1720 1385 veneres

300 1422 617 1490 cupidinesque
659 1435 803 1472 mente
841 1424 1122 1490 praeciperem
1143 1461 1156 1489 ,
1206 1424 1253 1472 in
1293 1424 1536 1474 enarrando
1589 1435 1722 1490 poeta

299 1510 498 1558 omnium
527 1511 823 1559 amoenissimo
854 1511 986 1560 simul
1016 1524 1061 1561 et
1093 1512 1464 1575 ingeniosissimo.
1500 1510 1721 1559 Incitabat

296 1609 503 1663 praeterea
525 1597 657 1646 ardor
685 1598 866 1646 aemulus
897 1599 1067 1666 aliquid
1087 1619 1170 1666 pro
1197 1599 1366 1648 viribus
1390 1599 1437 1646 in
1456 1597 1719 1661 exigendum

295 1697 631 1733 monumentum
672 1685 952 1744 conferendi,
996 1686 1118 1752 quod
1154 1687 1241 1735 sibi
1283 1684 1506 1752 quondam
1543 1678 1719 1732 Gallicae

295 1773 437 1820 Musae
454 1773 688 1839 proprium
705 1773 989 1823 vindicarent.
1014 1773 1253 1822 Puduisset
1273 1772 1382 1822 rude
1397 1772 1487 1837 jam
1506 1771 1718 1820 donatum

293 1861 592 1927 professorem
607 1874 720 1910 stare
740 1863 933 1911 otiosum
947 1900 958 1920 ,
971 1863 1018 1910 in
1031 1861 1250 1927 frequenti
1266 1861 1463 1909 omnium
1476 1878 1714 1915 concursu,
1732 1853 1734 1856 ’

295 1948 372 2014 qui
399 1960 488 1997 tam
515 1949 768 1998 honorandi
792 1950 986 1998 muneris
1014 1949 1289 1998 subeundam
1320 1961 1489 2015 partem
1519 1947 1715 2013 undique

294 2037 604 2086 sollicitabant.
634 2040 726 2086 Nec
752 2038 841 2085 dux
867 2037 1031 2100 agmini
1056 2049 1211 2086 nostro
1249 2037 1395 2085 deerat
1412 2073 1424 2094 ,
1459 2035 1535 2101 qui
1566 2034 1713 2082 dubiis

293 2121 425 2172 fidem
443 2162 454 2183 ,
494 2125 562 2173 vel
589 2125 926 2191 desperantibus
959 2143 1083 2191 spem
1120 2123 1266 2171 verbis
1298 2122 1506 2179 adderet;
1545 2132 1589 2168 et
1623 2140 1712 2186 quo

291 2213 505 2275 flagrabat
531 2214 652 2279 ipse,
682 2214 831 2262 studio
857 2224 1040 2261 cunctos
1071 2211 1335 2259 incenderet.
1375 2208 1624 2258 Accedebat
1657 2208 1712 2256 ad

289 2300 382 2348 haec
411 2300 552 2366 ipsius
580 2301 727 2366 operis
751 2300 999 2356 instituti0‚
1036 2317 1149 2364 quac,
1182 2309 1235 2345 ut
1271 2309 1362 2346 erat
1393 2298 1536 2363 prima
1565 2308 1710 2345 mente

290 2398 524 2452 concepta,
542 2387 818 2453 digestaque,
835 2406 929 2434 non
947 2386 1007 2433 ita
1021 2404 1066 2433 se
1085 2384 1308 2433 difficilem
1322 2385 1568 2452 praebebat,
1580 2402 1709 2450 quam

288 2494 382 2522 non
414 2474 722 2537 aggrederetur
755 2475 821 2522 vir
855 2473 1118 2539 quicumque
1150 2491 1176 2520 a
1211 2471 1350 2520 literis
1385 2472 1579 2538 antiquis
1615 2489 1707 2517 non

288 2561 456 2609 alienus
469 2598 480 2619 ,
501 2574 546 2610 et
557 2561 694 2623 longo
715 2561 819 2610 satis
832 2559 1011 2627 publice
1029 2559 1216 2607 docendi
1234 2578 1319 2608 usu
1338 2557 1542 2608 cumillis
1559 2557 1709 2623 Scrip-

290 2649 464 2697 toribus
487 2661 789 2708 conversatus,
817 2649 893 2716 qui
920 2647 1094 2696 Classici
1109 2646 1243 2710 vulgo
1271 2646 1556 2707 celebrantur.
1583 2644 1707 2708 Quid

287 2736 403 2784 enim
433 2736 521 2784 sibi
552 2737 893 2803 proposuerint,
927 2736 1002 2801 qui
1026 2735 1172 2801 primi*
1194 2735 1246 2788 de
1271 2735 1352 2783 hac
1377 2735 1704 2782 BIBLIOTHECA
