1884 3112
327 243 413 335 4258

701 279 754 322 P.
795 278 1030 325 OVIDII
1068 277 1367 325 NASONIS

392 372 587 438 Parsque
608 369 695 419 loci
710 408 722 429 ‚
749 390 836 437 qua
855 367 923 420 s'to
938 409 950 430 ‚
972 371 1151 438 p'ublica
1171 391 1282 439 pene
1304 373 1372 421 via
1395 384 1473 422 est.
1688 389 1734 424 60

328 450 427 507 Me,
453 461 545 497 sata
564 468 619 498 ne
642 447 813 507 laedam,
841 450 1051 515 quoniam
1075 461 1168 498 sata
1189 449 1342 498 laedere
1366 450 1506 510 dicor,

392 528 513 574 Imus
535 525 582 576 in
609 538 802 575 extremo
824 527 1018 590 margine
1041 527 1205 575 fundus
1227 527 1374 576 habet.

328 604 432 652 Non
454 603 564 651 mihi
586 603 674 652 falx
696 604 853 652 nimias
876 605 1083 653 Saturnia
1106 605 1288 671 deputat
1309 605 1515 655 umbras:

395 681 608 729 Duratam
630 693 813 730 renovat
834 701 927 730 non
947 682 1057 730 mihi
1077 682 1223 730 fossor
1243 682 1439 732 humum.

331 756 433 806 Sole
457 757 558 806 licet
580 758 780 825 siccaque
803 758 876 808 siti
899 760 1095 826 peritura
1117 759 1334 819 laborem,
1693 752 1738 808 65

341 891 345 894 .
395 835 577 897 Irriguae
601 835 779 885 dabitur
800 856 893 885 non
915 837 1024 885 mihi
1048 837 1196 886 sulcus
1218 857 1352 903 aquae.

331 911 395 960 At
418 931 555 978 quum
575 925 765 963 maturas
787 914 891 963 fisso
918 934 1033 963 nova
1055 915 1216 963 cortice
1239 916 1370 963 rimas

397 989 500 1037 Nux
523 991 631 1053 agit,
658 991 713 1039 ad
735 1004 881 1057 partes
904 993 1070 1058 pertica
1093 1011 1202 1040 saeva
1222 993 1342 1040 venit
1361 1010 1372 1040 :

334 1064 507 1115 Pertica
530 1067 604 1115 dat
627 1068 772 1134 plenis
795 1069 981 1117 immitia
999 1068 1180 1118 vulnera
1201 1069 1357 1127 ramis;

400 1144 466 1192 Ne
487 1145 653 1211 possim
676 1145 874 1212 lapidum
896 1146 1077 1195 verbera
1099 1145 1195 1194 sola
1218 1145 1355 1212 queri.
1450 1175 1456 1182 ·
1702 1166 1744 1202 7⁰

337 1226 475 1276 Poma
498 1228 683 1287 cadunt,
708 1230 871 1278 mensis
889 1249 982 1277 non
1004 1229 1238 1278 interdicta
1260 1225 1483 1278 secundis:

402 1311 463 1358 Et
486 1312 639 1360 condis
663 1311 795 1361 lectas
810 1350 822 1371 ‚
848 1332 979 1379 parca
1001 1312 1175 1370 colona,
1200 1331 1348 1360 nuces.

339 1395 432 1443 Has
455 1414 566 1461 puer
589 1407 665 1444 aut
683 1408 828 1445 rectus
851 1408 969 1445 certo
989 1395 1213 1445 dilaminat
1234 1395 1347 1453 ictu;

341 1541 432 1574 mibi.
458 1540 572 1586 Lege',
605 1543 784 1585 Invenias,
809 1546 870 1588 qui
886 1545 945 1578 det
966 1545 1021 1579 nil

343 1591 428 1623 mihi
437 1616 445 1630 ,
462 1595 587 1634 prater
601 1594 733 1627 humum
749 1606 760 1628 ,·
778 1606 862 1628 narn
885 1594 922 1628 in
943 1606 1015 1628 uno

344 1642 515 1676 Vaticano
528 1669 537 1686 ,
556 1645 708 1679 Inveniet
726 1648 786 1690 qui
803 1648 863 1680 det
883 1649 941 1680 nil.
967 1646 1014 1680 H.

345 1694 453 1729 Recte
467 1719 476 1737 ,
490 1699 655 1738 invenias,
670 1697 835 1732 Heinsius
850 1711 858 1733 :
872 1710 954 1732 nam
969 1698 1017 1732 ita

343 1747 430 1790 solet
449 1748 585 1783 Noster.

389 1799 441 1833 51.
476 1801 640 1843 Quoniam
665 1805 744 1836 sala
770 1803 889 1836 ladem
915 1804 1016 1837 dicor.

349 1851 482 1886 callide
497 1878 506 1896 ,
526 1866 592 1887 nec.
606 1853 801 1898 inficiatur,
825 1854 919 1899 quod
933 1867 1018 1888 ma-

347 1904 513 1938 nifestum
533 1911 608 1940 est:
629 1919 695 1941 nec
715 1907 867 1952 agnoscit
884 1932 893 1951 ,
925 1906 1019 1952 quod

347 1963 423 1991 erat
439 1957 651 1992 obfuturum.
673 1957 818 1993 ERASM.

392 2008 444 2042 62.
468 2010 569 2044 Imus.
594 2011 686 2043 Imus
689 2009 823 2053 fundus
834 2037 842 2050 ‚
862 2022 926 2054 pro
943 2022 1026 2053 ager

343 2063 552 2104 postremas‚·
574 2061 751 2105 quomodo
779 2063 891 2095 Faber
907 2065 993 2095 imus
1009 2087 1018 2101 ‚

348 2111 385 2145 in
397 2118 549 2146 extrema
560 2112 623 2147 vici
636 2120 731 2158 parte
744 2113 917 2156 habitans,
931 2113 1022 2159 apud

351 2165 476 2199 Horat.
493 2165 529 2199 in
554 2165 629 2199 Art.
647 2166 744 2200 Poet.
770 2165 827 2200 Sic
837 2169 948 2209 prinm
957 2165 1024 2210 sa-

351 2219 448 2257 bula,
461 2221 609 2251 exlrema
613 2219 732 2261 platea
742 2244 750 2258 ‚
767 2219 895 2251 medius
905 2219 1025 2250 Janus.

395 2268 448 2303 63.
472 2271 549 2304 Non
569 2271 655 2303 mihi
662 2269 747 2313 salx
766 2272 888 2303 nimias
910 2270 1027 2303 Salur-

351 2323 412 2354 11ιά
427 2327 491 2355 etc.
516 2321 596 2356 Non
620 2320 676 2355 hie
697 2322 854 2355 Saturnia
862 2321 948 2365 salx
963 2320 1026 2354 in·-

351 2373 448 2417 signe
463 2373 630 2416 Tempani
639 2375 763 2422 ,Κρόνου
775 2386 783 2414 ;
795 2372 855 2407 sed
864 2371 1025 2414 Saturni,

354 2431 393 2457 ut
406 2430 485 2469 pote
498 2425 552 2458 cui
566 2423 644 2458 vitis
654 2430 688 2458 et
699 2424 839 2469 frugum
852 2423 1028 2469 disciplina

354 2483 579 2522 competeret.

398 2528 451 2562 66.
475 2528 592 2562 Sulcus
604 2541 706 2573 aquae.
722 2527 828 2561 Multi
841 2526 940 2570 libri,
955 2538 1028 2560 suc-

355 2593 416 2614 cus
428 2593 438 2613 :
451 2580 500 2613 nil
513 2587 620 2614 muta.
638 2580 680 2614 In
697 2580 804 2614 tribus
821 2586 913 2622 erat,
931 2583 1028 2613 rivus.

398 2631 451 2665 68.
474 2634 610 2666 Perlica
624 2644 720 2665 soeva.
737 2633 855 2675 Longa
867 2659 875 2671 ‚
901 2631 970 2665 duo
986 2631 1029 2665 li-

355 2682 424 2717 bri:
436 2683 520 2716 utin
532 2683 602 2717 istis
614 2683 754 2727 Ovidii,
768 2694 813 2716 111
824 2709 833 2727 ,
848 2684 938 2717 Fast.
952 2697 964 2717 1
974 2692 1029 2729 17:

355 2739 454 2764 Pei-tica
469 2747 602 2772 suspensos
615 2740 731 2772 poi-tabat
745 2740 822 2774 longa
833 2741 970 2773 maniplos.
990 2741 1026 2766 H.

358 2787 468 2824 Sca-ua
483 2788 590 2822 Palat.
607 2795 642 2822 et
656 2801 736 2823 mox
751 2788 920 2834 Neapolit.

1125 1556 1175 1590 70.
1199 1544 1251 1578 Ne
1261 1545 1400 1587 possim.
1421 1541 1495 1577 Nec
1510 1542 1639 1585 possim
1652 1537 1750 1575 Bere.

1081 1595 1146 1630 Ed.
1164 1608 1226 1629 nec
1234 1608 1388 1639 possum,
1408 1593 1537 1627 Lovan.

1126 1662 1142 1693 7
1150 1661 1162 1681 1
1169 1674 1176 1680 .
1188 1648 1318 1681 Mmu‘s
1326 1659 1393 1681 non
1400 1647 1580 1681 interdicta
1587 1644 1752 1679 secundis·-

1082 1698 1162 1734 Fuit
1175 1706 1311 1744 tempus
1323 1724 1332 1742 ‚
1346 1710 1455 1743 quum
1469 1709 1543 1731 non
1557 1695 1664 1730 modo
1677 1707 1753 1730 non

1079 1753 1258 1784 interdicta
1267 1763 1289 1784 n
1295 1763 1339 1784 ux
1347 1752 1471 1783 menu‘s
1476 1749 1644 1788 secunda,
1657 1758 1734 1792 quae
1742 1770 1752 1789 ,

1081 1802 1219 1836 sublatis
1242 1802 1361 1847 primis
1375 1827 1385 1845 ‚
1418 1799 1566 1847 eleganti
1591 1804 1756 1844 apparatu

1081 1853 1342 1888 instruebantur
1362 1867 1371 1895 3
1408 1851 1469 1887 sed
1490 1858 1525 1886 et
1548 1850 1628 1896 ipsis
1654 1861 1756 1885 oma-

1083 1910 1194 1941 mento
1202 1913 1285 1941 erat.
1297 1905 1477 1949 Horatius,
1489 1903 1602 1939 Serm.
1610 1901 1698 1938 libro
1710 1911 1754 1945 11,

1084 1958 1197 2004 Satyr.
1214 1954 1263 2002 11'‚
1285 1971 1342 1991 121
1358 1970 1367 1992 :

1257 2034 1287 2042 ...
1306 2017 1376 2041 Tum
1386 2015 1491 2049 pensilis
1504 2024 1555 2040 uva
1567 2011 1692 2039 secunda·

1085 2067 1118 2091 Et
1130 2075 1187 2091 nux
1197 2066 1313 2091 ornabat
1324 2073 1425 2090 mens-s
1433 2083 1441 2096 ‚
1453 2073 1512 2089 cum
1523 2063 1627 2097 duplice
1637 2062 1698 2088 fleu.

1131 2114 1180 2159 73.
1196 2115 1273 2148 Has
1282 2126 1368 2158 puer
1379 2119 1441 2147 etc.
1458 2112 1552 2148 Nihil
1569 2110 1734 2146 addubito
1745 2136 1755 2154 ,

1089 2166 1172 2211 quin
1191 2165 1337 2200 Ovidius
1352 2165 1398 2200 ita
1416 2163 1587 2210 scripserit
1601 2162 1667 2197 hoc
1681 2175 1759 2197 car-

1088 2230 1172 2251 men
1191 2228 1198 2248 :
1214 2219 1291 2251 Has
1297 2231 1384 2261 puer
1393 2221 1456 2251 aut
1468 2219 1556 2251 cerlo
1580 2219 1690 2250 rectas
1704 2216 1760 2249 di-

1088 2272 1233 2304 luminat
1251 2273 1329 2303 ictu.
1361 2268 1541 2313 Siquidem
1562 2269 1760 2301 dilaminare

1090 2320 1172 2355 dixit
1186 2347 1194 2364 ,
1227 2333 1291 2366 pro
1317 2321 1353 2354 in
1381 2320 1464 2355 duas
1486 2319 1630 2354 laminas
1650 2317 1760 2352 didu-

1090 2386 1178 2407 cere.
1191 2372 1231 2407 Id
1248 2372 1288 2407 fit
1303 2372 1450 2417 quoties,
1468 2371 1586 2406 solutis
1598 2369 1762 2406 commis-

1090 2425 1200 2468 suris,
1224 2424 1370 2458 finditur
1392 2436 1463 2457 nux
1486 2423 1522 2457 in
1539 2422 1623 2457 duas
1638 2428 1761 2467 partes.

1092 2476 1198 2510 Unde
1214 2476 1316 2521 paulo
1325 2482 1402 2521 post
1415 2475 1580 2508 laminam
1590 2479 1689 2508 vocat
1702 2485 1762 2518 pu-

1091 2535 1210 2563 tamen
1244 2527 1355 2562 fissile.
1400 2526 1491 2561 Illud
1517 2525 1660 2561 interim
1689 2530 1764 2559 erat

1092 2580 1172 2615 artis
1185 2606 1193 2624 ,
1217 2584 1306 2614 cerlo
1320 2580 1390 2613 ictu
1403 2585 1544 2625 tangere
1560 2576 1763 2612 commissu-

1092 2645 1177 2666 ram.
1188 2632 1280 2666 Nam
1287 2630 1631 2665 d1'lan1‘andiverbum
1642 2656 1650 2669 ‚
1669 2625 1763 2672 quod

1092 2685 1129 2719 in
1142 2683 1276 2718 Aldinis
1287 2695 1423 2728 quoque
1436 2681 1608 2716 codicibus
1618 2679 1759 2724 legitur,

1092 2736 1198 2770 etiam
1213 2735 1373 2770 carminis
1389 2734 1476 2768 ratio
1492 2732 1630 2778 respuit.
1651 2731 1762 2765 Porro

1095 2787 1188 2832 quod
1212 2787 1258 2822 ait
1281 2812 1291 2831 ,
1329 2788 1477 2829 Rectus,
1509 2782 1695 2831 opponitur
1715 2781 1764 2816 illi
