1884 3112
814 260 1226 306 BENTLEIANAE

872 378 1064 425 ¹1⁴:1³1s'1’.
1093 383 1176 441 ιν.Ι

417 493 426 502 .
461 467 719 516 Quodcumque
737 479 796 508 est.
822 473 901 509 MS.
918 474 964 510 D.
987 475 1169 523 Quidquid
1187 479 1222 514 id
1238 487 1299 516 est.

460 528 610 565 Destitit.
626 550 670 557 —
686 532 847 582 Restitit,
859 542 899 583 ut
914 535 1036 573 Douza
1051 533 1087 573 et
1103 538 1169 574 alii.

460 590 578 626 Fovet.
594 610 638 619 —
653 592 772 629 Vorat.
791 593 845 630 Cs.
861 590 908 631 ad*
920 592 1071 643 Liviam,
1101 599 1173 643 134.

464 652 564 697 Figit.
579 671 623 680 —·-
638 654 797 701 Frangat.

461 710 601 747 Animo.
616 730 659 741 ——
681 717 747 750 Vel
757 715 923 762 humero,
941 722 1001 754 vel
1011 720 1108 757 collo.

463 771 619 810 Crimen.
637 793 681 802 —·
697 777 879 823 Regimen.

418 858 426 866 .
458 832 519 867 Est
536 834 620 869 mihi
638 849 707 881 per.
724 856 767 864 -
784 838 914 884 Estque
931 841 1017 877 mihi
1032 818 1085 878 ins

419 919 425 925 .
459 892 690 939 Quaeque.‘'—
707 897 884 943 Quasque.
917 938 919 941 ,

418 978 426 986 .
459 953 667 990 Pendamus.
684 974 728 983 ·-
745 957 955 995 Reddamus.

453 1013 621 1049 Perfidus.
637 1035 681 1043 —
697 1017 845 1053 Tertius.
870 1018 924 1055 Cf.
942 1021 1050 1066 Epist.
1066 1034 1129 1059 xvx
1143 1050 1152 1068 ‚
1171 1025 1244 1060 328.

416 1099 423 1106 .
457 1073 573 1108 Vobis.
590 1092 633 1102 —
648 1076 777 1121 Nobis,
804 1085 843 1113 ut
860 1080 905 1114 V.

453 1132 500 1167 Et
515 1134 633 1179 pulvis.
649 1151 692 1163 ·-
708 1137 759 1172 Ut
776 1151 903 1174 naevus.

452 1193 599 1229 Ferocis.
611 1213 655 1221 -·
670 1197 813 1243 Fugacis
825 1225 835 1243 ‚
860 1206 899 1235 ut
915 1200 996 1236 MS.
1016 1217 1046 1237 ιι.

414 1279 423 1286 .
457 1254 614 1289 Vastum.
630 1275 673 1283 —
690 1258 841 1293 Lentum
854 1286 863 1303 ,
890 1268 929 1296 ut
943 1262 987 1297 V.

410 1339 417 1346 .
450 1310 597 1350 Materia
613 1316 715 1362 digna
732 1319 842 1364 perire
860 1327 927 1355 tua.
942 1340 986 1349 —-
1002 1323 1167 1361 Materies
1185 1325 1287 1372 digna
1303 1328 1418 1374 vigore
1435 1336 1505 1366 tuo.

414 1399 422 1407 .
454 1374 537 1408 Jam
553 1377 715 1420 primum.
731 1398 775 1404 —
791 1381 872 1415 Jam
889 1383 1034 1427 pridem.

453 1435 665 1482 Utrumque.
680 1457 723 1465 ——
739 1440 925 1487 Utrimque
936 1469 947 1487 ‚
966 1451 1005 1478 ut
1018 1445 1140 1480 Burm.

449 1495 561 1541 Fugit.
578 1516 621 1524 ·—
637 1499 756 1545 Fugat.

408 1580 415 1588 .
447 1555 543 1591 Licet
558 1556 622 1593 illa.
639 1577 683 1585 -
699 1561 825 1596 Virum
841 1562 908 1598 illc.
937 1564 992 1600 Cf.
1008 1566 1097 1603 Fast.
1115 1579 1155 1604 lv
1167 1595 1177 1613 ,
1200 1572 1272 1618 149.

411 1641 418 1649 .
450 1616 610 1654 Dabitur.
623 1639 666 1647 ——-
681 1621 771 1657 Duri
786 1650 796 1667 ,
822 1631 860 1659 ut
877 1626 920 1659 V.

408 1702 415 1708 .
450 1677 600 1713 Precari.
616 1698 660 1706 ·—
676 1682 814 1718 Vocari.

407 1761 415 1768 .
448 1736 477 1770 F
478 1743 577 1772 astus.
594 1758 637 1765 —
653 1740 769 1776 Flatus
781 1768 792 1786 ,
817 1749 857 1777 ut
872 1744 917 1780 N.
935 1746 982 1780 H.

405 1820 412 1829 .
445 1795 635 1842 Depuduit.
650 1816 694 1826 —-
709 1800 896 1847 Relinquit.
912 1822 955 1832 -—·
970 1805 1144 1852 Depudui.
1161 1827 1205 1836 --
1219 1809 1405 1856 Reliquit,

404 1880 411 1886 .
443 1854 618 1900 Tepidum
633 1866 759 1894 movet.
776 1879 819 1887 —-
834 1862 1009 1908 Rapidum
1026 1866 1129 1901 vehit.

405 1941 412 1948 .
444 1915 655 1952 perdendas.
670 1935 714 1945 ·—
730 1920 938 1957 Praedandas
951 1950 960 1967 ,
979 1937 1060 1959 cum
1076 1926 1155 1960 MS.

400 2000 409 2008 .
441 1975 592 2022 Perlegis
608 1990 615 2011 :
633 1985 677 2013 at.
690 1997 734 2006 —
749 1980 891 2027 Perlege
908 1995 917 2017 ε
933 1983 1014 2027 sed,
1039 1992 1079 2020 ut
1095 1986 1173 2021 MS.
1191 1987 1348 2023 Lincoln.

508 2035 708 2082 Abjudicari
723 2039 886 2076 videntur
897 2068 906 2086 ,
929 2056 941 2076 1
949 2045 988 2087 75
1000 2070 1010 2087 ‚
1027 2044 1059 2078 6.

866 2153 1046 2190 EPIST.
1071 2157 1116 2191 V.

395 2268 402 2276 .
437 2241 593 2277 Crimen.
609 2261 653 2270 -·
669 2244 781 2280 Sidus.
800 2245 854 2282 Cf.
874 2246 937 2292 Ep.
952 2258 1023 2283 VIII
1034 2274 1043 2292 ,
1063 2250 1114 2284 88.

440 2303 541 2348 Quae.
557 2323 600 2329 -—
618 2305 695 2339 Cui.

394 2389 402 2397 .
435 2363 496 2398 Illa
512 2363 583 2399 dies
598 2366 709 2400 fatum
725 2366 859 2402 miserae
873 2368 959 2403 mihi
975 2363 1077 2412 disin
1095 2372 1137 2407 ab
1154 2372 1219 2408 illa.
1233 2389 1277 2402 ·-
1301 2374 1361 2410 Ille
1378 2374 1450 2411 dies
1466 2382 1539 2412 ater
1553 2377 1688 2414 miserae

507 2425 592 2459 mihi
608 2426 710 2468 luxit3
728 2428 769 2462 ab
785 2428 852 2463 illo.

394 2511 402 2519 .
436 2486 589 2521 Peracta.
607 2506 651 2515 --·
668 2489 792 2524 Parata
806 2515 816 2534 ‚
835 2498 874 2526 ut
890 2492 932 2527 V.

393 2571 401 2578 .
434 2545 569 2581 Vidisti.
586 2565 628 2574 —-
642 2549 807 2584 Pressisti.

394 2633 400 2640 .
437 2607 498 2640 Illa
515 2608 649 2644 resistit.
667 2629 710 2636 --
726 2610 787 2645 Ille
804 2611 933 2647 residit.

390 2692 398 2699 .
431 2667 625 2704 Foemineas
642 2683 754 2715 genas.
769 2672 1039 2709 —Foemineum
1054 2687 1201 2721 gregem.

369 2727 398 2761 3.
429 2727 508 2763 MS.
526 2732 682 2766 Belandi.
699 2750 741 2759 —-
758 2733 831 2769 Nec
848 2740 974 2769 tamen.
