1884 3112
334 291 428 346 ,¹84

803 292 1155 338 EPISTOLA
1186 293 1280 340 IX.

333 382 534 441 Falleris,
557 395 601 432 et
622 383 762 432 nescis
783 402 793 431 ε
811 403 904 432 non
928 397 1032 433 sunt
1053 385 1195 453 spolia
1215 387 1300 436 ista
1320 385 1485 448 leonis,

399 460 486 508 Sed
510 471 604 517 tua;
631 471 766 526 tuque
789 460 871 509 feri
893 462 1034 510 victor
1056 481 1125 520 es;
1147 461 1242 521 illa,
1267 463 1346 511 tui.

333 535 513 583 Femina
532 534 616 583 tela
640 535 742 583 tulit
764 538 953 586 Lernaeis
977 550 1070 586 atra
1090 538 1293 597 venenis,

1682 557 1741 590 115

393 611 523 659 Ferre
547 630 718 674 gravem
741 611 839 662 lana
861 614 932 662 vix
956 614 1062 663 satis
1086 626 1190 680 apta
1212 613 1384 672 colum;

333 687 634 754 Instruxitque
657 708 833 739 manum
857 690 974 739 clava
999 691 1226 740 domitrice
1250 690 1467 749 ferarum;

395 765 522 812 Vidit
545 778 589 814 et
612 767 658 814 in
683 767 862 834 speculo
886 769 1087 834 conjugis
1110 766 1230 817 arma
1250 769 1331 817 sui.

332 843 437 891 Haec
462 856 604 892 tamen
627 845 845 894 audieram
864 865 874 893 :
894 845 1019 894 licuit
1041 865 1133 893 non
1156 846 1327 894 credere
1350 846 1498 904 famae3

397 921 468 967 En
488 921 608 969 venit
630 922 685 969 ad
708 941 862 970 sensus
883 922 1027 970 mollis
1051 922 1107 970 ab
1129 941 1230 970 aure
1257 921 1397 970 dolor.

330 996 447 1044 Ante
470 1015 592 1045 meos
617 997 769 1046 oculos
791 999 1022 1047 adducitur
1039 998 1202 1046 advena
1218 997 1360 1064 pellex
1379 1018 1390 1046 z

393 1074 484 1121 Nec
506 1075 636 1133 m'ihi,
663 1094 759 1141 quae
781 1076 950 1142 patior,
977 1073 1247 1123 dissimulare
1270 1073 1384 1123 licet.
1424 1103 1427 1107 Δ

329 1149 434 1197 Non
458 1149 566 1196 sinis
590 1150 745 1216 averti3
769 1151 956 1200 mediam
972 1151 1141 1217 captiva
1162 1169 1242 1217 per
1262 1150 1418 1199 urbem

375 1292 388 1312 1
397 1280 446 1313 15.
459 1278 610 1314 Lemaeis
622 1283 700 1315 alra
711 1283 859 1314 venenis.
872 1280 915 1315 In
925 1278 1000 1314 Lei-

327 1329 425 1364 densi
450 1330 565 1366 codice
592 1337 666 1366 erat
691 1336 769 1366 usta
789 1344 799 1366 t
821 1333 910 1366 sorte
936 1344 1000 1376 pro

325 1386 444 1423 uncta,
465 1389 503 1416 ut
519 1383 643 1427 passim
655 1396 775 1427 ungere
789 1385 859 1418 tela
867 1390 1000 1428 poetae:

327 1433 399 1467 duo
415 1434 490 1478 alii,
515 1438 639 1475 tincta,
660 1435 752 1480 quod
765 1434 930 1480 loquendi
940 1447 1002 1481 ge-

329 1498 396 1519 nus
408 1498 481 1519 non
495 1486 609 1521 minus
622 1487 763 1522 obvium
776 1487 837 1522 :de
853 1493 1000 1532 utroque

326 1537 406 1571 vide
439 1537 506 1571 huc
537 1538 695 1573 facientia
724 1539 877 1584 exempla
910 1538 999 1584 apud

325 1588 527 1634 Bentlejum
539 1615 548 1633 ,
565 1589 602 1623 in
614 1589 849 1625 eruditissimis
861 1590 903 1624 ad
921 1591 1002 1624 Ho-

325 1647 391 1675 rat.
406 1652 452 1685 11,
471 1641 541 1676 Od.
552 1653 566 1675 1
577 1668 586 1686 ,
605 1642 705 1677 notis.
720 1643 901 1677 Bumu.—
917 1644 1001 1676 Tela

327 1696 465 1726 venenis
471 1697 557 1731 atra,
570 1694 676 1739 proba
685 1700 719 1728 et
729 1694 865 1740 elegans
872 1694 999 1729 locutio

326 1750 388 1778 est.
408 1744 481 1788 Ita,
501 1745 646 1779 Metam.
660 1757 690 1779 Π
702 1772 711 1787 ,
739 1746 800 1792 198
813 1771 822 1789 ,
844 1747 1000 1790 Scorpion

323 1797 587 1839 mgrn‘madidum
597 1799 716 1832 sudore
723 1801 862 1839 venen1'‚·
877 1805 912 1832 et
923 1811 1001 1844 pas-

325 1846 391 1881 sim
407 1851 496 1886 aler,
515 1861 579 1892 pro
595 1848 692 1883 valde
707 1852 820 1883 noxio.
839 1850 999 1884 LENNEP.

375 1912 388 1932 1
398 1912 446 1945 19.
462 1900 547 1933 Hoec
562 1904 672 1934 lamen
685 1902 866 1935 audieram.
880 1902 931 1936 lta
944 1914 1000 1936 ve-

326 1955 418 1983 teres
435 1950 621 1993 editiones;
642 1951 701 1986 sed
718 1952 910 1998 Naugerius
925 1965 999 1988 non

325 2000 500 2045 improbat
522 2004 596 2036 hoec
609 2007 755 2045 lautum,
783 2011 822 2038 ut
844 2004 999 2039 Lincoln.

327 2059 363 2086 et
373 2053 414 2086 M
416 2052 552 2088 edicens
561 2066 650 2088 unus
662 2067 669 2089 :
681 2061 716 2089 et
723 2055 999 2091 eademvvarietas

325 2111 377 2139 est
393 2105 448 2140 lib.
466 2116 495 2139 11
507 2132 516 2150 ,
536 2105 611 2141 Art.
629 2106 744 2141 Amat.
761 2108 824 2150 405
839 2119 848 2140 2

327 2162 391 2187 Haec
403 2168 488 2187 tamen
498 2163 623 2195 audieram
634 2164 777 2189 Priameide
795 2165 895 2191 viderat
906 2166 996 2199 ipsam.

329 2202 387 2237 Sic
402 2214 438 2246 1,
461 2203 540 2238 Am.
556 2214 615 2247 1v,
634 2206 696 2248 41:

327 2257 391 2281 1120
404 2263 487 2282 tamen
499 2259 629 2291 aspiciam.
865 2261 962 2286 BURM.

376 2319 446 2340 121.
468 2308 667 2342 Adducilur.
691 2308 868 2344 Leidensis
892 2309 998 2344 codex

326 2359 507 2399 deducitur,
525 2359 617 2404 quod
633 2372 706 2394 non
723 2361 764 2395 de
781 2361 889 2395 nihilo
907 2373 914 2395 :
930 2374 998 2395 no—

327 2417 405 2444 tum
426 2410 520 2445 enim
547 2411 613 2446 hoc
635 2413 781 2447 verbum
801 2414 924 2458 passim
953 2413 996 2447 de

327 2462 564 2498 meretricibus
589 2470 623 2497 et
648 2463 821 2509 pellicibus
845 2464 932 2508 dici,
957 2472 996 2500 ut

324 2520 360 2546 et
370 2515 561 2557 perducere.
590 2514 647 2549 Sic
668 2515 751 2549 illud
771 2515 881 2550 Cicer.
905 2516 995 2561 apud

327 2564 472 2599 Sueton.
485 2565 571 2600 Caes.
583 2568 620 2600 51
637 2579 645 2600 ε
662 2568 775 2600 Tertia
784 2569 928 2601 deducta
935 2572 997 2602 est.

326 2615 410 2658 Sed,
426 2617 505 2661 quia
517 2617 552 2650 in
565 2616 630 2652 hoc
640 2619 746 2652 verbo
761 2619 873 2663 potius
882 2619 936 2652 illa
946 2619 995 2654 vis

324 2666 426 2710 insit,
452 2675 491 2701 ut
504 2676 635 2703 secreto
657 2669 846 2704 deducatur
861 2671 894 2703 in
910 2669 994 2704 tha-

324 2717 432 2753 lamos
448 2719 593 2754 adulteri
609 2721 661 2755 vel
682 2721 842 2755 amatoris
858 2722 964 2755 amica
982 2747 992 2765 ,

324 2769 496 2815 vulgatam
528 2771 584 2806 hic
609 2785 729 2816 servo;
762 2773 859 2816 cujus
889 2773 994 2807 etiam

1064 1278 1159 1314 verbi
1179 1279 1216 1313 in
1239 1279 1332 1324 turpi
1347 1278 1556 1314 commercio
1577 1278 1635 1314 illo
1657 1291 1738 1316 usus

1065 1337 1116 1366 est
1126 1358 1135 1375 ‚
1152 1337 1186 1365 et
1198 1332 1367 1377 praecipue
1378 1330 1458 1366 huic
1467 1330 1543 1366 loco
1552 1331 1715 1367 convenit
1725 1358 1737 1376 ,

1064 1383 1124 1417 ubi
1141 1383 1279 1418 additur
1301 1389 1381 1417 ante
1398 1382 1533 1427 oculos,
1551 1389 1592 1418 ut
1615 1389 1650 1418 et
1666 1393 1710 1418 m
1724 1409 1736 1427 ,

1066 1435 1156 1470 Fast.
1172 1435 1235 1479 483
1249 1447 1257 1469 :
1708 1475 1712 1486 ἡ

1064 1493 1154 1520 Ausus
1166 1503 1193 1519 es
1205 1499 1264 1519 aute
1275 1494 1363 1520 oculos
1376 1494 1487 1520 adducta
1498 1493 1590 1528 pellice
1600 1499 1702 1520 nostros
1709 1512 1720 1526 ,

1097 1543 1163 1567 Tam
1174 1542 1236 1567 bene
1248 1543 1418 1577 compositum
1428 1542 1565 1568 sollicitare
1575 1548 1670 1568 tonum.

1064 1591 1137 1626 Ubi
1166 1591 1288 1626 itidem
1314 1593 1461 1626 deducta
1485 1598 1537 1626 est
1561 1591 1598 1626 in
1619 1590 1737 1627 codice

1064 1643 1223 1677 Francos.
1242 1643 1384 1677 Terent.
1401 1642 1502 1677 Adel.
1513 1654 1549 1687 v,
1566 1656 1606 1691 9:
1627 1644 1738 1677 Obso-

1062 1707 1143 1728 nare
1154 1707 1227 1728 cum
1224 1696 1301 1739 fide
1308 1721 1317 1735 ‚
1329 1698 1473 1728 scortum
1480 1696 1661 1734 addacem,
1672 1706 1737 1738 ap-

1057 1758 1180 1789 parare
1191 1748 1234 1780 de
1248 1747 1304 1779 die
1319 1748 1524 1787 commum,-
1547 1751 1583 1780 et
1605 1745 1734 1780 Heaut.

1062 1808 1088 1832 v
1099 1823 1109 1841 ‚
1131 1798 1172 1840 4:
1189 1799 1264 1832 Non
1279 1799 1364 1831 mihi
1375 1809 1442 1842 per
1446 1796 1617 1842 fallacias
1632 1797 1736 1830 addu-

1062 1862 1136 1884 cere
1147 1854 1227 1885 aute
1236 1851 1372 1890 oculos‚·
1388 1855 1424 1883 et
1436 1848 1527 1883 Eun.
1544 1859 1595 1891 lv,
1611 1861 1628 1893 7
1642 1859 1650 1881 :
1670 1849 1740 1891 Qui

1062 1903 1148 1935 mihi
1168 1905 1249 1936 ante
1278 1902 1390 1935 oculos
1414 1912 1525 1935 coram
1553 1903 1735 1934 amatorem

1062 1954 1209 1986 adduxti
1224 1956 1322 1987 tuum.
1349 1952 1479 1987 BURM.

1110 2004 1180 2038 123.
1192 2006 1268 2038 Non
1276 2006 1370 2038 simlr.
1386 2003 1583 2038 Puteaneus
1596 2015 1616 2037 a
1625 2015 1735 2038 manu

1061 2054 1213 2090 secunda
1232 2068 1309 2089 num
1322 2057 1407 2089 ,ςίπιῖς
1417 2055 1437 2090 ?
1453 2054 1653 2099 Elegantius
1667 2080 1676 2098 ,
1694 2061 1735 2090 ut

1062 2114 1147 2153 puto
1163 2119 1171 2142 :
1185 2107 1315 2141 habent
1328 2106 1423 2141 enim
1436 2118 1599 2151 magnam
1609 2106 1680 2140 vim
1695 2106 1733 2140 in

1061 2157 1378 2203 exprobrationibus
1398 2157 1464 2191 illae
1488 2156 1733 2202 interrogatio-

1060 2222 1141 2252 nes,
1167 2221 1243 2253 quae
1258 2209 1294 2242 in
1311 2208 1374 2243 hac
1394 2208 1536 2254 epistola
1558 2209 1732 2254 frequen-

1060 2260 1174 2294 tiores.
1186 2260 1316 2294 Sensus
1328 2272 1411 2294 vero
1428 2270 1436 2292 t
1450 2259 1507 2293 An
1519 2271 1590 2305 prae
1598 2259 1732 2305 pudore

1059 2312 1158 2357 jubes
1170 2311 1263 2346 illam
1274 2312 1328 2346 via
1336 2318 1467 2346 secreta
1477 2318 1513 2345 et
1523 2324 1639 2358 aversa
1653 2310 1732 2345 duci

1058 2363 1096 2397 in
1113 2363 1271 2407 domum,
1286 2369 1337 2406 ut,
1350 2375 1407 2398 me
1423 2363 1539 2406 inscia,
1554 2359 1671 2408 pellice
1681 2362 1732 2397 uti

1059 2415 1193 2460 possis?
1220 2415 1390 2456 Minime;
1407 2415 1516 2448 immo
1531 2427 1615 2449 vero
1632 2414 1730 2459 jubes

1058 2479 1137 2501 eam
1149 2493 1159 2510 ,
1182 2480 1244 2512 per
1272 2466 1425 2500 mediam
1451 2466 1576 2500 urbem
1596 2465 1729 2500 trium-

1057 2518 1194 2563 phantis
1224 2518 1331 2552 modo
1344 2544 1354 2562 ‚
1388 2531 1451 2563 per
1481 2530 1542 2551 ora
1570 2516 1728 2550 omnium

1057 2569 1278 2604 circumduci.
1287 2568 1455 2615 Sequenti
1471 2581 1571 2603 versu
1579 2568 1615 2602 in
1626 2567 1729 2602 Scri—

1056 2623 1197 2656 veriano
1222 2629 1296 2656 erat
1310 2648 1319 2665 ,
1351 2622 1586 2665 conspicienda
1596 2646 1605 2660 ‚
1634 2619 1728 2664 quod

1057 2673 1163 2706 etiam
1173 2679 1257 2718 puto
1269 2673 1451 2716 efficacius,
1463 2671 1541 2716 quia
1548 2671 1615 2706 hoc
1621 2671 1727 2705 verbo

1057 2725 1166 2769 aptius
1179 2725 1360 2759 admiratio
1375 2730 1605 2769 spectatorum
1621 2723 1727 2768 expri-

1056 2776 1164 2810 mitur
1175 2802 1184 2820 ,
1209 2776 1267 2821 qui
1281 2775 1443 2810 notabilia
1457 2774 1599 2809 intentis
1622 2774 1727 2809 oculis
