1884 3112
668 233 1060 278 PRAEFATIO.
1518 249 1581 283 xv

152 354 265 403 saepe
277 334 538 392 movissent,
557 344 773 400 quantum
789 333 839 380 P.
860 331 1025 380 ovidio
1042 330 1296 397 caeterisque
1314 331 1557 398 profuisset
1569 371 1581 392 ,

152 434 372 473 testantur
404 422 511 490 ipsae
526 459 539 481 ,
581 440 692 489 quas
738 419 1055 487 exemplarium
1088 437 1273 469 suorum
1304 420 1581 484 marginibus

149 511 442 579 insperserat,
467 509 648 559 notulae.

218 599 310 648 Sed
332 599 456 667 quod
477 599 572 666 ipse
593 597 763 647 efficere
781 616 876 645 non
895 608 1104 663 potuerat
1118 634 1130 655 ,
1153 596 1469 663 perficiendum
1483 610 1586 648 aetas

150 689 355 757 proxima
375 687 578 738 servabat
598 687 678 736 uni
699 706 752 735 ex
773 685 885 745 illis,
910 685 988 752 qui
1011 684 1294 749 longioribus
1318 687 1497 752 quidem
1516 689 1586 737 in-

153 778 346 829 tervallis
363 778 451 828 rari
471 788 710 845 apparent,
746 788 797 824 ut
819 774 944 842 quod
963 786 1123 823 natura
1143 775 1191 823 in
1211 794 1358 824 rerum
1382 776 1587 844 physica-

150 887 252 917 rum
272 867 426 916 ordine
440 903 453 926 ,
475 866 523 914 id
538 865 607 914 vel
626 866 674 913 in
689 865 796 913 orbe
812 863 1009 912 literario
1028 862 1252 912 interdum
1271 864 1460 930 experiri
1478 865 1586 915 velle

151 954 362 1004 videatur.
394 955 659 1003 NICOLAUM
693 953 947 1001 HEINSIUM
972 971 1064 1000 uno
1087 951 1178 1017 jam
1201 971 1276 1000 ore
1302 971 1456 1001 omnes
1473 972 1589 1001 con-

150 1041 408 1092 clamarunt.
445 1042 564 1107 Quis
596 1041 714 1090 enim
747 1040 861 1089 alius
892 1040 1030 1089 menti
1055 1040 1181 1107 prior
1213 1040 1446 1090 obvenerit
1462 1079 1474 1102 ,
1511 1043 1588 1109 qui

151 1132 327 1181 doctius
344 1131 698 1196 ingeniosius-ve
720 1130 774 1180 de
791 1132 973 1180 Nasone
993 1141 1151 1179 nostro
1169 1131 1410 1179 meruerit?

216 1220 476 1271 Proluserat
486 1221 576 1287 jam
592 1232 719 1288 pater
738 1219 969 1269 Ovidianae
986 1219 1251 1278 recensioni,
1271 1238 1404 1286 quam
1418 1220 1589 1284 dignis-

154 1311 292 1360 simus
307 1310 385 1361 tali
402 1322 528 1378 patre
544 1309 664 1358 filius
678 1308 991 1388 perficiendam
1009 1320 1054 1356 et
1071 1308 1342 1358 educandam
1358 1330 1381 1359 e
1400 1323 1586 1378 paterno

155 1399 325 1462 gremio
339 1398 532 1464 excepit3
554 1416 645 1464 quo
666 1396 844 1463 quidem
858 1395 973 1444 nihil
993 1396 1159 1445 ovidio
1178 1410 1223 1447 et
1240 1418 1428 1465 poeseos
1444 1400 1590 1452 latinae

156 1486 406 1536 cultoribus
423 1497 600 1553 poterat
620 1485 876 1548 contingere
907 1483 1093 1552 felicius.
1143 1488 1322 1536 Etenim
1351 1508 1377 1537 a
1398 1491 1590 1556 pueritia

154 1587 310 1643 captus
326 1586 560 1642 poetarum
577 1573 810 1623 dulcedine
828 1573 1040 1624 Nicolaus
1063 1575 1300 1637 Heinsius,
1323 1578 1386 1628 ita
1404 1598 1557 1629 omnes
1573 1618 1584 1639 ,

149 1663 444 1731 inprimisque
464 1665 691 1713 Nasonem
713 1663 1013 1725 combiberat,
1038 1677 1091 1714 ut
1103 1666 1218 1715 nihil
1233 1686 1334 1716 eum
1348 1669 1586 1737 quicquam

149 1751 347 1816 fugeret,
374 1752 498 1820 quod
517 1752 691 1820 uspiam
709 1764 825 1802 esset
841 1754 1080 1805 reconditae
1097 1756 1344 1821 elegantiae,
1370 1770 1415 1807 et
1432 1760 1588 1826 exqui-

150 1840 318 1890 sitioris
340 1840 588 1892 latinitatis.
619 1843 790 1891 Omnes
811 1844 1030 1893 sermonis
1053 1846 1220 1912 poetici
1238 1831 1423 1910 figuras,
1445 1867 1585 1914 quan-

151 1930 314 1979 tumvis
335 1950 455 1980 raras
473 1943 520 1981 et
541 1950 566 1980 a
583 1931 904 1981 consuetudine
931 1933 1148 2001 pedestris
1175 1936 1393 1984 sermonis
1417 1936 1586 1986 abhor-

151 2031 320 2079 rentes,
345 2019 554 2080 callebat,
579 2033 632 2070 ut
658 2041 789 2070 nemo
815 2022 954 2071 aetatis
985 2042 1099 2082 suae3
1127 2043 1271 2090 neque
1303 2023 1350 2072 id
1371 2026 1586 2074 memoria

154 2121 345 2170 tantum,
367 2122 420 2160 ut
437 2130 552 2179 saepe
567 2109 642 2170 fit;
663 2111 740 2160 sed
757 2123 802 2161 et
819 2131 903 2160 usu
922 2112 1124 2179 proprio.
1145 2114 1261 2161 Nam
1277 2125 1322 2162 et
1337 2113 1431 2181 ipse
1449 2127 1583 2182 poeta

152 2199 240 2248 suit
249 2200 366 2251 inter
387 2202 653 2251 recentiores
673 2221 697 2251 e
715 2201 1018 2269 principibus,
1045 2222 1126 2251 nec
1142 2203 1252 2270 ipsis
1271 2204 1466 2271 antiquis
1484 2225 1583 2254 om-

153 2289 262 2337 nino
276 2309 370 2339 non
382 2291 705 2358 comparandus
722 2311 732 2341 :
749 2292 796 2340 in
814 2311 904 2359 quo
920 2292 1099 2359 quidem
1113 2313 1206 2344 non
1216 2295 1427 2358 exiguum
1437 2295 1580 2345 inesse

153 2376 453 2442 adjumentum
470 2379 526 2428 ad
539 2392 694 2446 poetas
714 2392 884 2430 veteres
901 2392 1016 2429 recte
1032 2381 1342 2446 corrigendos,
1363 2382 1432 2431 vel
1445 2383 1583 2432 inter-

151 2466 393 2532 pretandos
424 2466 633 2528 feliciter,
660 2481 766 2518 sunt
795 2471 872 2537 qui
897 2471 995 2537 jure
1026 2471 1288 2521 existiment.
1333 2473 1579 2537 Quomodo

152 2554 271 2603 enim
289 2554 398 2622 quid
417 2555 464 2603 in
486 2556 722 2606 scribendo
746 2559 984 2619 senserint,
1008 2560 1197 2609 sensisse
1221 2572 1263 2609 te
1287 2560 1460 2610 credam
1476 2599 1488 2621 ,
1514 2563 1580 2620 si,

155 2661 245 2708 quo
269 2642 357 2710 ipsi
381 2643 728 2705 incalescebant,
755 2647 853 2696 Deo
882 2667 1062 2715 quoque
1085 2667 1178 2696 non
1207 2648 1430 2698 interdum
1455 2650 1579 2699 inca·
1622 2668 1632 2677 ²

154 2727 321 2780 lueris?
350 2734 594 2797 Quomodo
631 2735 785 2784 miram
822 2737 935 2785 hanc
972 2738 1161 2787 metricae
1194 2739 1299 2788 artis
1332 2739 1578 2790 doctrinam
