1884 3112
632 226 1103 311 coNsoLATiO.

214 358 307 408 Nec
331 367 382 407 tu
401 356 455 406 de
479 368 605 406 tanto
629 356 756 407 crede
779 358 954 407 minora
970 358 1080 407 viro.

1494 267 1582 323 435

1516 374 1584 421 470

151 435 237 485 Est
259 434 366 494 tibi,
393 434 540 502 sitque
557 454 736 503 precor,
758 435 1006 485 multorum
1029 435 1149 485 filius
1171 434 1337 495 instar;

217 512 417 580 Parsque
439 513 507 561 tui
530 525 686 580 partus
710 513 769 563 sit
789 513 875 562 tibi
898 513 1016 563 salva
1036 514 1175 581 prior.

153 590 238 640 Est
260 591 447 657 conjux,
472 590 611 640 tutela
632 590 889 650 hominum;
915 610 1007 659 quo
1032 592 1225 659 sospite,
1247 603 1458 652 vestram,

219 668 368 728 Livia,
393 668 614 718 funestam
638 668 820 718 dedecet
842 688 936 719 esse
959 669 1154 719 domum.

155 801 222 836 hac
242 800 515 847 Prosopopoeia,
535 806 674 846 poterat
696 800 841 847 excogi-

155 853 237 899 tari,
248 852 343 900 quod
354 853 459 888 rebus
469 852 563 899 ipsis,
578 859 613 887 et
622 853 779 899 personis
790 865 842 888 ac-

153 905 474 942 commodatiorem
489 904 571 940 huie
587 904 716 951 Elegiae
729 904 840 940 finem

158 958 372 1006 imponeret.
395 956 495 1003 Quid
511 957 608 992 enim
626 964 738 1003 poetae
751 984 761 1002 ,
786 957 843 993 vel

157 1011 217 1048 alii
231 1010 340 1047 cuivis
358 1009 550 1046 dicendum
565 1022 661 1045 nuuc
673 1010 841 1057 supersit,

158 1075 273 1110 quum
287 1067 441 1098 matrem
463 1061 555 1099 fflius
580 1062 652 1109 ipse
674 1069 749 1098 tam
774 1076 844 1110 ge-

157 1128 285 1152 nerose
295 1115 340 1152 sit
353 1114 547 1151 allocutus?
558 1114 632 1150 Sed
647 1114 844 1161 optandum

156 1167 280 1203 forsan
299 1193 310 1212 ,
342 1173 386 1202 ut
402 1166 547 1202 eximius
572 1166 630 1202 ille
657 1167 753 1203 locus
766 1194 776 1212 ,
809 1174 847 1203 et

162 1219 296 1265 Ouidio
327 1231 411 1256 vere
439 1218 565 1266 dignus
579 1245 589 1264 ‚
627 1219 750 1255 lectori
772 1220 846 1265 jam

161 1271 274 1317 lasso,
310 1277 347 1307 et
367 1283 469 1319 pene
491 1271 711 1317 somnianti,
746 1273 847 1308 citius

164 1324 373 1363 obvenisset.
397 1344 442 1354 ·-
467 1326 511 1361 Si
523 1326 607 1371 quid
622 1327 721 1361 modo
742 1328 852 1361 senti!

163 1380 202 1413 tn
213 1380 340 1413 nmbm.
348 1378 511 1417 Malehat
526 1377 694 1414 Heinsius
703 1405 713 1423 ,
730 1382 766 1414 in
779 1391 847 1414 um-

163 1432 252 1475 bn‘s,
270 1431 366 1477 quod
381 1437 471 1468 esset
483 1434 576 1467 iuter
582 1434 727 1467 umbras.

949 801 1025 847 473.
1055 802 1126 835 Est
1151 801 1300 845 conjux,
1338 802 1447 835 tutela
1474 801 1590 835 homi-

905 866 986 888 num
1011 859 1077 888 etc.
1115 870 1159 879 -·
1184 853 1322 888 Nimius
1346 851 1384 886 in
1412 851 1588 886 adulando

906 906 1038 942 Noster
1050 933 1060 950 ,
1080 918 1187 952 quam
1199 906 1260 951 qui
1276 918 1350 940 non
1364 905 1484 940 lectori
1500 918 1592 940 nau-

906 972 1003 995 seam
1028 959 1151 1005 saepius
1179 966 1320 994 moveat
1340 985 1350 1004 ,
1384 959 1493 994 modo
1515 961 1591 1005 quis

906 1012 1051 1058 pudoris
1069 1024 1200 1048 sensus.
1228 1011 1329 1057 Quid
1355 1012 1453 1048 enim
1476 1012 1591 1048 vero?

908 1066 1052 1100 dedecet
1073 1064 1222 1099 domum
1247 1063 1393 1099 Caesaris
1411 1064 1508 1100 luctu
1518 1065 1594 1110 su-

909 1120 1058 1158 nestori,
1082 1117 1137 1151 vel
1152 1117 1181 1152 si
1199 1117 1359 1152 maximae
1371 1117 1444 1163 spei
1462 1118 1595 1164 princi-

910 1181 993 1216 pem
1014 1169 1168 1205 amiserit
1182 1195 1192 1214 ‚
1222 1173 1349 1215 sospite
1373 1172 1510 1205 scilicet
1527 1184 1595 1205 uno

914 1221 1068 1257 casam!
1086 1222 1277 1257 Summum
1292 1222 1359 1258 hoc
1369 1222 1574 1258 humilitatis
1585 1249 1596 1267 ,

911 1287 978 1309 nec
998 1281 1133 1320 poetae,
1151 1276 1258 1311 etiam
1280 1275 1456 1320 exulanti,
1484 1281 1519 1310 et
1536 1288 1596 1310 re-

912 1326 1026 1362 ditum
1053 1327 1279 1374 imploranti,
1306 1327 1594 1364 condonandum.

914 1379 1014 1425 Quid
1031 1393 1136 1425 vero,
1161 1380 1189 1417 si
1213 1394 1279 1417 nec
1294 1380 1409 1428 ipsum
1429 1387 1502 1416 tam
1526 1381 1595 1416 ab·

913 1432 1014 1478 iectae
1030 1433 1238 1471 adulationis
1254 1433 1409 1481 pretium
1426 1433 1563 1471 tulerit!
