1884 3112
191 876 251 912 Sic
266 875 433 924 Virgilius
444 903 454 921 ,
482 876 611 923 Ecloga
635 883 758 922 quarta
771 903 781 921 ,
805 877 845 912 61
860 889 869 913 ε

190 937 272 964 unu-i
283 937 456 971 long-decu
467 937 583 963 tulerunt
593 937 699 963 fastidia
709 946 819 964 menses.

189 1003 235 1013 -
253 985 369 1021 Probe
396 984 503 1021 etiam
524 992 658 1021 veteres
678 986 870 1031 nonnulli,

187 1039 394 1083 impla-athe
410 1040 496 1073 libet
505 1065 515 1080 ,
544 1051 609 1085 pro
620 1039 727 1083 juvat
736 1066 745 1080 ‚
776 1038 871 1084 quod

188 1089 263 1135 jam
272 1095 508 1136 praecesserat;
522 1090 589 1125 nisi
600 1089 676 1136 quis
686 1090 754 1126 illic
769 1093 868 1133 libet,

189 1153 272 1177 cum
293 1154 367 1176 uno
387 1141 629 1178 Ambrosianae
646 1142 872 1180 Bibliothecae

189 1194 314 1240 reponi
329 1193 436 1230 malit.
453 1195 588 1231 Hmus.

236 1246 309 1291 143.
322 1248 475 1282 Malum.
489 1246 570 1282 Hoc
580 1247 657 1283 loco
670 1254 722 1283 est
732 1248 870 1292 festina,

189 1304 232 1334 ut
241 1297 365 1334 Senec.
377 1298 498 1345 OEdip.
512 1300 570 1346 73:
581 1301 722 1334 Matura
726 1312 874 1344 poscens

181 1350 278 1396 sata.
293 1350 423 1386 Troad.
441 1350 510 1386 600
530 1352 616 1386 :Me
630 1351 717 1395 sata
737 1355 868 1386 matum

190 1405 287 1438 exitu
284 1401 453 1448 facilique
460 1405 604 1438 solvant.
618 1403 695 1438 Hm
698 1414 741 1439 ns
744 1422 805 1438 .—
811 1404 874 1438 Te-

190 1467 304 1490 netum
317 1467 464 1499 pensate
483 1456 652 1500 pudorem.
683 1456 845 1490 ,Miserum
859 1482 871 1497 ,

190 1505 270 1542 libri
284 1505 356 1541 duo
371 1519 380 1542 :
395 1506 535 1542 utMet.
545 1505 602 1542 lib.
615 1517 638 1541 x
650 1532 660 1551 ,
678 1507 763 1552 411:

331 1584 386 1608 ς...
398 1567 552 1601 uiamque
562 1566 656 1600 pudori

273 1618 354 1644 1²21·oe
363 1635 374 1648 ,
391 1615 439 1642 nit.

192 1665 258 1714 Ep.
273 1676 331 1711 lx,
351 1678 414 1715 ¹9²

191 1726 267 1760 Quid
274 1726 328 1752 nisi
335 1726 430 1752 notitia
439 1730 478 1752 est
486 1745 497 1759 ‚
515 1726 609 1752 πείσαι-ο
617 1725 727 1761 quasit·
735 1724 831 1759 pudori
839 1725 856 1751 7

190 1775 310 1812 Valer-
325 1775 418 1812 Flac.
431 1785 508 1820 vn,
525 1776 588 1818 4¹¹
604 1787 614 1811 t
814 1819 816 1822 ,

190 1835 394 1871 thgr-nmque
417 1843 494 1869 genu
514 1834 598 1867 vidit,
617 1834 795 1869 minorumque
820 1843 876 1869 pu-

258 1884 358 1910 dorm.
665 1884 774 1910 mus.

238 1931 312 1978 1⁴44.
333 1934 377 1968 In
392 1936 488 1969 nectit
501 1934 655 1968 electum.
674 1932 873 1968 Scriveria-

191 1997 276 2030 nus,
294 1985 510 2033 Argentinus
522 2011 532 2031 ,
554 1985 873 2030 Francosurtensis,

193 2044 231 2073 et
238 2036 404 2074 undecim
417 2037 473 2074 alii
481 2037 611 2085 scripti,
623 2050 706 2072 cum
719 2037 875 2072 editione

195 2089 337 2136 antiqua
344 2090 484 2126 Veneta
492 2104 502 2134 ;
515 2089 610 2137 quod
617 2088 729 2125 multo
739 2089 876 2136 elegan-

195 2140 264 2180 tim
273 2140 362 2178 mihi
376 2141 513 2189 vulgata
522 2141 671 2178 lectione
686 2143 807 2177 electu.
821 2141 875 2176 Ita

198 2205 302 2239 supra
313 2219 325 2238 ‚
345 2204 388 2239 v,
405 2195 449 2240 44
466 2206 476 2231 :
490 2195 676 2240 Iapanam
695 2207 762 2230 non
787 2196 877 2229 satis

453 250 751 297 PHYLLIS
793 249 1345 297 DEMOPHOONTI.
1556 252 1607 309 41

191 345 290 396 Stat
306 362 412 394 nece
435 357 606 394 matura
628 356 828 394 tenerum
849 364 1033 413 pensare
1057 343 1274 412 pudorem
1299 361 1311 392 τ

253 422 309 470 In
330 421 450 470 necis
473 420 660 471 electum
680 441 814 490 parva
835 422 985 472 futura
1006 441 1131 471 mora
1153 432 1233 471 est.

189 499 435 549 Inscribere
458 518 558 549 meo
583 519 713 550 causa
734 499 952 548 invidiosa
974 497 1203 566 sepulcrm

252 578 348 627 Aut
366 578 476 637 hoc,
501 590 579 627 aut
602 577 735 626 simili
758 577 947 626 carmine
969 587 1104 624 notus
1128 575 1214 625 eris
1237 594 1249 623 :

191 654 398 723 Phyllida
419 654 719 722 Demophoon
742 653 832 703 leto
856 653 999 712 dedit,
1023 652 1189 719 hospes
1213 663 1429 701 amantem
1455 671 1465 700 ε

256 731 337 781 Ille
358 732 457 781 neci
479 750 654 782 causam
676 731 870 799 praebuit
893 751 904 780 :
927 729 1026 791 illa,
1049 750 1242 779 manum.

1554 511 1617 557 145

933 889 1019 911 unus
1030 880 1108 911 eris.
1121 876 1168 912 Et
1179 875 1245 923 Ep.
1258 885 1368 920 xvm,
1382 874 1460 920 216,
1469 887 1510 911 ex
1519 874 1620 911 bonis

936 929 1131 965 codicibus:

934 990 1039 1015 Lumen
1048 990 1075 1014 ‘m
1083 989 1235 1023 adspectum
1245 994 1274 1014 tu
1283 988 1360 1014 modo
1372 996 1473 1022 semper
1483 987 1558 1013 habe.

937 1037 1031 1074 Flor.
1053 1048 1083 1072 11
1100 1064 1110 1082 ,
1133 1038 1154 1072 6
1170 1051 1179 1073 :
1200 1039 1242 1072 In
1255 1050 1394 1072 causam
1409 1039 1495 1078 belli
1506 1039 1623 1071 deleta

937 1091 1140 1136 Sagunlhus.
1156 1090 1203 1125 Et
1216 1090 1347 1125 centies
1362 1089 1450 1124 alibi.
1465 1089 1598 1124 BURM.

976 1144 1049 1188 145.
1056 1145 1252 1178 Inscribere.
1259 1141 1384 1176 Malim
1390 1142 1619 1182 iuscn'bende,

937 1202 978 1230 ut
1006 1196 1116 1241 aptius
1142 1207 1224 1230 cum
1249 1193 1474 1239 sequentibus
1498 1192 1622 1228 cohae-

936 1254 1023 1282 reat.
1050 1248 1184 1283 Hunis.
1219 1245 1291 1282 Sed
1323 1246 1362 1280 in
1400 1252 1623 1292 pentametro

938 1306 1054 1346 posset
1068 1299 1156 1346 legi,
1172 1303 1273 1344 atque
1287 1300 1367 1340 hoc,
1383 1301 1446 1332 aut
1458 1300 1624 1332 smila-

940 1353 1105 1397 Sepulcm.
1131 1350 1226 1386 Cum
1255 1351 1355 1386 Paris
1374 1349 1419 1385 ad
1445 1349 1623 1384 Helenam

939 1403 1146 1450 rapiendam
1167 1402 1445 1449 proficisceretur
1466 1402 1503 1436 in
1521 1401 1625 1437 Grae-

938 1457 1042 1500 ciam,
1049 1455 1216 1503 Phyllidis
1222 1454 1447 1500 sepulchrum
1455 1455 1492 1490 in
1500 1454 1623 1489 Threi-

938 1508 983 1543 cii
1007 1507 1146 1554 Pangei
1177 1506 1422 1553 promontorio
1458 1507 1621 1542 exstabat.

939 1559 1074 1596 Auctor
1084 1559 1269 1603 coluthus,
1283 1561 1327 1594 de
1339 1561 1457 1605 Baplu
1470 1559 1623 1593 Helena.

939 1610 1046 1648 Clor.
1066 1613 1179 1647 Causa
1190 1613 1382 1654 invid1'osa5
1411 1623 1489 1656 quae
1503 1609 1619 1657 legen-

937 1664 1029 1700 tium
1044 1664 1166 1699 odium
1181 1664 1219 1699 in
1234 1670 1268 1699 te
1282 1663 1479 1699 concitabit.

974 1730 988 1752 ι
995 1717 1047 1762 48.
1053 1718 1119 1752 Ille
1126 1720 1207 1752 neci
1208 1729 1357 1752 causam.
1365 1714 1508 1751 Rectius
1516 1727 1621 1761 quam

935 1773 1050 1811 necis,
1073 1767 1238 1816 quicquid
1259 1768 1476 1804 membranae
1493 1773 1642 1803 nostra*

939 1821 1158 1858 dissentiunt.
1177 1820 1269 1858 Fast.
1282 1832 1296 1856 1
1306 1847 1317 1866 ,
1330 1821 1396 1868 674
1414 1832 1423 1855 ε

970 1883 1034 1908 Hoec
1045 1881 1140 1917 prebet
1149 1890 1253 1908 cauum
1263 1881 1382 1914 frugibus
1392 1890 1400 1914 ;
1413 1880 1459 1905 illa
1468 1899 1476 1912 ,
1490 1880 1587 1905 locum.

982 1932 1171 1979 vulgatam
1197 1938 1317 1966 tamen
1347 1936 1493 1965 tuentur
1521 1929 1595 1965 loca
1608 1955 1619 1973 ‚

939 1985 1017 2021 Art.
1031 1983 1112 2020 Am.
1129 1994 1194 2028 111,
1212 1985 1267 2028 4ο.

1156 2062 1163 2069 .
1174 2062 1181 2068 .
1190 2062 1197 2070 .
1216 2044 1316 2070 Tamen
1326 2043 1422 2077 hospes
1430 2048 1456 2068 et
1466 2051 1555 2068 ensem

970 2094 1101 2126 Praebuit,
1118 2098 1144 2118 et
1158 2101 1264 2119 causam
1276 2093 1368 2119 mortis
1378 2112 1387 2125 ,
1404 2092 1491 2119 lli-sn
1500 2111 1510 2124 ‚
1527 2097 1586 2117 ωε.

941 2143 989 2178 Et
1002 2143 1067 2190 Ep.
1082 2154 1142 2187 Vl,
1160 2144 1221 2191 ¹95
1238 2155 1248 2178 ι

939 2203 1053 2230 Praebuit
1068 2204 1162 2230 AEnees
1172 2208 1198 2229 et
1205 2210 1310 2230 causum
1319 2202 1410 2230 morti·
1418 2207 1444 2228 et
1453 2210 1549 2228 ensem.
1571 2201 1609 2227 Η.
