1884 3112
654 249 800 296 NUX
835 248 1103 295 ELEGIA.

251 340 391 406 Quod
413 351 631 408 superest,
658 352 822 400 tutum,
848 341 1033 391 Pontice
1057 351 1225 399 castor,
1253 341 1409 392 hahes:

187 419 311 485 Quid
333 419 443 468 mihi
466 430 571 468 tunc
592 419 726 468 animi
751 430 839 477 est,
867 438 1004 486 quum
1026 419 1160 468 sumit
1183 418 1269 469 tela
1290 421 1458 481 viator,⁴

250 498 400 564 Atque
424 495 564 545 oculis
584 495 723 564 plagae
745 495 936 546 destinat
957 509 1057 546 ante
1077 495 1256 547 locum?

187 575 278 624 Nec
303 574 438 623 vitare
461 573 563 623 licet
587 585 711 622 moto
733 573 825 623 fera
849 574 1028 623 verbera
1051 586 1208 623 trunco
1223 612 1235 634 ‚

254 651 402 716 Quem
424 651 508 700 suh
534 651 671 699 humo
695 651 818 700 radix
845 651 1072 718 vinclaque
1096 651 1222 702 firma
1247 665 1409 702 tenent.

192 729 396 796 Corpora
417 726 664 794 praebemus
688 727 832 796 plagis
855 749 865 778 :
886 741 937 778 ut
958 748 1070 797 saepe
1094 731 1287 794 sagittis,

256 807 411 871 Quum
433 804 628 872 populus
649 807 840 856 manicas
860 806 1118 874 deposuisse
1144 820 1290 867 vetat3

192 886 308 933 Utve
333 901 505 947 gravem
529 882 717 932 candens
742 885 823 933 ubi
845 884 945 933 tolli
967 905 1096 934 vacca
1122 886 1331 945 securim,

214 998 217 1000 -
257 962 353 1011 Aut
371 959 531 1023 stringi
551 958 718 1009 cultros
742 962 790 1010 in
816 981 895 1012 sua
916 963 1029 1012 colla
1052 963 1183 1012 videt.

196 1039 319 1107 Saepe
341 1056 460 1088 meas
481 1049 613 1087 vento
637 1037 819 1097 frondes
841 1041 1069 1088 tremuisse
1093 1040 1286 1106 putastis
1306 1059 1319 1088 ε

1554 1056 1616 1101 ¹75

262 1115 350 1165 Sed
371 1128 514 1165 metus
535 1115 583 1163 in
600 1114 734 1164 nobis
761 1134 889 1165 causa
912 1117 1114 1165 tremoris
1135 1129 1239 1166 erat.

198 1195 249 1245 Si
270 1195 433 1254 merui,
459 1193 698 1260 videorque
719 1212 906 1253 nocens,
933 1194 1150 1261 imponite
1176 1194 1382 1254 flammae;

266 1276 518 1340 Nostraque
542 1271 729 1321 fumosis
755 1271 868 1320 urite
893 1271 1091 1321 membra
1112 1271 1238 1320 focis.

203 1423 288 1449 enm
307 1405 444 1458 capiant
460 1437 470 1455 ,
496 1411 731 1457 insequuntur
743 1437 752 1455 ,
776 1417 879 1446 testes

202 1464 268 1501 sibi
278 1470 458 1510 amputare
469 1490 479 1508 ,
491 1463 626 1509 illisque
641 1476 700 1499 eos
709 1463 856 1509 abjicere
868 1489 879 1506 ,

203 1523 308 1563 atque
324 1517 372 1552 ita
383 1515 589 1551 venantium
600 1515 882 1561 insequentium-

203 1580 273 1614 que
298 1579 425 1602 manns
457 1567 622 1613 effugere.
660 1567 739 1602 Hac
771 1565 815 1601 de
841 1578 881 1600 re

203 1619 357 1666 AEsopus
371 1619 438 1655 fab.
460 1629 590 1654 xxxm.
607 1617 713 1654 C1or.
738 1638 782 1645 —-
795 1617 883 1653 sex-

203 1672 272 1708 tius
287 1683 372 1707 vero
386 1670 479 1718 apud
498 1670 588 1706 Plin.
602 1682 706 1707 xxxn
719 1698 729 1716 ‚
751 1672 772 1706 3
785 1697 795 1715 ,
817 1683 884 1705 ne·-

204 1731 263 1772 gat
276 1724 312 1760 id
328 1737 400 1760 esse
417 1737 554 1769 verum,
566 1723 661 1770 quod
676 1723 742 1759 hoc
754 1723 884 1759 animal

204 1783 309 1814 testes
336 1776 462 1812 habeat
484 1775 624 1822 pusillos
639 1802 650 1820 ,
689 1789 729 1811 ac
758 1775 884 1810 lumbis

205 1828 428 1871 subm-icto„
455 1841 521 1864 nec
546 1841 644 1875 posse
672 1828 794 1872 avelli,
818 1827 886 1862 nisi

206 1894 289 1918 eum
314 1881 394 1916 vita.
430 1899 475 1906 —
500 1882 651 1915 Pontice.
685 1879 744 1914 Sic
774 1879 886 1914 dictus

211 1933 360 1977 Castor,
386 1931 442 1967 vel
458 1931 563 1967 Fiber
575 1958 585 1976 ,
608 1931 689 1977 quia
708 1931 747 1966 in
768 1931 886 1966 Ponto

208 1983 530 2032 frequentissimus:

504 2061 535 2070 ...
547 2044 692 2078 Viros-qne
709 2043 807 2069 Pontus

212 2097 334 2124 emtore·
354 2094 491 2128 (Mittit.)
507 2094 598 2120 Vino.
614 2093 706 2125 Georg.
722 2100 734 2118 1
744 2112 754 2125 ‚
770 2094 811 2126 ⁵7.

213 2163 258 2172 —
282 2146 397 2180 Causa
413 2144 546 2188 pericli.
580 2143 773 2177 Castoreum
798 2141 891 2176 desi-

215 2203 321 2244 gnat,
349 2194 444 2242 quod
470 2194 663 2240 frequentis
686 2193 776 2240 apud
801 2194 891 2228 Me-

215 2249 310 2285 dicos
327 2261 430 2293 usus,
453 2254 489 2283 et
512 2246 592 2282 ideo
621 2259 728 2281 causa
749 2247 897 2290 pen'culi

215 2307 267 2337 est
288 2299 434 2336 Castori.
463 2299 563 2335 Falso
583 2298 772 2335 credebant
794 2305 893 2333 vete-

215 2365 272 2388 res
291 2353 386 2388 virus
406 2351 491 2387 illud
520 2365 539 2386 e
566 2351 708 2386 testibus
737 2350 892 2384 animalis

216 2404 329 2440 emitti
342 2430 351 2448 ,
372 2416 483 2450 quum
501 2416 519 2438 e
537 2402 654 2438 loculis
669 2401 809 2447 effluat,
829 2402 892 2437 in-

217 2457 353 2492 testinis
367 2455 631 2492 subsidentibus.

264 2509 334 2555 167.
375 2509 470 2552 Quid
489 2510 574 2542 mihi
594 2511 674 2542 lunc
698 2510 808 2541 am'mt'
831 2511 894 2542 est.

219 2558 406 2595 Summam
416 2567 534 2595 movet
542 2558 893 2595 commiserationem.

220 2612 318 2659 Virg.
338 2612 382 2647 de
400 2612 542 2648 Didone
554 2639 564 2657 ‚
583 2611 665 2647 AEn.
680 2623 718 2646 iv
730 2638 739 2656 ,
759 2613 842 2656 408:

220 2668 288 2702 Quis
300 2668 350 2693 tibi
363 2673 423 2693 tuno
433 2687 441 2699 ‚
456 2668 525 2693 Dido
536 2687 544 2699 ,

222 2733 266 2744 ·-
290 2718 383 2752 Tela.
406 2716 551 2763 Proprie
568 2725 577 2748 ἰ
595 2715 623 2751 si
638 2729 726 2751 saxa
738 2715 894 2762 dixisset,

223 2781 303 2805 rem
323 2781 396 2804 non
419 2769 500 2804 satis
521 2768 745 2813 expressisset.
770 2767 875 2805 Clo?-

567 2668 680 2693 cementi
695 2668 755 2692 tulin
773 2667 879 2693 sensus?

991 1412 1062 1460 169.
1092 1413 1180 1446 Feta
1207 1413 1345 1446 verbera
1370 1415 1496 1446 trunco.
1538 1413 1622 1448 Vul-

944 1478 1044 1506 nem,
1067 1477 1196 1500 novem
1212 1466 1339 1511 scripti.

992 1530 1064 1565 170.
1087 1519 1207 1553 Badiae
1219 1519 1394 1563 vinclaque
1396 1519 1511 1564 firma.
1535 1520 1626 1554 Vin-

945 1571 1064 1614 claque
1077 1582 1166 1603 ,τινα
1177 1596 1186 1610 ,
1207 1569 1431 1604 Lovaniensis
1445 1582 1626 1617 :curvaque

945 1623 1070 1655 vincla.
1087 1621 1247 1655 Francos.
1263 1627 1298 1655 et
1313 1620 1458 1655 edition.
1468 1628 1604 1656 veteres
1618 1635 1627 1656 :

946 1671 1007 1707 sed
1023 1671 1203 1707 Mediceus
1217 1698 1227 1716 ,
1243 1678 1278 1706 et
1293 1671 1400 1706 editio
1416 1684 1486 1707 una
1502 1679 1601 1708 vetus
1614 1700 1625 1718 ,

948 1726 1085 1758 vincula
1106 1737 1206 1758 curva
1227 1736 1237 1758 .·
1259 1730 1352 1758 recte
1368 1749 1378 1767 ‚
1401 1723 1515 1769 judice
1541 1725 1626 1760 olim

949 1777 1098 1811 Heinsio
1116 1803 1127 1821 ,
1150 1776 1178 1811 si
1194 1778 1331 1810 vincula
1337 1777 1443 1822 firma
1460 1790 1608 1823 reponas
1625 1805 1634 1822 ,

950 1836 986 1865 et
1001 1842 1064 1875 per
1081 1828 1334 1874 appositionem
1354 1829 1475 1873 capias.
1493 1829 1625 1865 Btmm.

1006 1882 1076 1927 173.
1117 1882 1202 1915 Utve
1220 1894 1354 1925 gravem
1384 1878 1535 1916 candem·
1563 1889 1628 1917 etc.

950 1935 1104 1969 Pascens
1123 1940 1202 1968 octo
1219 1933 1335 1978 scripti
1351 1946 1391 1968 ex
1407 1934 1554 1968 nostris:
1575 1934 1630 1969 alii

952 1986 1023 2021 duo
1034 1998 1115 2021 cum
1122 1986 1231 2020 veteri
1240 1985 1406 2029 editione,
1418 1989 1546 2030 pavida
1557 1991 1632 2030 est,-

953 2037 1048 2082 quod
1074 2044 1109 2072 et
1136 2036 1302 2072 Ciofanus
1325 2050 1364 2071 ac
1390 2036 1565 2072 Fabricius
1589 2051 1630 2072 ex

952 2089 1022 2125 suis
1049 2089 1251 2135 probarunt.
1287 2089 1496 2124 Erfurtanus
1524 2088 1631 2124 codex

954 2142 1033 2178 satis
1068 2142 1230 2187 antiquus
1254 2167 1263 2185 ,
1295 2143 1460 2186 pandens.
1496 2141 1601 2176 Forte
1620 2169 1630 2186 ,

954 2196 1103 2229 candens
1115 2207 1231 2228 vacca.
1247 2193 1407 2228 Victimae
1421 2194 1516 2229 enim
1527 2194 1610 2229 albae
1621 2220 1630 2238 ,

955 2253 996 2282 ut
1011 2260 1051 2281 ex
1076 2246 1226 2292 antiquis
1249 2246 1444 2281 auctoribus
1462 2253 1514 2281 est
1533 2259 1632 2281 com-

956 2305 1096 2345 pertum
1111 2325 1121 2342 ,
1152 2298 1218 2333 nisi
1245 2310 1322 2344 quae
1344 2298 1408 2334 Dis
1424 2298 1543 2334 inseris
1566 2311 1635 2334 cae-

957 2351 1140 2386 debantur.
1163 2350 1297 2385 Hsms.

1004 2416 1074 2448 ¹77·
1098 2403 1424 2447 Impom'leflammae.
1451 2403 1557 2439 Forte
1577 2402 1634 2439 le·-

959 2454 1113 2502 gendum
1126 2480 1135 2498 ,
1151 2457 1309 2499 imponite
1314 2457 1490 2500 stammam
1503 2469 1512 2490 .·
1530 2463 1568 2490 ut
1580 2456 1637 2491 ἰη-

958 2508 1131 2554 telligatur
1145 2533 1155 2551 ‚
1171 2508 1330 2542 arborem
1348 2508 1512 2543 succisam
1530 2509 1638 2543 exuri.

960 2560 1002 2595 ld
1017 2561 1043 2595 si
1060 2573 1132 2595 non
1149 2560 1278 2607 placet,
1296 2560 1527 2607 intelligamus
1542 2560 1636 2596 illam

960 2613 1128 2656 excisam,
1155 2612 1222 2647 iilic
1243 2613 1339 2648 exuri
1354 2639 1363 2656 ,
1388 2613 1446 2647 ubi
1470 2620 1550 2648 nata
1575 2620 1637 2648 est.

1008 2665 1078 2710 178.
1096 2666 1282 2709 Nostraque
1289 2663 1439 2708 fumosis
1454 2671 1518 2699 etc.
1541 2664 1641 2708 Quo·

960 2728 1041 2750 rum
1063 2715 1241 2762 deplorata
1268 2716 1398 2751 malitia
1423 2723 1493 2760 est,
1522 2716 1643 2762 capitis

961 2767 1127 2813 supplicio
1152 2768 1247 2803 velut
1276 2774 1503 2814 amputantur
1520 2780 1541 2803 a
1562 2779 1643 2803 cor-
