1884 3112
758 778 1283 825 ARGUMENTUM.

374 955 396 975 «
423 938 539 992 Livia⁴
554 937 727 979 amiserat
745 937 866 978 filium
889 941 1060 978 Drusum
1073 967 1086 989 ‚
1111 952 1288 993 magnum
1303 937 1475 978 futurum
1495 937 1728 992 principem,

317 1008 392 1062 jam
415 1018 592 1062 magnum
608 1007 742 1047 ducem
746 1036 812 1047 .....
832 1006 1047 1048 Accedebat
1059 1008 1106 1048 ad
1125 1007 1221 1047 banc
1242 1016 1402 1048 mortem
1415 1036 1427 1058 ‚
1452 1022 1564 1061 quam
1581 1007 1645 1047 ille
1658 1022 1731 1062 pro

317 1078 510 1132 republica
527 1076 672 1118 obierat
680 1107 692 1128 ,
707 1078 840 1133 ingens
854 1078 990 1118 civium
1003 1107 1016 1128 ‚
1028 1077 1382 1132 provinciarumque
1394 1087 1415 1128 ‚‘
1429 1085 1468 1117 et
1481 1077 1601 1118 totius
1613 1077 1731 1118 Italiae

316 1148 543 1189 desiderium
562 1162 573 1195 ;
604 1162 673 1201 per
687 1161 799 1201 quam
820 1147 947 1188 effusis
962 1148 1002 1186 in
1018 1147 1184 1187 officium
1202 1141 1365 1203 lugubre
1382 1135 1595 1201 municipiis
1617 1147 1732 1189 cb'lo-

316 1219 468 1271 niisque
478 1247 490 1269 ‚
509 1233 632 1270 usque
647 1217 687 1256 in
702 1217 835 1258 urbem
857 1218 1013 1257 ductum
1030 1226 1109 1257 erat
1129 1218 1243 1257 funus
1256 1246 1268 1267 ‚
1282 1216 1474 1271 triumpho
1490 1216 1730 1258 simillimum.

314 1289 409 1329 Non
428 1288 582 1327 licuerat
596 1288 719 1338 matri,
734 1288 865 1327 ultima
879 1287 947 1326 filii
964 1287 1106 1338 oscula,
1117 1295 1340 1344 gratumque
1354 1286 1509 1339 extremi
1520 1301 1733 1328 sermonem

316 1358 398 1400 oris
414 1358 574 1398 haurire.
602 1359 742 1414 Longo
758 1358 894 1398 itinere
913 1356 1089 1411 relii1uias
1104 1357 1222 1399 Drusi
1236 1357 1294 1398 sui
1311 1364 1544 1411 prosequuta
1554 1386 1568 1407 ‚
1585 1364 1645 1397 tot
1665 1370 1734 1411 per

322 1441 475 1467 omnem
494 1428 639 1467 Italiam
650 1427 868 1468 ardentibus
882 1428 1002 1484 rogis,
1010 1427 1116 1481 quasi
1128 1428 1242 1467 toties
1253 1426 1358 1466 illum
1366 1426 1572 1478 amitteret,
1581 1426 1735 1477 irritata,

320 1507 366 1538 ut
383 1499 547 1552 primum
567 1506 691 1538 tamen
707 1498 838 1538 intulit
852 1498 1001 1537 tumulo
1015 1527 1026 1548 ‚
1041 1497 1152 1538 simul
1170 1506 1209 1538 et
1223 1497 1330 1537 illum
1342 1526 1355 1548 ‚
1378 1505 1418 1536 et
1435 1496 1608 1537 dolorem
1622 1511 1733 1537 suum

318 1569 473 1623 posuit3
503 1583 574 1608 nec
595 1569 681 1622 plus
712 1568 835 1609 doluit
848 1598 860 1619 ,
890 1582 1004 1621 quam
1032 1576 1097 1608 aut
1126 1567 1330 1608 honestum
1363 1575 1442 1607 erat
1473 1566 1612 1608 Caesari
1625 1596 1638 1618 ‚
1667 1574 1735 1607 aut

321 1652 476 1691 aequum
491 1638 611 1678 matri.
638 1639 730 1678 Non
747 1638 857 1678 desiit
870 1638 997 1693 itaque
1010 1638 1129 1677 Drusi
1143 1638 1202 1677 sui
1216 1636 1400 1677 celebrare
1413 1651 1554 1677 nomen
1565 1666 1578 1688 ‚
1591 1637 1736 1690 ubique

321 1707 431 1746 illum
454 1707 526 1747 sibi
548 1707 722 1761 privatim
737 1702 965 1761 publiceque
983 1714 1273 1761 repraesentare,
1297 1715 1336 1746 et
1348 1706 1590 1747 libentissime
1604 1706 1651 1746 de
1665 1706 1733 1759 illq

323 1775 457 1829 loqui,
480 1776 526 1816 de
551 1777 619 1816 illo
644 1776 785 1817 audire.
814 1794 835 1813 υ
878 1778 1008 1817 Senec.
1037 1776 1233 1817 Consolat.
1257 1777 1304 1817 ad
1329 1777 1530 1829 Marciam,
1546 1776 1733 1818 Cremutii
1754 1782 1756 1785 ’

325 1845 447 1887 Cordi
460 1846 597 1895 filiam;
627 1858 692 1886 111.
