1884 3112
286 230 344 272 56

750 230 1096 276 EPISTOLA
1130 234 1230 278 111.

283 320 354 367 Tu
376 319 506 377 mihi,
528 320 698 384 juratus
721 339 800 386 per
821 321 1003 368 numina
1023 321 1176 370 matris
1196 341 1395 388 aquosae,

350 396 470 445 Utile
496 397 669 446 dicebas
690 397 784 463 ipse
808 396 942 446 fuisse
967 398 1077 464 capi.

285 472 459 521 Scilicet
482 485 552 531 ut,
579 474 774 539 quamvis
797 474 966 523 veniam
989 475 1160 532 dotata,
1186 475 1394 543 repellar;
1659 498 1702 532 55

350 550 411 596 Et
432 568 600 597 mecum
624 549 784 612 fugias,
812 570 907 617 quae
932 552 1015 600 tibi
1039 552 1199 602 dentur
1221 573 1329 620 opes
1349 556 1359 602 ἱ

289 624 413 688 Quin
437 625 566 673 etiam
588 624 700 673 fama
720 638 806 683 est,
834 647 970 693 quum
989 630 1175 678 crastina
1197 630 1370 680 fulserit
1392 633 1508 689 Eos,

351 703 414 749 Te
440 703 540 751 dare
563 702 778 751 nubiferis
798 703 932 754 lintea
952 706 1084 772 plena
1106 708 1249 771 Notis.

288 779 425 842 Quod
448 780 587 829 scelus
610 793 661 829 ut
683 782 860 848 pavidas
883 783 1050 832 m'iserae
1074 784 1183 832 mihi
1208 785 1395 847 contigit
1418 804 1565 843 aures,

353 859 589 921 Sanguinis
613 871 743 925 atque
767 860 899 908 animi
922 873 1076 927 pectus
1098 862 1225 910 inane
1248 861 1346 910 fuit.
1662 878 1708 912 60

290 936 383 985 Ibis
409 956 419 984 ε
445 948 489 984 et
513 956 538 984 ο
553 974 564 993 ,
590 938 791 985 miseram
815 938 886 986 cui
908 958 996 997 me,
1023 938 1232 998 violente,
1259 939 1516 1006 relinques?

357 1012 471 1075 Quis
495 1013 605 1060 mihi
628 1013 808 1063 desertae
829 1015 934 1064 mite
958 1015 1151 1064 levamen
1175 1017 1288 1064 erit?

291 1186 440 1220 occurrit
468 1186 509 1220 ab
541 1185 616 1231 ipso
648 1186 843 1221 derivatum
859 1202 867 1228 ;
894 1188 942 1222 sic
955 1214 964 1230 ,

289 1239 434 1284 inquam
450 1264 460 1281 ‚
487 1237 733 1272 Andromache
751 1251 853 1272 suum
869 1238 968 1272 adlo-

292 1303 402 1335 quens
418 1290 588 1333 Hectora,
606 1296 790 1335 postquam
804 1290 970 1324 intersec—

291 1349 344 1376 tos
369 1342 410 1376 ab
427 1341 559 1376 Achille
581 1348 716 1386 patrem
729 1368 738 1384 ,
755 1349 905 1376 matrem
935 1347 971 1375 et

290 1396 412 1429 fratres
427 1394 730 1436 commemoravit,
750 1394 914 1428 exclamat
930 1406 970 1427 ex

293 1448 430 1490 animo,
448 1446 486 1480 Il.
503 1455 545 1489 z,
565 1448 650 1493 429:

334 1492 451 1544 fixrop,
477 1500 557 1544 ἀτὰρ
574 1501 610 1534 σύ
632 1502 689 1543 μοι’
708 1500 775 1534 ε’σσι
794 1502 895 1539 πατὴρ
917 1503 969 1533 καὶ

424 1554 529 1586 πότνια
544 1555 650 1595 μήτνρ
663 1577 673 1594 ‚

338 1603 410 1640 Ἠδέ
433 1608 629 1647 κασίγνητος,
656 1606 691 1638 σὺ
713 1604 745 1637 δέ
765 1617 818 1646 μοι
842 1603 970 1644 Such-po}

427 1660 624 1695 παρακοίτης.

293 1706 297 1709 ’
339 1708 391 1748 54.
411 1707 503 1740 Utile
515 1707 652 1740 dicebas
660 1711 723 1739 etc.
741 1704 887 1739 Ironice.
901 1705 974 1738 Po-

294 1759 422 1793 tiorem
446 1758 533 1792 mihi
561 1757 652 1803 apud
674 1765 708 1792 te
735 1756 973 1791 conditionem

294 1812 371 1845 sore
386 1810 598 1855 pollicebaris
611 1836 620 1853 ,
646 1821 752 1854 quam
769 1808 824 1842 vel
844 1808 881 1842 in
903 1808 974 1853 ipsa

296 1869 408 1898 stante
426 1862 551 1908 patria!
573 1862 727 1901 Scilicet,
746 1867 786 1894 ut
801 1862 975 1903 repellara

298 1923 330 1949 te
345 1941 353 1958 ,
384 1913 539 1959 quamvis
555 1914 674 1947 dotata
689 1915 821 1946 veniam
840 1924 976 1945 mune—

297 1967 392 2001 ribus
409 1979 486 2011 quae
501 1965 563 2000 tibi
586 1976 728 1999 mecum
754 1962 894 1998 Atrides
917 1976 977 1997 re-

300 2018 418 2052 mittit.

346 2073 398 2105 55.
423 2071 579 2110 Scilicet,
602 2073 659 2109 ut,
679 2070 828 2113 quamvis
843 2070 976 2101 veniam

298 2125 432 2161 dotata,
444 2124 593 2166 repellar.
604 2120 800 2166 Simplicius
810 2126 874 2162 est,
883 2118 977 2164 quod

301 2174 475 2219 Scaligero
491 2173 645 2219 placebat
656 2199 666 2216 ,
683 2174 836 2217 repellas.
850 2171 977 2216 Sequi-

300 2235 358 2260 tur
369 2227 483 2260 enim:
497 2227 547 2259 Et
557 2239 682 2259 mecum
686 2225 822 2269 fugias,
837 2237 909 2269 quoe
917 2226 984 2257 tibi

300 2281 435 2317 dantur,
448 2290 537 2322 opes.
547 2277 643 2311 DAN.
656 2277 788 2311 HEms.
802 2277 974 2320 Bepellas,

303 2332 518 2369 Puteaneus;
533 2328 642 2374 placet
650 2355 657 2362 .
668 2329 739 2362 Pro
751 2329 877 2361 dantur
884 2339 977 2370 mox,

243 2423 245 2426 Ι
305 2381 529 2416 Lovaniensis
542 2392 651 2422 unus,
669 2381 797 2413 dentur.
813 2380 946 2413 Hnms.

344 2437 397 2480 57.
422 2460 526 2468 .......
561 2434 666 2476 Quum
681 2435 832 2465 crastina
838 2431 983 2475 fulserit

302 2488 372 2521 Eos
388 2493 451 2520 ete.
470 2486 638 2530 Expresse
656 2483 788 2518 dixerat
805 2482 954 2517 Achilles
968 2508 977 2525 ,

303 2537 387 2581 Il.1,
401 2538 475 2582 357.
487 2544 522 2571 et
535 2549 616 2582 sqq:
629 2541 739 2581 Αὔριον
760 2538 814 2581 ἱρὰ
829 2539 880 2571 Aci
891 2537 981 2584 ῥέξας

300 2606 325 2623 κ.
340 2606 366 2623 τ.
381 2594 407 2623 λ.
415 2607 458 2614 -
466 2590 706 2623 ὗῖιῐεενιῒῇονα.
716 2588 769 2622 Ita
778 2594 828 2621 est
843 2587 879 2620 in
894 2586 980 2619 libro

304 2640 483 2674 Vaticano.
494 2639 686 2679 C10F.Eos,
698 2640 849 2685 optimus
858 2640 989 2673 Putea-⁴

303 2704 390 2726 neus
398 2704 406 2725 z
413 2691 527 2726 caeteri
537 2704 672 2734 omnes,
682 2694 776 2731 hom;
789 2703 980 2736 perperam.

347 2744 399 2778 58.
422 2743 592 2788 Nubisenlr
614 2744 722 2777 Notis.
748 2742 788 2776 Id
804 2749 854 2776 est
872 2744 983 2775 ventis·

1030 1190 1200 1231 adversis-,⁶
1228 1202 1271 1224 eo
1294 1202 1402 1235 usque
1421 1190 1480 1224 irae
1509 1182 1709 1225 deveneris!

1037 1240 1183 1275 Adversi
1199 1242 1295 1275 enim
1322 1244 1421 1282 Noti,
1443 1255 1485 1276 ex
1508 1242 1646 1277 Troade
1672 1243 1711 1277 iu

1036 1291 1206 1326 Graeciam
1214 1293 1463 1338 navigantibus.
1473 1294 1505 1328 Is
1513 1293 1614 1339 plane
1624 1293 1708 1329 Ovi-

1037 1342 1084 1376 dii
1100 1357 1224 1386 :sensus
1238 1370 1246 1387 ,
1267 1351 1302 1378 et
1322 1351 1395 1378 toto
1422 1345 1505 1379 caelo
1529 1345 1712 1380 aberrave-

1036 1403 1121 1430 runt
1134 1423 1142 1439 ,
1167 1397 1226 1441 qui
1247 1397 1468 1431 aberrantem
1491 1396 1547 1432 hic
1571 1405 1713 1443 poetam

1037 1447 1254 1492 deprendere
1281 1462 1316 1483 se
1341 1449 1507 1493 jactitant.
1522 1468 1567 1496 ἡ
1586 1450 1712 1484 Lintea

1030 1501 1146 1543 plena.
1154 1500 1414 1545 Reponendum
1425 1503 1534 1535 lintea
1540 1503 1637 1536 velle.
1644 1501 1716 1537 No-

1038 1557 1115 1584 tum
1126 1552 1256 1585 variare
1268 1552 1324 1586 hic
1337 1552 1453 1595 libros,
1469 1565 1578 1597 quum
1589 1552 1658 1595 alii,
1672 1564 1716 1589 eo

1038 1615 1108 1647 quo
1119 1603 1290 1638 edidimus
1299 1603 1406 1637 modo
1414 1618 1422 1645 ;
1432 1603 1486 1638 alii
1497 1606 1604 1638 lintea
1610 1606 1717 1647 plena

1036 1655 1162 1700 legant.
1172 1655 1247 1701 Ego
1259 1655 1421 1690 nondum
1431 1655 1473 1690 ab
1484 1655 1524 1690 iis
1535 1655 1714 1698 dissentio,

1039 1707 1098 1751 qui
1111 1719 1151 1741 ex
1163 1713 1309 1752 utraque
1322 1707 1470 1742 lectione
1482 1719 1603 1741 veram
1617 1719 1714 1743 cons-

1039 1758 1171 1793 tituunt
1179 1785 1188 1802 ,
1202 1763 1239 1793 et
1251 1761 1358 1793 lintea
1369 1762 1473 1799 velle,
1490 1759 1700 1794 emendant:

1040 1818 1196 1850 Quinetiam
1203 1819 1270 1843 fama
1278 1825 1328 1850 est,
1335 1828 1416 1853 quum
1424 1819 1534 1844 ernstius·
1545 1819 1648 1844 fulserit
1655 1819 1719 1850 Eos,

1105 1863 1143 1887 Te
1155 1864 1216 1888 dare
1229 1862 1355 1888 nubiferis
1367 1863 1446 1888 lintea
1458 1863 1526 1888 velle
1534 1863 1621 1889 Notis.

1041 1911 1138 1946 DAN.
1155 1912 1287 1948 Hzms.
1314 1911 1372 1947 Sic
1396 1912 1488 1947 infra
1514 1912 1552 1947 in
1575 1911 1719 1958 epistola

1045 1964 1197 1998 OEnonis
1212 1977 1220 1998 :

1072 2025 1147 2050 Anu-n
1157 2024 1222 2049 levis
1232 2024 1316 2057 rigido
1325 2024 1462 2058 pendentia
1474 2023 1557 2050 lintea
1569 2024 1638 2048 malo

1105 2069 1227 2093 Suscilal.

1041 2135 1085 2142 -—
1103 2118 1150 2151 Te
1164 2118 1257 2160 dare,
1271 2129 1335 2162 pro
1344 2118 1496 2151 daturum
1508 2120 1552 2157 tc,
1569 2128 1720 2162 praesens

1042 2181 1107 2214 pro
1128 2169 1247 2202 suturo
1261 2194 1270 2211 ,
1300 2168 1410 2213 poetis
1431 2168 1598 2202 familiare
1609 2193 1619 2211 ,
1649 2180 1720 2213 quo

1044 2232 1143 2265 prom
1149 2220 1214 2254 tior
1222 2227 1337 2254 currat
1346 2219 1519 2254 sententia
1530 2227 1566 2254 et
1580 2219 1719 2266 expedi-

1043 2272 1120 2306 tior.
1137 2272 1276 2315 Noster,
1294 2272 1440 2306 iVIetam.
1455 2282 1522 2315 vn,
1537 2272 1618 2319 739:

1077 2344 1084 2351 .
1094 2344 1100 2351 .
1110 2329 1190 2352 .Dum
1202 2335 1294 2351 census
1306 2327 1372 2352 dare
1385 2336 1426 2352 me
1437 2335 1484 2360 pro
1495 2333 1569 2352 nocte
1581 2327 1686 2360 pacisci.

1085 2376 1140 2410 60.
1162 2376 1407 2420 Animipectus
1418 2378 1522 2410 inane
1528 2375 1616 2420 suit.
1639 2375 1721 2410 Ma-

1040 2428 1103 2462 lim
1116 2432 1237 2462 unimoe
1245 2431 1368 2472 pectus
1380 2431 1482 2462 inane
1485 2427 1561 2471 fui:
1575 2434 1614 2461 ut
1625 2426 1718 2472 apud

1043 2480 1194 2515 Statium
1211 2506 1220 2523 ,
1257 2482 1447 2527 Tirynthius
1468 2482 1567 2520 alma.-
1592 2478 1718 2512 Pectus

1043 2535 1217 2573 amicitioe;
1233 2531 1261 2566 si
1276 2530 1369 2566 locus
1383 2544 1486 2566 sanus
1501 2537 1562 2564 est.
1573 2530 1718 2571 Animae,

1045 2592 1084 2618 ut
1098 2585 1175 2618 insr.
1192 2584 1256 2618 hac
1272 2583 1445 2629 Epistola,
1464 2583 1542 2625 142:

1124 2640 1239 2665 Sustinet
1250 2639 1297 2664 hoc
1309 2639 1400 2663 animm
1411 2645 1468 2671 spes
1479 2643 1564 2662 tamen
1575 2646 1625 2662 una
1637 2637 1687 2662 tui.

1047 2689 1104 2723 Sic.
1120 2690 1266 2723 Metam.
1287 2699 1359 2731 ΧΠ,
1377 2687 1438 2732 487
1457 2699 1464 2720 :
1483 2687 1607 2730 Corpus
1621 2689 1724 2720 inane

1046 2745 1166 2775 anima·
1181 2741 1275 2775 dixit.
1298 2740 1428 2773 HEINS.
