<?xml version="1.0" encoding="UTF-8"?>
<!DOCTYPE html PUBLIC "-//W3C//DTD XHTML 1.0 Transitional//EN"
    "http://www.w3.org/TR/xhtml1/DTD/xhtml1-transitional.dtd">
<html xmlns="http://www.w3.org/1999/xhtml" xml:lang="en" lang="en">
 <head>
  <title>
</title>
<meta http-equiv="Content-Type" content="text/html;charset=utf-8" />
  <meta name='ocr-system' content='tesseract 3.04.00' />
  <meta name='ocr-capabilities' content='ocr_page ocr_carea ocr_par ocr_line ocrx_word'/>
</head>
<body>
  <div class='ocr_page' id='page_1' title='image "./quaeextantomniao01oviduoft_0367.png"; bbox 0 0 1884 3112; ppageno 0'>
   <div class='ocr_carea' id='block_1_1' title="bbox 0 0 187 2787">
    <p class='ocr_par' dir='ltr' id='par_1_1' title="bbox 0 0 187 2787">
     <span class='ocr_line' id='line_1_1' title="bbox 0 0 187 2787; baseline 0 0"><span class='ocrx_word' id='word_1_1' title='bbox 0 0 187 2787; x_wconf 95' lang='lat' dir='ltr'><strong> </strong></span> 
     </span>
    </p>
   </div>
   <div class='ocr_carea' id='block_1_2' title="bbox 4 2932 37 3112">
    <p class='ocr_par' dir='ltr' id='par_1_2' title="bbox 4 2932 37 3112">
     <span class='ocr_line' id='line_1_2' title="bbox 4 2932 37 2974; baseline 0 -15"><span class='ocrx_word' id='word_1_2' title='bbox 4 2932 37 2974; x_wconf 38' lang='lat'><strong>&#39;‘3‘&#39;</strong></span> 
     </span>
     <span class='ocr_line' id='line_1_3' title="bbox 7 2979 23 3006; baseline 0 -6"><span class='ocrx_word' id='word_1_3' title='bbox 7 2979 23 3006; x_wconf 65' lang='grc' dir='ltr'><strong><em>ρ</em></strong></span> 
     </span>
     <span class='ocr_line' id='line_1_4' title="bbox 5 3016 37 3112; baseline 0 -6"><span class='ocrx_word' id='word_1_4' title='bbox 5 3016 37 3112; x_wconf 61' lang='grc' dir='ltr'><strong>ξ</strong></span> 
     </span>
    </p>
   </div>
   <div class='ocr_carea' id='block_1_3' title="bbox 564 277 1605 329">
    <p class='ocr_par' dir='ltr' id='par_1_3' title="bbox 564 277 1605 329">
     <span class='ocr_line' id='line_1_5' title="bbox 564 277 1605 329; baseline 0.003 -5"><span class='ocrx_word' id='word_1_5' title='bbox 564 277 895 325; x_wconf 89' lang='lat' dir='ltr'><strong>LEANDER</strong></span> <span class='ocrx_word' id='word_1_6' title='bbox 927 278 1220 326; x_wconf 83' lang='lat' dir='ltr'><strong>HERONI.</strong></span> <span class='ocrx_word' id='word_1_7' title='bbox 1520 285 1605 329; x_wconf 83' lang='lat'><strong>335</strong></span> 
     </span>
    </p>
   </div>
   <div class='ocr_carea' id='block_1_4' title="bbox 180 369 1617 1453">
    <p class='ocr_par' dir='ltr' id='par_1_4' title="bbox 180 369 1617 1453">
     <span class='ocr_line' id='line_1_6' title="bbox 243 369 1242 441; baseline 0.002 -20"><span class='ocrx_word' id='word_1_8' title='bbox 243 369 406 421; x_wconf 82' lang='lat' dir='ltr'><strong>Nescio</strong></span> <span class='ocrx_word' id='word_1_9' title='bbox 431 369 540 438; x_wconf 85' lang='lat' dir='ltr'><strong>quid</strong></span> <span class='ocrx_word' id='word_1_10' title='bbox 563 372 666 422; x_wconf 86' lang='lat' dir='ltr'><strong>visae</strong></span> <span class='ocrx_word' id='word_1_11' title='bbox 689 384 795 422; x_wconf 89' lang='lat' dir='ltr'><strong>sunt</strong></span> <span class='ocrx_word' id='word_1_12' title='bbox 815 373 926 422; x_wconf 86' lang='lat' dir='ltr'><strong>mihi</strong></span> <span class='ocrx_word' id='word_1_13' title='bbox 951 373 1077 424; x_wconf 84' lang='lat' dir='ltr'><strong>dulce</strong></span> <span class='ocrx_word' id='word_1_14' title='bbox 1103 374 1242 441; x_wconf 92' lang='lat' dir='ltr'><strong>queri.</strong></span> 
     </span>
     <span class='ocr_line' id='line_1_7' title="bbox 180 447 1351 520; baseline 0.004 -23"><span class='ocrx_word' id='word_1_15' title='bbox 180 448 369 515; x_wconf 79' lang='lat' dir='ltr'><strong>Jamque</strong></span> <span class='ocrx_word' id='word_1_16' title='bbox 392 447 587 512; x_wconf 84' lang='lat' dir='ltr'><strong>fatigatis</strong></span> <span class='ocrx_word' id='word_1_17' title='bbox 609 449 802 499; x_wconf 51' lang='lat' dir='ltr'><strong>humero*</strong></span> <span class='ocrx_word' id='word_1_18' title='bbox 821 451 905 500; x_wconf 86' lang='lat' dir='ltr'><strong>suh</strong></span> <span class='ocrx_word' id='word_1_19' title='bbox 930 463 1124 520; x_wconf 87' lang='lat' dir='ltr'><strong>utroque</strong></span> <span class='ocrx_word' id='word_1_20' title='bbox 1145 452 1319 502; x_wconf 89' lang='lat' dir='ltr'><strong>lacertis</strong></span> <span class='ocrx_word' id='word_1_21' title='bbox 1335 467 1351 512; x_wconf 73' lang='lat'><strong>,⁴</strong></span> 
     </span>
     <span class='ocr_line' id='line_1_8' title="bbox 246 525 1206 597; baseline 0.005 -23"><span class='ocrx_word' id='word_1_22' title='bbox 246 526 442 575; x_wconf 83' lang='lat' dir='ltr'><strong>Fortiter</strong></span> <span class='ocrx_word' id='word_1_23' title='bbox 462 525 508 574; x_wconf 89' lang='lat' dir='ltr'><strong>in</strong></span> <span class='ocrx_word' id='word_1_24' title='bbox 534 546 726 577; x_wconf 82' lang='lat' dir='ltr'><strong>summas</strong></span> <span class='ocrx_word' id='word_1_25' title='bbox 750 528 897 592; x_wconf 82' lang='lat' dir='ltr'><strong>erigor</strong></span> <span class='ocrx_word' id='word_1_26' title='bbox 917 528 1032 579; x_wconf 89' lang='lat' dir='ltr'><strong>altus</strong></span> <span class='ocrx_word' id='word_1_27' title='bbox 1057 550 1206 597; x_wconf 86' lang='lat' dir='ltr'><strong>aquas.</strong></span> 
     </span>
     <span class='ocr_line' id='line_1_9' title="bbox 184 604 1606 672; baseline 0.006 -19"><span class='ocrx_word' id='word_1_28' title='bbox 184 605 250 654; x_wconf 91' lang='lat' dir='ltr'><strong>Ut</strong></span> <span class='ocrx_word' id='word_1_29' title='bbox 271 604 428 672; x_wconf 90' lang='lat' dir='ltr'><strong>procul</strong></span> <span class='ocrx_word' id='word_1_30' title='bbox 450 605 630 672; x_wconf 84' lang='lat' dir='ltr'>adspexi</span> <span class='ocrx_word' id='word_1_31' title='bbox 654 605 802 655; x_wconf 92' lang='lat' dir='ltr'><strong>lumen</strong></span> <span class='ocrx_word' id='word_1_32' title='bbox 824 626 835 655; x_wconf 73' lang='grc' dir='ltr'><strong><em>ε</em></strong></span> <span class='ocrx_word' id='word_1_33' title='bbox 859 629 882 650; x_wconf 92' lang='lat'><strong><em>«</em></strong></span> <span class='ocrx_word' id='word_1_34' title='bbox 899 624 1024 656; x_wconf 89' lang='lat' dir='ltr'><strong>meus</strong></span> <span class='ocrx_word' id='word_1_35' title='bbox 1047 609 1165 672; x_wconf 82' lang='lat' dir='ltr'><strong>ignis</strong></span> <span class='ocrx_word' id='word_1_36' title='bbox 1190 609 1237 657; x_wconf 87' lang='lat' dir='ltr'><strong>in</strong></span> <span class='ocrx_word' id='word_1_37' title='bbox 1253 609 1332 659; x_wconf 89' lang='lat' dir='ltr'><strong>illo</strong></span> <span class='ocrx_word' id='word_1_38' title='bbox 1358 622 1450 671; x_wconf 90' lang='lat' dir='ltr'><strong>est;</strong></span> <span class='ocrx_word' id='word_1_39' title='bbox 1473 632 1477 639; x_wconf 64' lang='grc'><strong>“</strong></span> <span class='ocrx_word' id='word_1_40' title='bbox 1562 625 1606 663; x_wconf 75' lang='grc'><strong>85</strong></span> 
     </span>
     <span class='ocr_line' id='line_1_10' title="bbox 249 681 1267 741; baseline 0.004 -10"><span class='ocrx_word' id='word_1_41' title='bbox 249 681 333 732; x_wconf 85' lang='lat' dir='ltr'><strong>Illa</strong></span> <span class='ocrx_word' id='word_1_42' title='bbox 354 701 523 741; x_wconf 91' lang='lat' dir='ltr'><strong>meum,</strong></span> <span class='ocrx_word' id='word_1_43' title='bbox 550 683 662 739; x_wconf 83' lang='lat' dir='ltr'><strong>dixi,</strong></span> <span class='ocrx_word' id='word_1_44' title='bbox 687 682 820 732; x_wconf 89' lang='lat' dir='ltr'><strong>litora</strong></span> <span class='ocrx_word' id='word_1_45' title='bbox 841 703 1007 733; x_wconf 90' lang='lat' dir='ltr'><strong>numen</strong></span> <span class='ocrx_word' id='word_1_46' title='bbox 1029 685 1212 735; x_wconf 85' lang='lat' dir='ltr'><strong>habent.</strong></span> <span class='ocrx_word' id='word_1_47' title='bbox 1243 710 1267 731; x_wconf 90' lang='lat'>»</span> 
     </span>
     <span class='ocr_line' id='line_1_11' title="bbox 185 759 1181 821; baseline 0.003 -13"><span class='ocrx_word' id='word_1_48' title='bbox 185 759 247 809; x_wconf 90' lang='lat' dir='ltr'><strong>Et</strong></span> <span class='ocrx_word' id='word_1_49' title='bbox 263 760 416 810; x_wconf 89' lang='lat' dir='ltr'><strong>subito</strong></span> <span class='ocrx_word' id='word_1_50' title='bbox 440 759 567 809; x_wconf 88' lang='lat' dir='ltr'><strong>lassis</strong></span> <span class='ocrx_word' id='word_1_51' title='bbox 590 760 706 809; x_wconf 86' lang='lat' dir='ltr'><strong>vires</strong></span> <span class='ocrx_word' id='word_1_52' title='bbox 726 760 892 810; x_wconf 86' lang='lat' dir='ltr'><strong>rediere</strong></span> <span class='ocrx_word' id='word_1_53' title='bbox 917 761 1090 812; x_wconf 89' lang='lat' dir='ltr'><strong>lacertis</strong></span> <span class='ocrx_word' id='word_1_54' title='bbox 1110 783 1122 821; x_wconf 86' lang='lat'>;</span> <span class='ocrx_word' id='word_1_55' title='bbox 1179 790 1181 792; x_wconf 91' lang='lat'>·</span> 
     </span>
     <span class='ocr_line' id='line_1_12' title="bbox 250 836 1310 905; baseline 0.004 -20"><span class='ocrx_word' id='word_1_56' title='bbox 250 837 469 904; x_wconf 85' lang='lat' dir='ltr'><strong>Visaque,</strong></span> <span class='ocrx_word' id='word_1_57' title='bbox 496 856 628 904; x_wconf 88' lang='lat' dir='ltr'><strong>quam</strong></span> <span class='ocrx_word' id='word_1_58' title='bbox 650 837 816 897; x_wconf 87' lang='lat' dir='ltr'><strong>fuerat,</strong></span> <span class='ocrx_word' id='word_1_59' title='bbox 831 836 1024 905; x_wconf 76' lang='lat' dir='ltr'><strong>¹mollior</strong></span> <span class='ocrx_word' id='word_1_60' title='bbox 1047 838 1167 887; x_wconf 88' lang='lat' dir='ltr'><strong>unda</strong></span> <span class='ocrx_word' id='word_1_61' title='bbox 1187 840 1310 889; x_wconf 91' lang='lat' dir='ltr'><strong>mihi.</strong></span> 
     </span>
     <span class='ocr_line' id='line_1_13' title="bbox 185 913 1251 983; baseline 0.003 -21"><span class='ocrx_word' id='word_1_62' title='bbox 185 913 370 977; x_wconf 82' lang='lat' dir='ltr'>Frigora</span> <span class='ocrx_word' id='word_1_63' title='bbox 391 932 448 965; x_wconf 90' lang='lat' dir='ltr'><strong>ne</strong></span> <span class='ocrx_word' id='word_1_64' title='bbox 462 914 639 981; x_wconf 67' lang='lat' dir='ltr'><strong>‘possim</strong></span> <span class='ocrx_word' id='word_1_65' title='bbox 663 914 798 978; x_wconf 84' lang='lat' dir='ltr'><strong>gelidi</strong></span> <span class='ocrx_word' id='word_1_66' title='bbox 823 916 987 983; x_wconf 79' lang='lat' dir='ltr'><strong>sentire</strong></span> <span class='ocrx_word' id='word_1_67' title='bbox 1010 915 1251 983; x_wconf 86' lang='lat' dir='ltr'><strong>profundi,</strong></span> 
     </span>
     <span class='ocr_line' id='line_1_14' title="bbox 248 983 1614 1060; baseline 0.004 -21"><span class='ocrx_word' id='word_1_68' title='bbox 248 991 348 1056; x_wconf 76' lang='lat' dir='ltr'><strong>Qui</strong></span> <span class='ocrx_word' id='word_1_69' title='bbox 371 990 484 1040; x_wconf 86' lang='lat' dir='ltr'><strong>calet</strong></span> <span class='ocrx_word' id='word_1_70' title='bbox 505 991 553 1039; x_wconf 86' lang='lat' dir='ltr'><strong>in</strong></span> <span class='ocrx_word' id='word_1_71' title='bbox 571 983 736 1059; x_wconf 72' lang='lat' dir='ltr'><strong>cupido</strong></span> <span class='ocrx_word' id='word_1_72' title='bbox 759 1001 937 1059; x_wconf 83' lang='lat' dir='ltr'><strong>pectore</strong></span> <span class='ocrx_word' id='word_1_73' title='bbox 953 1031 966 1053; x_wconf 84' lang='lat'><strong>‚</strong></span> <span class='ocrx_word' id='word_1_74' title='bbox 990 1005 1171 1060; x_wconf 81' lang='lat' dir='ltr'><strong>praestat</strong></span> <span class='ocrx_word' id='word_1_75' title='bbox 1195 1014 1327 1044; x_wconf 88' lang='lat' dir='ltr'><strong>amor.</strong></span> <span class='ocrx_word' id='word_1_76' title='bbox 1570 1023 1614 1059; x_wconf 78' lang='lat'><strong>9⁰</strong></span> 
     </span>
     <span class='ocr_line' id='line_1_15' title="bbox 184 1069 1305 1140; baseline 0.003 -22"><span class='ocrx_word' id='word_1_77' title='bbox 184 1069 295 1135; x_wconf 74' lang='lat' dir='ltr'><strong>Quo</strong></span> <span class='ocrx_word' id='word_1_78' title='bbox 316 1070 458 1134; x_wconf 82' lang='lat' dir='ltr'><strong>magis</strong></span> <span class='ocrx_word' id='word_1_79' title='bbox 482 1069 664 1140; x_wconf 80' lang='lat' dir='ltr'><strong>accedO,</strong></span> <span class='ocrx_word' id='word_1_80' title='bbox 688 1071 989 1140; x_wconf 85' lang='lat' dir='ltr'><strong>propioraque</strong></span> <span class='ocrx_word' id='word_1_81' title='bbox 1014 1070 1146 1121; x_wconf 88' lang='lat' dir='ltr'><strong>litora</strong></span> <span class='ocrx_word' id='word_1_82' title='bbox 1165 1072 1305 1138; x_wconf 80' lang='lat' dir='ltr'><strong>fiunt,</strong></span> 
     </span>
     <span class='ocr_line' id='line_1_16' title="bbox 252 1148 1300 1217; baseline 0.001 -20"><span class='ocrx_word' id='word_1_83' title='bbox 252 1148 450 1216; x_wconf 85' lang='lat' dir='ltr'><strong>Quoque</strong></span> <span class='ocrx_word' id='word_1_84' title='bbox 473 1149 621 1198; x_wconf 87' lang='lat' dir='ltr'><strong>minus</strong></span> <span class='ocrx_word' id='word_1_85' title='bbox 644 1160 801 1207; x_wconf 85' lang='lat' dir='ltr'><strong>restat,</strong></span> <span class='ocrx_word' id='word_1_86' title='bbox 828 1149 931 1217; x_wconf 90' lang='lat' dir='ltr'><strong>plus</strong></span> <span class='ocrx_word' id='word_1_87' title='bbox 955 1149 1067 1199; x_wconf 82' lang='lat' dir='ltr'><strong>libet</strong></span> <span class='ocrx_word' id='word_1_88' title='bbox 1089 1150 1152 1199; x_wconf 88' lang='lat' dir='ltr'><strong>ire</strong></span> <span class='ocrx_word' id='word_1_89' title='bbox 1175 1150 1300 1199; x_wconf 80' lang='lat' dir='ltr'><strong>mihi.</strong></span> 
     </span>
     <span class='ocr_line' id='line_1_17' title="bbox 186 1225 1429 1295; baseline 0.002 -19"><span class='ocrx_word' id='word_1_90' title='bbox 186 1225 343 1292; x_wconf 80' lang='lat' dir='ltr'><strong>Quum</strong></span> <span class='ocrx_word' id='word_1_91' title='bbox 365 1246 470 1276; x_wconf 87' lang='lat' dir='ltr'><strong>vero</strong></span> <span class='ocrx_word' id='word_1_92' title='bbox 494 1245 680 1294; x_wconf 87' lang='lat' dir='ltr'><strong>possum</strong></span> <span class='ocrx_word' id='word_1_93' title='bbox 704 1227 824 1276; x_wconf 87' lang='lat' dir='ltr'><strong>cerni</strong></span> <span class='ocrx_word' id='word_1_94' title='bbox 844 1246 1048 1295; x_wconf 82' lang='lat' dir='ltr'><strong>quoque,</strong></span> <span class='ocrx_word' id='word_1_95' title='bbox 1073 1228 1282 1295; x_wconf 82' lang='lat' dir='ltr'><strong>protinus</strong></span> <span class='ocrx_word' id='word_1_96' title='bbox 1304 1228 1429 1278; x_wconf 87' lang='lat' dir='ltr'><strong>addis</strong></span> 
     </span>
     <span class='ocr_line' id='line_1_18' title="bbox 222 1304 1356 1374; baseline -0.002 -18"><span class='ocrx_word' id='word_1_97' title='bbox 222 1356 225 1357; x_wconf 15' lang='lat'><em>⁷</em></span> <span class='ocrx_word' id='word_1_98' title='bbox 252 1305 504 1374; x_wconf 84' lang='lat' dir='ltr'><strong>Spectatrix</strong></span> <span class='ocrx_word' id='word_1_99' title='bbox 527 1306 699 1354; x_wconf 90' lang='lat' dir='ltr'><strong>animos</strong></span> <span class='ocrx_word' id='word_1_100' title='bbox 713 1317 803 1365; x_wconf 83' lang='lat' dir='ltr'><strong>·‚·ut</strong></span> <span class='ocrx_word' id='word_1_101' title='bbox 826 1304 1079 1373; x_wconf 84' lang='lat' dir='ltr'><strong>valeamque</strong></span> <span class='ocrx_word' id='word_1_102' title='bbox 1103 1306 1224 1355; x_wconf 86' lang='lat' dir='ltr'><strong>facis.</strong></span> <span class='ocrx_word' id='word_1_103' title='bbox 1354 1314 1356 1318; x_wconf 57' lang='lat'><strong>⁴</strong></span> 
     </span>
     <span class='ocr_line' id='line_1_19' title="bbox 186 1383 1617 1453; baseline 0.003 -20"><span class='ocrx_word' id='word_1_104' title='bbox 186 1384 317 1439; x_wconf 82' lang='lat' dir='ltr'><strong>Tunc</strong></span> <span class='ocrx_word' id='word_1_105' title='bbox 340 1384 473 1434; x_wconf 89' lang='lat' dir='ltr'><strong>etiam</strong></span> <span class='ocrx_word' id='word_1_106' title='bbox 493 1383 643 1438; x_wconf 81' lang='lat' dir='ltr'><strong>nando</strong></span> <span class='ocrx_word' id='word_1_107' title='bbox 664 1383 855 1434; x_wconf 80' lang='lat' dir='ltr'><strong>dominae</strong></span> <span class='ocrx_word' id='word_1_108' title='bbox 873 1384 1091 1453; x_wconf 83' lang='lat' dir='ltr'><strong>placuisse</strong></span> <span class='ocrx_word' id='word_1_109' title='bbox 1110 1384 1269 1435; x_wconf 88' lang='lat' dir='ltr'><strong>laboro</strong></span> <span class='ocrx_word' id='word_1_110' title='bbox 1283 1423 1296 1446; x_wconf 87' lang='lat'>,</span> <span class='ocrx_word' id='word_1_111' title='bbox 1571 1404 1617 1449; x_wconf 75' lang='lat'><strong>95</strong></span> 
     </span>
    </p>
   </div>
   <div class='ocr_carea' id='block_1_5' title="bbox 183 1497 882 2804">
    <p class='ocr_par' dir='ltr' id='par_1_5' title="bbox 186 1497 867 1691">
     <span class='ocr_line' id='line_1_20' title="bbox 231 1497 867 1544; baseline 0 -10"><span class='ocrx_word' id='word_1_112' title='bbox 231 1498 285 1534; x_wconf 78' lang='lat'><strong>82.</strong></span> <span class='ocrx_word' id='word_1_113' title='bbox 294 1498 410 1534; x_wconf 71' lang='lat' dir='ltr'><strong>Balce</strong></span> <span class='ocrx_word' id='word_1_114' title='bbox 417 1501 518 1544; x_wconf 81' lang='lat' dir='ltr'><strong>quen&#39;.</strong></span> <span class='ocrx_word' id='word_1_115' title='bbox 529 1497 621 1543; x_wconf 78' lang='lat' dir='ltr'><strong>Coni</strong></span> <span class='ocrx_word' id='word_1_116' title='bbox 626 1497 749 1533; x_wconf 87' lang='lat' dir='ltr'><strong>iciebat</strong></span> <span class='ocrx_word' id='word_1_117' title='bbox 757 1498 867 1534; x_wconf 86' lang='lat' dir='ltr'><strong>Fran-</strong></span> 
     </span>
     <span class='ocr_line' id='line_1_21' title="bbox 186 1549 865 1598; baseline 0 -12"><span class='ocrx_word' id='word_1_118' title='bbox 186 1549 273 1597; x_wconf 73' lang='lat' dir='ltr'><strong>cius,</strong></span> <span class='ocrx_word' id='word_1_119' title='bbox 287 1553 385 1585; x_wconf 70' lang='lat' dir='ltr'><strong>tris-te</strong></span> <span class='ocrx_word' id='word_1_120' title='bbox 395 1554 494 1596; x_wconf 77' lang='lat' dir='ltr'><strong>queri</strong></span> <span class='ocrx_word' id='word_1_121' title='bbox 503 1563 515 1585; x_wconf 83' lang='lat'><strong>.-</strong></span> <span class='ocrx_word' id='word_1_122' title='bbox 527 1550 579 1585; x_wconf 90' lang='lat' dir='ltr'><strong>nil</strong></span> <span class='ocrx_word' id='word_1_123' title='bbox 591 1562 686 1596; x_wconf 86' lang='lat' dir='ltr'><strong>opus.</strong></span> <span class='ocrx_word' id='word_1_124' title='bbox 703 1550 783 1586; x_wconf 87' lang='lat' dir='ltr'><strong>vid.</strong></span> <span class='ocrx_word' id='word_1_125' title='bbox 800 1551 865 1598; x_wconf 82' lang='lat' dir='ltr'><strong>Ep.</strong></span> 
     </span>
     <span class='ocr_line' id='line_1_22' title="bbox 188 1603 867 1648; baseline -0.001 -10"><span class='ocrx_word' id='word_1_126' title='bbox 188 1614 238 1638; x_wconf 81' lang='lat' dir='ltr'><strong>xv</strong></span> <span class='ocrx_word' id='word_1_127' title='bbox 248 1629 258 1647; x_wconf 93' lang='lat'>,</span> <span class='ocrx_word' id='word_1_128' title='bbox 287 1605 359 1639; x_wconf 75' lang='lat'><strong>15‘2.</strong></span> <span class='ocrx_word' id='word_1_129' title='bbox 375 1603 489 1639; x_wconf 75' lang='lat' dir='ltr'><strong>Dulc&#39;e</strong></span> <span class='ocrx_word' id='word_1_130' title='bbox 499 1605 612 1648; x_wconf 79' lang='lat' dir='ltr'><strong>loqui,</strong></span> <span class='ocrx_word' id='word_1_131' title='bbox 629 1603 793 1638; x_wconf 85' lang='lat' dir='ltr'><strong>nonnulli</strong></span> <span class='ocrx_word' id='word_1_132' title='bbox 804 1616 867 1640; x_wconf 92' lang='lat' dir='ltr'><strong>co-</strong></span> 
     </span>
     <span class='ocr_line' id='line_1_23' title="bbox 188 1654 357 1691; baseline 0.006 -1"><span class='ocrx_word' id='word_1_133' title='bbox 188 1654 292 1691; x_wconf 81' lang='lat' dir='ltr'><strong>dices.</strong></span> <span class='ocrx_word' id='word_1_134' title='bbox 339 1664 357 1684; x_wconf 62' lang='grc' dir='ltr'><strong>’ὲ</strong></span> 
     </span>
    </p>

    <p class='ocr_par' dir='ltr' id='par_1_6' title="bbox 183 1708 868 1964">
     <span class='ocr_line' id='line_1_24' title="bbox 205 1708 867 1745; baseline 0.002 -1"><span class='ocrx_word' id='word_1_135' title='bbox 205 1708 282 1744; x_wconf 59' lang='lat' dir='ltr'><strong>‘⁴‘OE-</strong></span> <span class='ocrx_word' id='word_1_136' title='bbox 316 1709 446 1744; x_wconf 64' lang='lat' dir='ltr'><strong>lmen</strong></span> <span class='ocrx_word' id='word_1_137' title='bbox 469 1710 605 1744; x_wconf 75' lang='lat' dir='ltr'><strong>babent.</strong></span> <span class='ocrx_word' id='word_1_138' title='bbox 634 1709 804 1745; x_wconf 88' lang='lat' dir='ltr'><strong>Meliores</strong></span> <span class='ocrx_word' id='word_1_139' title='bbox 830 1717 867 1745; x_wconf 85' lang='lat' dir='ltr'><strong>et</strong></span> 
     </span>
     <span class='ocr_line' id='line_1_25' title="bbox 183 1759 865 1808; baseline 0.001 -11"><span class='ocrx_word' id='word_1_140' title='bbox 183 1759 346 1807; x_wconf 82' lang='lat' dir='ltr'><strong>plurimi,</strong></span> <span class='ocrx_word' id='word_1_141' title='bbox 361 1773 508 1808; x_wconf 56' lang='lat' dir='ltr'><strong>quma-115</strong></span> <span class='ocrx_word' id='word_1_142' title='bbox 524 1775 570 1797; x_wconf 90' lang='lat' dir='ltr'><strong>ne</strong></span> <span class='ocrx_word' id='word_1_143' title='bbox 581 1762 632 1797; x_wconf 87' lang='lat' dir='ltr'><strong>bis</strong></span> <span class='ocrx_word' id='word_1_144' title='bbox 643 1761 738 1798; x_wconf 88' lang='lat' dir='ltr'><strong>idem</strong></span> <span class='ocrx_word' id='word_1_145' title='bbox 755 1762 865 1799; x_wconf 82' lang='lat' dir='ltr'><strong>dicat:</strong></span> 
     </span>
     <span class='ocr_line' id='line_1_26' title="bbox 185 1811 867 1859; baseline 0.003 -12"><span class='ocrx_word' id='word_1_146' title='bbox 185 1814 276 1857; x_wconf 60' lang='grc' dir='ltr'><strong>ἱρῆς</strong></span> <span class='ocrx_word' id='word_1_147' title='bbox 298 1811 396 1848; x_wconf 85' lang='lat' dir='ltr'><strong>enim</strong></span> <span class='ocrx_word' id='word_1_148' title='bbox 411 1813 604 1859; x_wconf 69' lang='lat' dir='ltr'><strong>precessit3</strong></span> <span class='ocrx_word' id='word_1_149' title='bbox 631 1819 666 1848; x_wconf 87' lang='lat' dir='ltr'><strong>et</strong></span> <span class='ocrx_word' id='word_1_150' title='bbox 691 1826 711 1848; x_wconf 82' lang='lat' dir='ltr'><strong>a</strong></span> <span class='ocrx_word' id='word_1_151' title='bbox 731 1817 867 1849; x_wconf 80' lang='lat' dir='ltr'><strong>numine</strong></span> 
     </span>
     <span class='ocr_line' id='line_1_27' title="bbox 185 1860 868 1910; baseline 0.003 -11"><span class='ocrx_word' id='word_1_152' title='bbox 185 1864 315 1910; x_wconf 64' lang='lat' dir='ltr'><strong>rectius</strong></span> <span class='ocrx_word' id='word_1_153' title='bbox 341 1860 434 1900; x_wconf 48' lang='lat' dir='ltr'><strong>&amp;ires</strong></span> <span class='ocrx_word' id='word_1_154' title='bbox 455 1864 597 1900; x_wconf 80' lang='lat' dir='ltr'><strong>rediisse</strong></span> <span class='ocrx_word' id='word_1_155' title='bbox 625 1865 792 1901; x_wconf 86' lang='lat' dir='ltr'><strong>dicuntur</strong></span> <span class='ocrx_word' id='word_1_156' title='bbox 807 1879 816 1901; x_wconf 74' lang='grc' dir='ltr'>ε</span> <span class='ocrx_word' id='word_1_157' title='bbox 832 1873 868 1902; x_wconf 85' lang='lat' dir='ltr'><strong>et</strong></span> 
     </span>
     <span class='ocr_line' id='line_1_28' title="bbox 187 1916 867 1964; baseline 0.003 -12"><span class='ocrx_word' id='word_1_158' title='bbox 187 1916 237 1952; x_wconf 78' lang='lat' dir='ltr'><strong>ita</strong></span> <span class='ocrx_word' id='word_1_159' title='bbox 243 1916 322 1952; x_wconf 71' lang='lat' dir='ltr'><strong>dim</strong></span> <span class='ocrx_word' id='word_1_160' title='bbox 327 1917 499 1953; x_wconf 79' lang='lat' dir='ltr'><strong>editiones</strong></span> <span class='ocrx_word' id='word_1_161' title='bbox 510 1927 650 1964; x_wconf 86' lang='lat' dir='ltr'><strong>quoque</strong></span> <span class='ocrx_word' id='word_1_162' title='bbox 659 1919 816 1954; x_wconf 81' lang='lat' dir='ltr'><strong>Venetae.</strong></span> <span class='ocrx_word' id='word_1_163' title='bbox 825 1920 867 1954; x_wconf 95' lang='grc' dir='ltr'><strong>Β.</strong></span> 
     </span>
    </p>

    <p class='ocr_par' dir='ltr' id='par_1_7' title="bbox 189 1969 872 2178">
     <span class='ocr_line' id='line_1_29' title="bbox 234 1969 869 2018; baseline -0.002 -12"><span class='ocrx_word' id='word_1_164' title='bbox 234 1969 288 2018; x_wconf 76' lang='grc'><strong>89.</strong></span> <span class='ocrx_word' id='word_1_165' title='bbox 309 1972 449 2015; x_wconf 71' lang='lat' dir='ltr'><strong>Fn‘gora</strong></span> <span class='ocrx_word' id='word_1_166' title='bbox 463 1983 506 2005; x_wconf 84' lang='lat' dir='ltr'><strong>ne</strong></span> <span class='ocrx_word' id='word_1_167' title='bbox 514 1973 644 2015; x_wconf 60' lang='lat' dir='ltr'><strong>fi&#39;ossim</strong></span> <span class='ocrx_word' id='word_1_168' title='bbox 655 1972 766 2015; x_wconf 72' lang='lat' dir='ltr'><strong>gemli</strong></span> <span class='ocrx_word' id='word_1_169' title='bbox 781 1984 869 2006; x_wconf 81' lang='lat' dir='ltr'><strong>sen—</strong></span> 
     </span>
     <span class='ocr_line' id='line_1_30' title="bbox 189 2021 871 2068; baseline 0.003 -12"><span class='ocrx_word' id='word_1_170' title='bbox 189 2024 254 2057; x_wconf 75' lang='lat' dir='ltr'><strong>11¹ae</strong></span> <span class='ocrx_word' id='word_1_171' title='bbox 261 2021 501 2068; x_wconf 75' lang='lat' dir='ltr'><strong>pmsnndietc.</strong></span> <span class='ocrx_word' id='word_1_172' title='bbox 517 2022 576 2058; x_wconf 82' lang='lat' dir='ltr'><strong>sie</strong></span> <span class='ocrx_word' id='word_1_173' title='bbox 592 2034 733 2068; x_wconf 82' lang='lat' dir='ltr'><strong>quoque</strong></span> <span class='ocrx_word' id='word_1_174' title='bbox 753 2022 871 2058; x_wconf 90' lang='lat' dir='ltr'><strong>Lean-</strong></span> 
     </span>
     <span class='ocr_line' id='line_1_31' title="bbox 191 2073 718 2132; baseline 0.002 -24"><span class='ocrx_word' id='word_1_175' title='bbox 191 2073 259 2109; x_wconf 83' lang='lat' dir='ltr'><strong>der</strong></span> <span class='ocrx_word' id='word_1_176' title='bbox 269 2101 280 2120; x_wconf 92' lang='lat'>‚</span> <span class='ocrx_word' id='word_1_177' title='bbox 302 2074 400 2132; x_wconf 66' lang='lat' dir='ltr'><strong>apud</strong></span> <span class='ocrx_word' id='word_1_178' title='bbox 412 2075 608 2119; x_wconf 70' lang='lat' dir='ltr'><strong>Musaeum,</strong></span> <span class='ocrx_word' id='word_1_179' title='bbox 627 2076 692 2119; x_wconf 81' lang='lat'><strong>245</strong></span> <span class='ocrx_word' id='word_1_180' title='bbox 709 2087 718 2109; x_wconf 73' lang='grc' dir='ltr'><em>τ</em></span> 
     </span>
     <span class='ocr_line' id='line_1_32' title="bbox 194 2128 872 2178; baseline 0 -15"><span class='ocrx_word' id='word_1_181' title='bbox 194 2131 296 2167; x_wconf 50' lang='lat' dir='ltr'><strong>Aemi:</strong></span> <span class='ocrx_word' id='word_1_182' title='bbox 310 2136 418 2178; x_wconf 66' lang='grc' dir='ltr'><strong>Ερως,</strong></span> <span class='ocrx_word' id='word_1_183' title='bbox 433 2131 597 2168; x_wconf 59' lang='grc' dir='ltr'><strong>πἀὶκόντος</strong></span> <span class='ocrx_word' id='word_1_184' title='bbox 612 2128 781 2173; x_wconf 72' lang='grc' dir='ltr'><strong><em>ἀμείλιχος·</em></strong></span> <span class='ocrx_word' id='word_1_185' title='bbox 796 2128 872 2163; x_wconf 71' lang='grc' dir='ltr'>ἀλλὰ</span> 
     </span>
    </p>

    <p class='ocr_par' dir='ltr' id='par_1_8' title="bbox 193 2182 879 2284">
     <span class='ocr_line' id='line_1_33' title="bbox 221 2182 800 2224; baseline 0.005 -6"><span class='ocrx_word' id='word_1_186' title='bbox 221 2193 225 2197; x_wconf 73' lang='grc'>’</span> <span class='ocrx_word' id='word_1_187' title='bbox 280 2182 436 2224; x_wconf 64' lang='grc' dir='ltr'><strong>’θαλέσόης</strong></span> <span class='ocrx_word' id='word_1_188' title='bbox 798 2192 800 2194; x_wconf 71' lang='grc'>’</span> 
     </span>
     <span class='ocr_line' id='line_1_34' title="bbox 193 2227 879 2284; baseline -0.003 -13"><span class='ocrx_word' id='word_1_189' title='bbox 193 2230 296 2276; x_wconf 56' lang='lat' dir='ltr'><strong>’Rea</strong></span> <span class='ocrx_word' id='word_1_190' title='bbox 316 2238 410 2284; x_wconf 56' lang='lat' dir='ltr'><strong>me,</strong></span> <span class='ocrx_word' id='word_1_191' title='bbox 433 2235 468 2270; x_wconf 68' lang='grc' dir='ltr'><strong>τὸ</strong></span> <span class='ocrx_word' id='word_1_192' title='bbox 484 2227 512 2270; x_wconf 61' lang='grc' dir='ltr'><strong>δ’</strong></span> <span class='ocrx_word' id='word_1_193' title='bbox 540 2229 675 2284; x_wconf 66' lang='grc' dir='ltr'><strong>’Ἑρωτος</strong></span> <span class='ocrx_word' id='word_1_194' title='bbox 690 2233 760 2279; x_wconf 56' lang='grc' dir='ltr'><strong>’ἐμὲ</strong></span> <span class='ocrx_word' id='word_1_195' title='bbox 779 2234 879 2281; x_wconf 63' lang='grc' dir='ltr'><strong>φλέγει</strong></span> 
     </span>
    </p>

    <p class='ocr_par' dir='ltr' id='par_1_9' title="bbox 285 2287 535 2338">
     <span class='ocr_line' id='line_1_35' title="bbox 285 2287 535 2338; baseline 0 -17"><span class='ocrx_word' id='word_1_196' title='bbox 285 2287 451 2332; x_wconf 63' lang='grc' dir='ltr'><strong>ἒνθὸμυχεν</strong></span> <span class='ocrx_word' id='word_1_197' title='bbox 468 2292 535 2338; x_wconf 65' lang='grc' dir='ltr'><strong>πῦρ.</strong></span> 
     </span>
    </p>

    <p class='ocr_par' dir='ltr' id='par_1_10' title="bbox 195 2338 882 2804">
     <span class='ocr_line' id='line_1_36' title="bbox 197 2338 880 2384; baseline -0.003 -9"><span class='ocrx_word' id='word_1_198' title='bbox 197 2338 271 2375; x_wconf 80' lang='lat' dir='ltr'><strong>Ubi</strong></span> <span class='ocrx_word' id='word_1_199' title='bbox 285 2351 427 2374; x_wconf 75' lang='lat' dir='ltr'><strong>acumen</strong></span> <span class='ocrx_word' id='word_1_200' title='bbox 450 2339 489 2374; x_wconf 91' lang='lat' dir='ltr'><strong>in</strong></span> <span class='ocrx_word' id='word_1_201' title='bbox 515 2339 608 2374; x_wconf 85' lang='lat' dir='ltr'><strong>malo</strong></span> <span class='ocrx_word' id='word_1_202' title='bbox 629 2338 706 2374; x_wconf 87' lang='lat' dir='ltr'><strong>loco</strong></span> <span class='ocrx_word' id='word_1_203' title='bbox 727 2341 880 2384; x_wconf 74' lang='lat' dir='ltr'><strong>positum</strong></span> 
     </span>
     <span class='ocr_line' id='line_1_37' title="bbox 195 2389 878 2438; baseline -0.004 -11"><span class='ocrx_word' id='word_1_204' title='bbox 195 2392 276 2438; x_wconf 78' lang='lat' dir='ltr'><strong>jure</strong></span> <span class='ocrx_word' id='word_1_205' title='bbox 302 2389 531 2437; x_wconf 81' lang='lat' dir='ltr'><strong>&#39;reprehendit</strong></span> <span class='ocrx_word' id='word_1_206' title='bbox 557 2390 680 2426; x_wconf 84' lang='lat' dir='ltr'><strong>doctus</strong></span> <span class='ocrx_word' id='word_1_207' title='bbox 704 2392 878 2425; x_wconf 75' lang='lat' dir='ltr'><strong>Heinrich.</strong></span> 
     </span>
     <span class='ocr_line' id='line_1_38' title="bbox 199 2439 879 2490; baseline -0.003 -11"><span class='ocrx_word' id='word_1_208' title='bbox 199 2443 293 2490; x_wconf 80' lang='lat' dir='ltr'><strong>Quis</strong></span> <span class='ocrx_word' id='word_1_209' title='bbox 307 2439 405 2479; x_wconf 72' lang='lat' dir='ltr'><strong>enim</strong></span> <span class='ocrx_word' id='word_1_210' title='bbox 418 2443 483 2479; x_wconf 82' lang='lat' dir='ltr'><strong>sihi</strong></span> <span class='ocrx_word' id='word_1_211' title='bbox 497 2443 704 2490; x_wconf 84' lang='lat' dir='ltr'><strong>persuadeat</strong></span> <span class='ocrx_word' id='word_1_212' title='bbox 715 2470 725 2487; x_wconf 92' lang='lat'>,</span> <span class='ocrx_word' id='word_1_213' title='bbox 745 2443 879 2488; x_wconf 85' lang='lat' dir='ltr'><strong>inquit,</strong></span> 
     </span>
     <span class='ocr_line' id='line_1_39' title="bbox 197 2495 882 2544; baseline -0.003 -12"><span class='ocrx_word' id='word_1_214' title='bbox 197 2497 372 2544; x_wconf 77' lang='lat' dir='ltr'><strong>juvenem</strong></span> <span class='ocrx_word' id='word_1_215' title='bbox 387 2496 495 2531; x_wconf 76' lang='lat' dir='ltr'><strong>maris</strong></span> <span class='ocrx_word' id='word_1_216' title='bbox 513 2495 676 2531; x_wconf 81' lang='lat' dir='ltr'><strong>concitati</strong></span> <span class='ocrx_word' id='word_1_217' title='bbox 692 2495 819 2530; x_wconf 87' lang='lat' dir='ltr'><strong>timore</strong></span> <span class='ocrx_word' id='word_1_218' title='bbox 834 2495 882 2530; x_wconf 86' lang='lat' dir='ltr'><strong>si-</strong></span> 
     </span>
     <span class='ocr_line' id='line_1_40' title="bbox 197 2547 881 2594; baseline 0 -10"><span class='ocrx_word' id='word_1_219' title='bbox 197 2549 275 2585; x_wconf 82' lang='lat' dir='ltr'><strong>mul</strong></span> <span class='ocrx_word' id='word_1_220' title='bbox 288 2575 299 2594; x_wconf 82' lang='lat'>,</span> <span class='ocrx_word' id='word_1_221' title='bbox 325 2555 362 2584; x_wconf 85' lang='lat' dir='ltr'><strong>et</strong></span> <span class='ocrx_word' id='word_1_222' title='bbox 375 2561 525 2584; x_wconf 79' lang='lat' dir='ltr'><strong>summo-</strong></span> <span class='ocrx_word' id='word_1_223' title='bbox 534 2548 661 2584; x_wconf 86' lang='lat' dir='ltr'><strong>amoris</strong></span> <span class='ocrx_word' id='word_1_224' title='bbox 678 2549 804 2583; x_wconf 73' lang='lat' dir='ltr'><strong>affectu</strong></span> <span class='ocrx_word' id='word_1_225' title='bbox 816 2547 881 2584; x_wconf 76' lang='lat' dir='ltr'><strong>dis-</strong></span> 
     </span>
     <span class='ocr_line' id='line_1_41' title="bbox 197 2599 879 2647; baseline -0.001 -10"><span class='ocrx_word' id='word_1_226' title='bbox 197 2600 407 2647; x_wconf 75' lang='lat' dir='ltr'><strong>cruciatum,</strong></span> <span class='ocrx_word' id='word_1_227' title='bbox 426 2608 463 2636; x_wconf 83' lang='lat' dir='ltr'><strong>et</strong></span> <span class='ocrx_word' id='word_1_228' title='bbox 479 2601 549 2635; x_wconf 85' lang='lat' dir='ltr'><strong>utri</strong></span> <span class='ocrx_word' id='word_1_229' title='bbox 563 2600 705 2636; x_wconf 88' lang='lat' dir='ltr'><strong>cederet</strong></span> <span class='ocrx_word' id='word_1_230' title='bbox 719 2599 879 2646; x_wconf 81' lang='lat' dir='ltr'><strong>dubium,</strong></span> 
     </span>
     <span class='ocr_line' id='line_1_42' title="bbox 197 2652 881 2700; baseline -0.003 -9"><span class='ocrx_word' id='word_1_231' title='bbox 197 2654 239 2691; x_wconf 80' lang='lat' dir='ltr'><strong>in</strong></span> <span class='ocrx_word' id='word_1_232' title='bbox 254 2654 404 2700; x_wconf 74' lang='lat' dir='ltr'><strong>argutias</strong></span> <span class='ocrx_word' id='word_1_233' title='bbox 421 2652 575 2689; x_wconf 88' lang='lat' dir='ltr'><strong>incidere</strong></span> <span class='ocrx_word' id='word_1_234' title='bbox 593 2653 744 2699; x_wconf 88' lang='lat' dir='ltr'><strong>potuisse</strong></span> <span class='ocrx_word' id='word_1_235' title='bbox 759 2679 769 2698; x_wconf 83' lang='lat'>,</span> <span class='ocrx_word' id='word_1_236' title='bbox 797 2665 881 2700; x_wconf 89' lang='lat' dir='ltr'><strong>quas</strong></span> 
     </span>
     <span class='ocr_line' id='line_1_43' title="bbox 201 2706 882 2753; baseline -0.001 -12"><span class='ocrx_word' id='word_1_237' title='bbox 201 2706 263 2752; x_wconf 84' lang='lat' dir='ltr'><strong>qui</strong></span> <span class='ocrx_word' id='word_1_238' title='bbox 277 2707 432 2753; x_wconf 84' lang='lat' dir='ltr'><strong>proferat</strong></span> <span class='ocrx_word' id='word_1_239' title='bbox 443 2733 452 2751; x_wconf 91' lang='lat'>,</span> <span class='ocrx_word' id='word_1_240' title='bbox 464 2707 621 2751; x_wconf 81' lang='lat' dir='ltr'><strong>profecto</strong></span> <span class='ocrx_word' id='word_1_241' title='bbox 637 2706 740 2752; x_wconf 81' lang='lat' dir='ltr'><strong>paulo</strong></span> <span class='ocrx_word' id='word_1_242' title='bbox 755 2706 882 2741; x_wconf 87' lang='lat' dir='ltr'><strong>lentior</strong></span> 
     </span>
     <span class='ocr_line' id='line_1_44' title="bbox 203 2757 808 2804; baseline -0.003 -9"><span class='ocrx_word' id='word_1_243' title='bbox 203 2771 246 2795; x_wconf 82' lang='lat' dir='ltr'><strong>ac</strong></span> <span class='ocrx_word' id='word_1_244' title='bbox 258 2757 478 2804; x_wconf 85' lang='lat' dir='ltr'><strong>tranquillior</strong></span> <span class='ocrx_word' id='word_1_245' title='bbox 491 2758 535 2793; x_wconf 83' lang='lat' dir='ltr'><strong>sit</strong></span> <span class='ocrx_word' id='word_1_246' title='bbox 549 2784 558 2803; x_wconf 93' lang='lat'><em>,</em></span> <span class='ocrx_word' id='word_1_247' title='bbox 576 2771 717 2793; x_wconf 87' lang='lat' dir='ltr'><strong>necesse</strong></span> <span class='ocrx_word' id='word_1_248' title='bbox 731 2758 808 2793; x_wconf 82' lang='lat' dir='ltr'><strong>est?</strong></span> 
     </span>
    </p>
   </div>
   <div class='ocr_carea' id='block_1_6' title="bbox 214 2811 880 2859">
    <p class='ocr_par' dir='ltr' id='par_1_11' title="bbox 214 2811 880 2859">
     <span class='ocr_line' id='line_1_45' title="bbox 214 2811 880 2859; baseline 0.003 -13"><span class='ocrx_word' id='word_1_249' title='bbox 214 2820 217 2823; x_wconf 58' lang='lat'><em>⁴</em></span> <span class='ocrx_word' id='word_1_250' title='bbox 247 2823 304 2859; x_wconf 68' lang='lat'><strong>9⁰·</strong></span> <span class='ocrx_word' id='word_1_251' title='bbox 331 2812 403 2857; x_wconf 75' lang='lat' dir='ltr'><strong>Qui</strong></span> <span class='ocrx_word' id='word_1_252' title='bbox 422 2813 522 2847; x_wconf 83' lang='lat' dir='ltr'><strong>calet.</strong></span> <span class='ocrx_word' id='word_1_253' title='bbox 561 2812 638 2857; x_wconf 79' lang='lat' dir='ltr'><strong>Qua</strong></span> <span class='ocrx_word' id='word_1_254' title='bbox 656 2811 857 2848; x_wconf 61' lang='lat' dir='ltr'><strong>Puteanus,</strong></span> <span class='ocrx_word' id='word_1_255' title='bbox 870 2837 880 2856; x_wconf 89' lang='lat'>‚</span> 
     </span>
    </p>
   </div>
   <div class='ocr_carea' id='block_1_7' title="bbox 930 1499 1628 2645">
    <p class='ocr_par' dir='ltr' id='par_1_12' title="bbox 930 1499 1618 1641">
     <span class='ocr_line' id='line_1_46' title="bbox 931 1499 1616 1545; baseline 0 -10"><span class='ocrx_word' id='word_1_256' title='bbox 931 1506 967 1535; x_wconf 90' lang='lat' dir='ltr'><strong>et</strong></span> <span class='ocrx_word' id='word_1_257' title='bbox 983 1512 1002 1535; x_wconf 86' lang='lat' dir='ltr'><strong>a</strong></span> <span class='ocrx_word' id='word_1_258' title='bbox 1017 1512 1127 1536; x_wconf 88' lang='lat' dir='ltr'><strong>manu</strong></span> <span class='ocrx_word' id='word_1_259' title='bbox 1143 1499 1296 1536; x_wconf 86' lang='lat' dir='ltr'><strong>secunda</strong></span> <span class='ocrx_word' id='word_1_260' title='bbox 1307 1527 1316 1545; x_wconf 92' lang='lat'>,</span> <span class='ocrx_word' id='word_1_261' title='bbox 1336 1501 1420 1544; x_wconf 84' lang='lat' dir='ltr'><strong>Quo.</strong></span> <span class='ocrx_word' id='word_1_262' title='bbox 1443 1500 1616 1536; x_wconf 83' lang='lat' dir='ltr'><strong>Barberi-</strong></span> 
     </span>
     <span class='ocr_line' id='line_1_47' title="bbox 930 1553 1618 1599; baseline 0.001 -12"><span class='ocrx_word' id='word_1_263' title='bbox 930 1553 1057 1589; x_wconf 86' lang='lat' dir='ltr'><strong>nianus</strong></span> <span class='ocrx_word' id='word_1_264' title='bbox 1076 1581 1085 1598; x_wconf 94' lang='lat'>,</span> <span class='ocrx_word' id='word_1_265' title='bbox 1124 1555 1233 1598; x_wconf 83' lang='lat' dir='ltr'><strong>Quod.</strong></span> <span class='ocrx_word' id='word_1_266' title='bbox 1257 1554 1393 1589; x_wconf 73' lang='lat' dir='ltr'><strong>Hssms.</strong></span> <span class='ocrx_word' id='word_1_267' title='bbox 1427 1555 1469 1587; x_wconf 79' lang='lat' dir='ltr'><strong>ln</strong></span> <span class='ocrx_word' id='word_1_268' title='bbox 1505 1555 1618 1599; x_wconf 78' lang='lat' dir='ltr'><strong>lepido</strong></span> 
     </span>
     <span class='ocr_line' id='line_1_48' title="bbox 931 1601 1408 1641; baseline 0 -1"><span class='ocrx_word' id='word_1_269' title='bbox 931 1605 1038 1640; x_wconf 87' lang='lat' dir='ltr'><strong>etiam</strong></span> <span class='ocrx_word' id='word_1_270' title='bbox 1058 1601 1212 1641; x_wconf 82' lang='lat' dir='ltr'><strong>malebat</strong></span> <span class='ocrx_word' id='word_1_271' title='bbox 1229 1605 1408 1641; x_wconf 85' lang='lat' dir='ltr'><strong>Francius.</strong></span> 
     </span>
    </p>

    <p class='ocr_par' dir='ltr' id='par_1_13' title="bbox 930 1657 1628 2645">
     <span class='ocr_line' id='line_1_49' title="bbox 973 1657 1617 1706; baseline 0 -14"><span class='ocrx_word' id='word_1_272' title='bbox 973 1659 1027 1706; x_wconf 80' lang='lat'><strong>95.</strong></span> <span class='ocrx_word' id='word_1_273' title='bbox 1049 1659 1145 1693; x_wconf 85' lang='lat' dir='ltr'><strong>Tunc</strong></span> <span class='ocrx_word' id='word_1_274' title='bbox 1159 1662 1273 1699; x_wconf 63' lang='lat' dir='ltr'><strong>eliam</strong></span> <span class='ocrx_word' id='word_1_275' title='bbox 1295 1659 1396 1694; x_wconf 82' lang='lat' dir='ltr'><strong>Nunc</strong></span> <span class='ocrx_word' id='word_1_276' title='bbox 1411 1661 1516 1693; x_wconf 83' lang='lat' dir='ltr'><strong>etiam</strong></span> <span class='ocrx_word' id='word_1_277' title='bbox 1532 1657 1617 1693; x_wconf 88' lang='lat' dir='ltr'><strong>Pu-</strong></span> 
     </span>
     <span class='ocr_line' id='line_1_50' title="bbox 930 1709 1618 1755; baseline 0 -11"><span class='ocrx_word' id='word_1_278' title='bbox 930 1716 1084 1745; x_wconf 83' lang='lat' dir='ltr'><strong>teaneus.</strong></span> <span class='ocrx_word' id='word_1_279' title='bbox 1099 1709 1240 1746; x_wconf 50' lang='lat' dir='ltr'><strong>Hunis.</strong></span> <span class='ocrx_word' id='word_1_280' title='bbox 1266 1711 1321 1745; x_wconf 87' lang='lat' dir='ltr'><strong>Ita</strong></span> <span class='ocrx_word' id='word_1_281' title='bbox 1337 1711 1372 1745; x_wconf 84' lang='lat' dir='ltr'><strong>e&#39;t</strong></span> <span class='ocrx_word' id='word_1_282' title='bbox 1389 1709 1461 1755; x_wconf 79' lang='lat' dir='ltr'><strong>duo</strong></span> <span class='ocrx_word' id='word_1_283' title='bbox 1484 1710 1540 1754; x_wconf 77' lang='lat' dir='ltr'><strong>alii</strong></span> <span class='ocrx_word' id='word_1_284' title='bbox 1556 1723 1618 1745; x_wconf 88' lang='lat' dir='ltr'><strong>co-</strong></span> 
     </span>
     <span class='ocr_line' id='line_1_51' title="bbox 931 1761 1619 1808; baseline 0 -12"><span class='ocrx_word' id='word_1_285' title='bbox 931 1761 1032 1797; x_wconf 81' lang='lat' dir='ltr'><strong>dices.</strong></span> <span class='ocrx_word' id='word_1_286' title='bbox 1067 1761 1148 1797; x_wconf 85' lang='lat' dir='ltr'><strong>Vid.</strong></span> <span class='ocrx_word' id='word_1_287' title='bbox 1172 1761 1285 1808; x_wconf 51' lang='lat' dir='ltr'><strong>Epis&amp;</strong></span> <span class='ocrx_word' id='word_1_288' title='bbox 1310 1773 1386 1806; x_wconf 84' lang='lat' dir='ltr'><strong>xn,</strong></span> <span class='ocrx_word' id='word_1_289' title='bbox 1417 1763 1485 1805; x_wconf 83' lang='lat'><strong>533</strong></span> <span class='ocrx_word' id='word_1_290' title='bbox 1513 1762 1619 1797; x_wconf 85' lang='lat' dir='ltr'><strong>etita</strong></span> 
     </span>
     <span class='ocr_line' id='line_1_52' title="bbox 930 1813 1619 1861; baseline 0 -13"><span class='ocrx_word' id='word_1_291' title='bbox 930 1826 1020 1860; x_wconf 86' lang='lat' dir='ltr'><strong>saepe</strong></span> <span class='ocrx_word' id='word_1_292' title='bbox 1037 1821 1239 1860; x_wconf 87' lang='lat' dir='ltr'><strong>peccatum,</strong></span> <span class='ocrx_word' id='word_1_293' title='bbox 1270 1815 1350 1861; x_wconf 86' lang='lat' dir='ltr'><strong>quia</strong></span> <span class='ocrx_word' id='word_1_294' title='bbox 1369 1813 1522 1858; x_wconf 79' lang='lat' dir='ltr'><strong>librarii,</strong></span> <span class='ocrx_word' id='word_1_295' title='bbox 1541 1825 1619 1849; x_wconf 86' lang='lat' dir='ltr'><strong>non</strong></span> 
     </span>
     <span class='ocr_line' id='line_1_53' title="bbox 931 1866 1619 1913; baseline 0 -12"><span class='ocrx_word' id='word_1_296' title='bbox 931 1868 1031 1912; x_wconf 55' lang='lat' dir='ltr'><strong>aeque</strong></span> <span class='ocrx_word' id='word_1_297' title='bbox 1053 1873 1093 1902; x_wconf 88' lang='lat' dir='ltr'><strong>ut</strong></span> <span class='ocrx_word' id='word_1_298' title='bbox 1121 1874 1234 1913; x_wconf 85' lang='lat' dir='ltr'><strong>poetae</strong></span> <span class='ocrx_word' id='word_1_299' title='bbox 1249 1894 1258 1912; x_wconf 91' lang='lat'>‚</span> <span class='ocrx_word' id='word_1_300' title='bbox 1291 1874 1430 1913; x_wconf 86' lang='lat' dir='ltr'><strong>tempus</strong></span> <span class='ocrx_word' id='word_1_301' title='bbox 1451 1866 1619 1912; x_wconf 74' lang='lat' dir='ltr'><strong>praeteri-</strong></span> 
     </span>
     <span class='ocr_line' id='line_1_54' title="bbox 933 1919 1618 1966; baseline 0.001 -13"><span class='ocrx_word' id='word_1_302' title='bbox 933 1925 1033 1963; x_wconf 85' lang='lat' dir='ltr'><strong>tum,</strong></span> <span class='ocrx_word' id='word_1_303' title='bbox 1056 1919 1120 1954; x_wconf 86' lang='lat' dir='ltr'><strong>sibi</strong></span> <span class='ocrx_word' id='word_1_304' title='bbox 1145 1932 1296 1965; x_wconf 86' lang='lat' dir='ltr'><strong>praesens</strong></span> <span class='ocrx_word' id='word_1_305' title='bbox 1320 1919 1456 1966; x_wconf 86' lang='lat' dir='ltr'><strong>fingere</strong></span> <span class='ocrx_word' id='word_1_306' title='bbox 1483 1925 1618 1966; x_wconf 79' lang='lat' dir='ltr'><strong>potue-</strong></span> 
     </span>
     <span class='ocr_line' id='line_1_55' title="bbox 933 1971 1621 2019; baseline 0.001 -14"><span class='ocrx_word' id='word_1_307' title='bbox 933 1978 1028 2006; x_wconf 87' lang='lat' dir='ltr'><strong>runt.</strong></span> <span class='ocrx_word' id='word_1_308' title='bbox 1045 1971 1175 2006; x_wconf 62' lang='lat' dir='ltr'><strong>Bolum.</strong></span> <span class='ocrx_word' id='word_1_309' title='bbox 1193 1990 1237 1998; x_wconf 90' lang='lat'><strong>—</strong></span> <span class='ocrx_word' id='word_1_310' title='bbox 1248 1973 1374 2019; x_wconf 67' lang='lat' dir='ltr'><strong>Nandp</strong></span> <span class='ocrx_word' id='word_1_311' title='bbox 1391 1973 1532 2007; x_wconf 75' lang='lat' dir='ltr'><strong>domina·</strong></span> <span class='ocrx_word' id='word_1_312' title='bbox 1544 1974 1621 2016; x_wconf 80' lang='lat' dir='ltr'><strong>pla·</strong></span> 
     </span>
     <span class='ocr_line' id='line_1_56' title="bbox 933 2022 1622 2069; baseline 0 -11"><span class='ocrx_word' id='word_1_313' title='bbox 933 2027 1046 2058; x_wconf 80' lang='lat' dir='ltr'><strong>cuisse</strong></span> <span class='ocrx_word' id='word_1_314' title='bbox 1057 2026 1182 2058; x_wconf 81' lang='lat' dir='ltr'><strong>laboro.</strong></span> <span class='ocrx_word' id='word_1_315' title='bbox 1197 2022 1283 2068; x_wconf 87' lang='lat' dir='ltr'><strong>Quo</strong></span> <span class='ocrx_word' id='word_1_316' title='bbox 1295 2023 1432 2069; x_wconf 80' lang='lat' dir='ltr'><strong>longius</strong></span> <span class='ocrx_word' id='word_1_317' title='bbox 1446 2024 1482 2058; x_wconf 90' lang='lat' dir='ltr'><strong>in</strong></span> <span class='ocrx_word' id='word_1_318' title='bbox 1495 2037 1622 2058; x_wconf 84' lang='lat' dir='ltr'><strong>recen-</strong></span> 
     </span>
     <span class='ocr_line' id='line_1_57' title="bbox 935 2075 1621 2122; baseline 0 -11"><span class='ocrx_word' id='word_1_319' title='bbox 935 2075 1045 2111; x_wconf 85' lang='lat' dir='ltr'><strong>senda</strong></span> <span class='ocrx_word' id='word_1_320' title='bbox 1059 2075 1125 2110; x_wconf 88' lang='lat' dir='ltr'><strong>hac</strong></span> <span class='ocrx_word' id='word_1_321' title='bbox 1142 2075 1297 2121; x_wconf 82' lang='lat' dir='ltr'><strong>Epistola</strong></span> <span class='ocrx_word' id='word_1_322' title='bbox 1309 2075 1476 2122; x_wconf 84' lang='lat' dir='ltr'><strong>procedo,</strong></span> <span class='ocrx_word' id='word_1_323' title='bbox 1490 2089 1533 2111; x_wconf 93' lang='lat' dir='ltr'><strong>eo</strong></span> <span class='ocrx_word' id='word_1_324' title='bbox 1542 2089 1621 2111; x_wconf 88' lang='lat' dir='ltr'><strong>ma-</strong></span> 
     </span>
     <span class='ocr_line' id='line_1_58' title="bbox 944 2127 1625 2176; baseline 0 -13"><span class='ocrx_word' id='word_1_325' title='bbox 944 2129 993 2176; x_wconf 83' lang='lat' dir='ltr'><strong>gis</strong></span> <span class='ocrx_word' id='word_1_326' title='bbox 1010 2128 1155 2164; x_wconf 86' lang='lat' dir='ltr'><strong>Barthio</strong></span> <span class='ocrx_word' id='word_1_327' title='bbox 1173 2127 1367 2173; x_wconf 83' lang='lat' dir='ltr'><strong>adsentior,</strong></span> <span class='ocrx_word' id='word_1_328' title='bbox 1383 2128 1444 2174; x_wconf 90' lang='lat' dir='ltr'><strong>qui</strong></span> <span class='ocrx_word' id='word_1_329' title='bbox 1456 2128 1549 2163; x_wconf 86' lang='lat' dir='ltr'><strong>illam</strong></span> <span class='ocrx_word' id='word_1_330' title='bbox 1567 2129 1625 2163; x_wconf 81' lang='lat' dir='ltr'><strong>vix</strong></span> 
     </span>
     <span class='ocr_line' id='line_1_59' title="bbox 942 2180 1625 2227; baseline 0 -11"><span class='ocrx_word' id='word_1_331' title='bbox 942 2181 1032 2216; x_wconf 85' lang='lat' dir='ltr'><strong>ausit</strong></span> <span class='ocrx_word' id='word_1_332' title='bbox 1057 2180 1187 2216; x_wconf 90' lang='lat' dir='ltr'><strong>Ovidio</strong></span> <span class='ocrx_word' id='word_1_333' title='bbox 1211 2180 1415 2216; x_wconf 82' lang='lat' dir='ltr'><strong>adscribere.</strong></span> <span class='ocrx_word' id='word_1_334' title='bbox 1451 2181 1625 2227; x_wconf 80' lang='lat' dir='ltr'><strong>Quamvis</strong></span> 
     </span>
     <span class='ocr_line' id='line_1_60' title="bbox 942 2233 1625 2280; baseline -0.001 -12"><span class='ocrx_word' id='word_1_335' title='bbox 942 2235 1040 2268; x_wconf 86' lang='lat' dir='ltr'><strong>enim</strong></span> <span class='ocrx_word' id='word_1_336' title='bbox 1070 2246 1151 2268; x_wconf 90' lang='lat' dir='ltr'><strong>raro</strong></span> <span class='ocrx_word' id='word_1_337' title='bbox 1177 2233 1307 2269; x_wconf 82' lang='lat' dir='ltr'><strong>Noster</strong></span> <span class='ocrx_word' id='word_1_338' title='bbox 1329 2233 1454 2268; x_wconf 82' lang='lat' dir='ltr'><strong>vitium</strong></span> <span class='ocrx_word' id='word_1_339' title='bbox 1480 2234 1625 2280; x_wconf 82' lang='lat' dir='ltr'><strong>e&#39;ssugiat</strong></span> 
     </span>
     <span class='ocr_line' id='line_1_61' title="bbox 943 2286 1622 2333; baseline -0.001 -12"><span class='ocrx_word' id='word_1_340' title='bbox 943 2286 1148 2332; x_wconf 84' lang='lat' dir='ltr'><strong>luxuriantis</strong></span> <span class='ocrx_word' id='word_1_341' title='bbox 1168 2299 1272 2332; x_wconf 89' lang='lat' dir='ltr'><strong>supra</strong></span> <span class='ocrx_word' id='word_1_342' title='bbox 1296 2286 1444 2320; x_wconf 89' lang='lat' dir='ltr'><strong>modum</strong></span> <span class='ocrx_word' id='word_1_343' title='bbox 1467 2286 1622 2333; x_wconf 81' lang='lat' dir='ltr'><strong>ingenii,</strong></span> 
     </span>
     <span class='ocr_line' id='line_1_62' title="bbox 944 2339 1623 2384; baseline 0 -11"><span class='ocrx_word' id='word_1_344' title='bbox 944 2348 1141 2384; x_wconf 88' lang='lat' dir='ltr'><strong>numquam</strong></span> <span class='ocrx_word' id='word_1_345' title='bbox 1156 2345 1274 2374; x_wconf 86' lang='lat' dir='ltr'><strong>tamen</strong></span> <span class='ocrx_word' id='word_1_346' title='bbox 1287 2351 1330 2374; x_wconf 93' lang='lat' dir='ltr'><strong>eo</strong></span> <span class='ocrx_word' id='word_1_347' title='bbox 1341 2339 1438 2374; x_wconf 64' lang='lat' dir='ltr'><strong>venit</strong></span> <span class='ocrx_word' id='word_1_348' title='bbox 1454 2339 1603 2374; x_wconf 81' lang='lat' dir='ltr'><strong>licentiae</strong></span> <span class='ocrx_word' id='word_1_349' title='bbox 1613 2366 1623 2383; x_wconf 91' lang='lat'>,</span> 
     </span>
     <span class='ocr_line' id='line_1_63' title="bbox 945 2391 1627 2427; baseline 0.001 -1"><span class='ocrx_word' id='word_1_350' title='bbox 945 2399 985 2427; x_wconf 86' lang='lat' dir='ltr'><strong>ut</strong></span> <span class='ocrx_word' id='word_1_351' title='bbox 1007 2391 1156 2426; x_wconf 80' lang='lat' dir='ltr'><strong>totidem</strong></span> <span class='ocrx_word' id='word_1_352' title='bbox 1181 2391 1319 2426; x_wconf 85' lang='lat' dir='ltr'><strong>facetias</strong></span> <span class='ocrx_word' id='word_1_353' title='bbox 1345 2399 1381 2426; x_wconf 85' lang='lat' dir='ltr'><strong>et</strong></span> <span class='ocrx_word' id='word_1_354' title='bbox 1406 2391 1501 2426; x_wconf 80' lang='lat' dir='ltr'><strong>istius</strong></span> <span class='ocrx_word' id='word_1_355' title='bbox 1527 2391 1627 2427; x_wconf 87' lang='lat' dir='ltr'><strong>modi</strong></span> 
     </span>
     <span class='ocr_line' id='line_1_64' title="bbox 945 2443 1626 2479; baseline 0 -1"><span class='ocrx_word' id='word_1_356' title='bbox 945 2443 1177 2479; x_wconf 83' lang='lat' dir='ltr'><strong>cavillationes</strong></span> <span class='ocrx_word' id='word_1_357' title='bbox 1196 2444 1233 2478; x_wconf 90' lang='lat' dir='ltr'><strong>in</strong></span> <span class='ocrx_word' id='word_1_358' title='bbox 1262 2457 1301 2479; x_wconf 88' lang='lat' dir='ltr'><strong>re</strong></span> <span class='ocrx_word' id='word_1_359' title='bbox 1318 2443 1468 2479; x_wconf 87' lang='lat' dir='ltr'><strong>solemni</strong></span> <span class='ocrx_word' id='word_1_360' title='bbox 1490 2451 1526 2479; x_wconf 87' lang='lat' dir='ltr'><strong>et</strong></span> <span class='ocrx_word' id='word_1_361' title='bbox 1552 2445 1626 2479; x_wconf 82' lang='lat' dir='ltr'><strong>sere</strong></span> 
     </span>
     <span class='ocr_line' id='line_1_65' title="bbox 946 2495 1628 2542; baseline -0.003 -10"><span class='ocrx_word' id='word_1_362' title='bbox 946 2496 1096 2542; x_wconf 81' lang='lat' dir='ltr'><strong>tragica,</strong></span> <span class='ocrx_word' id='word_1_363' title='bbox 1114 2495 1271 2531; x_wconf 85' lang='lat' dir='ltr'><strong>excidere</strong></span> <span class='ocrx_word' id='word_1_364' title='bbox 1282 2496 1345 2531; x_wconf 88' lang='lat' dir='ltr'><strong>sibi</strong></span> <span class='ocrx_word' id='word_1_365' title='bbox 1357 2497 1517 2542; x_wconf 83' lang='lat' dir='ltr'><strong>patiatur.</strong></span> <span class='ocrx_word' id='word_1_366' title='bbox 1536 2496 1628 2541; x_wconf 86' lang='lat' dir='ltr'><strong>Quis</strong></span> 
     </span>
     <span class='ocr_line' id='line_1_66' title="bbox 946 2547 1628 2584; baseline 0 -1"><span class='ocrx_word' id='word_1_367' title='bbox 946 2549 1044 2584; x_wconf 88' lang='lat' dir='ltr'><strong>enim</strong></span> <span class='ocrx_word' id='word_1_368' title='bbox 1071 2547 1274 2583; x_wconf 83' lang='lat' dir='ltr'><strong>Leandrum</strong></span> <span class='ocrx_word' id='word_1_369' title='bbox 1299 2548 1388 2584; x_wconf 84' lang='lat' dir='ltr'><strong>serat</strong></span> <span class='ocrx_word' id='word_1_370' title='bbox 1416 2548 1628 2583; x_wconf 87' lang='lat' dir='ltr'><strong>scribentem</strong></span> 
     </span>
     <span class='ocr_line' id='line_1_67' title="bbox 945 2600 1628 2645; baseline 0 -10"><span class='ocrx_word' id='word_1_371' title='bbox 945 2614 982 2636; x_wconf 85' lang='lat' dir='ltr'><strong>se</strong></span> <span class='ocrx_word' id='word_1_372' title='bbox 994 2628 1004 2645; x_wconf 94' lang='lat'>,</span> <span class='ocrx_word' id='word_1_373' title='bbox 1021 2601 1076 2636; x_wconf 87' lang='lat' dir='ltr'><strong>vel</strong></span> <span class='ocrx_word' id='word_1_374' title='bbox 1089 2601 1126 2635; x_wconf 91' lang='lat' dir='ltr'><strong>in</strong></span> <span class='ocrx_word' id='word_1_375' title='bbox 1137 2600 1306 2644; x_wconf 88' lang='lat' dir='ltr'><strong>natando,</strong></span> <span class='ocrx_word' id='word_1_376' title='bbox 1321 2608 1439 2636; x_wconf 82' lang='lat' dir='ltr'><strong>motus</strong></span> <span class='ocrx_word' id='word_1_377' title='bbox 1454 2613 1534 2636; x_wconf 78' lang='lat' dir='ltr'><strong>suos</strong></span> <span class='ocrx_word' id='word_1_378' title='bbox 1548 2601 1628 2636; x_wconf 86' lang='lat' dir='ltr'><strong>ideo</strong></span> 
     </span>
    </p>
   </div>
   <div class='ocr_carea' id='block_1_8' title="bbox 925 2653 1629 2707">
    <p class='ocr_par' dir='ltr' id='par_1_14' title="bbox 925 2653 1629 2707">
     <span class='ocr_line' id='line_1_68' title="bbox 925 2653 1629 2707; baseline 0.001 -19"><span class='ocrx_word' id='word_1_379' title='bbox 925 2653 1192 2707; x_wconf 43' lang='lat' dir='ltr'><strong>&#39;composuissffi</strong></span> <span class='ocrx_word' id='word_1_380' title='bbox 1207 2660 1246 2687; x_wconf 87' lang='lat' dir='ltr'><strong>ut</strong></span> <span class='ocrx_word' id='word_1_381' title='bbox 1251 2655 1406 2697; x_wconf 78' lang='lat' dir='ltr'><strong>placeret</strong></span> <span class='ocrx_word' id='word_1_382' title='bbox 1419 2653 1537 2688; x_wconf 82' lang='lat' dir='ltr'><strong>amicae</strong></span> <span class='ocrx_word' id='word_1_383' title='bbox 1552 2666 1629 2699; x_wconf 80' lang='lat' dir='ltr'><strong>quae</strong></span> 
     </span>
    </p>
   </div>
   <div class='ocr_carea' id='block_1_9' title="bbox 946 2704 1631 2857">
    <p class='ocr_par' dir='ltr' id='par_1_15' title="bbox 946 2704 1631 2857">
     <span class='ocr_line' id='line_1_69' title="bbox 946 2704 1629 2752; baseline -0.001 -11"><span class='ocrx_word' id='word_1_384' title='bbox 946 2707 1062 2752; x_wconf 87' lang='lat' dir='ltr'><strong>ipsum</strong></span> <span class='ocrx_word' id='word_1_385' title='bbox 1079 2705 1308 2747; x_wconf 68' lang='lat' dir='ltr'><strong>observabat?</strong></span> <span class='ocrx_word' id='word_1_386' title='bbox 1338 2704 1429 2750; x_wconf 86' lang='lat' dir='ltr'><strong>Quis</strong></span> <span class='ocrx_word' id='word_1_387' title='bbox 1448 2706 1536 2740; x_wconf 84' lang='lat' dir='ltr'><strong>serat</strong></span> <span class='ocrx_word' id='word_1_388' title='bbox 1560 2705 1629 2740; x_wconf 85' lang='lat' dir='ltr'><strong>ad·-</strong></span> 
     </span>
     <span class='ocr_line' id='line_1_70' title="bbox 949 2757 1629 2804; baseline -0.004 -10"><span class='ocrx_word' id='word_1_389' title='bbox 949 2758 1095 2794; x_wconf 83' lang='lat' dir='ltr'><strong>dentem</strong></span> <span class='ocrx_word' id='word_1_390' title='bbox 1109 2757 1211 2804; x_wconf 88' lang='lat' dir='ltr'><strong>paulo</strong></span> <span class='ocrx_word' id='word_1_391' title='bbox 1221 2757 1331 2801; x_wconf 86' lang='lat' dir='ltr'><strong>infra,</strong></span> <span class='ocrx_word' id='word_1_392' title='bbox 1350 2758 1431 2802; x_wconf 81' lang='lat'>132,</span> <span class='ocrx_word' id='word_1_393' title='bbox 1449 2768 1484 2793; x_wconf 83' lang='lat' dir='ltr'><strong>se</strong></span> <span class='ocrx_word' id='word_1_394' title='bbox 1497 2758 1629 2792; x_wconf 82' lang='lat' dir='ltr'><strong>fretum</strong></span> 
     </span>
     <span class='ocr_line' id='line_1_71' title="bbox 949 2809 1631 2857; baseline -0.006 -9"><span class='ocrx_word' id='word_1_395' title='bbox 949 2823 1039 2857; x_wconf 78' lang='lat' dir='ltr'><strong>saepe</strong></span> <span class='ocrx_word' id='word_1_396' title='bbox 1065 2810 1153 2847; x_wconf 82' lang='lat' dir='ltr'><strong>adeo</strong></span> <span class='ocrx_word' id='word_1_397' title='bbox 1175 2810 1249 2856; x_wconf 80' lang='lat' dir='ltr'><strong>iam</strong></span> <span class='ocrx_word' id='word_1_398' title='bbox 1271 2809 1468 2856; x_wconf 82' lang='lat' dir='ltr'><strong>trajecisse,</strong></span> <span class='ocrx_word' id='word_1_399' title='bbox 1492 2817 1531 2846; x_wconf 82' lang='lat' dir='ltr'><strong>ut</strong></span> <span class='ocrx_word' id='word_1_400' title='bbox 1557 2823 1631 2845; x_wconf 86' lang='lat' dir='ltr'><strong>non</strong></span> 
     </span>
    </p>
   </div>
  </div>
 </body>
</html>
