1884 3112
273 243 367 308 456

646 256 697 300 P.
735 256 969 301 ov1n11
1002 223 1311 304 NAsoNis

273 349 474 414 Quaeque
495 346 582 395 sibi
604 348 723 395 vario
744 347 978 411 distinguit
999 338 1131 416 poma
1152 350 1323 411 colore,

259 419 264 426 ⁸
336 424 504 474 Audiat
525 425 611 472 hoc
636 443 827 484 cerasus,
853 426 990 492 stipes
1013 427 1157 476 inanis
1182 428 1278 477 erit.

272 503 378 550 Non
401 501 604 568 equidem
619 501 800 550 ‚invideo
826 519 836 548 τ
857 505 1075 571 numquid
1100 517 1245 556 tamen
1266 506 1357 556 ulla
1373 507 1547 567 feritur,
1609 497 1612 500 ,

337 581 452 643 Quae
476 578 636 627 sterilis
660 578 756 628 sola
773 581 1084 647 conspicienda
1107 603 1234 633 coma
1256 587 1352 634 est?

272 656 448 705 Cernite
472 656 666 705 sinceros
690 677 842 707 omnes
866 679 919 708 ex
943 660 1097 710 ordine
1122 676 1304 711 truncos
1318 701 1331 722 ‚
1641 679 1686 715 35

339 734 432 797 Qui
454 735 588 783 modo
612 734 697 793 nil,
725 740 856 802 quare
880 739 1206 804 percutiantur,
1231 740 1413 789 habent.

275 815 337 862 At
358 813 467 861 mihi
490 831 599 862 saeva
614 825 776 862 nocent
798 814 1013 864 mutilatis
1036 815 1216 866 vulnera
1235 818 1388 877 ramis;

251 890 257 900 ⁴
339 889 557 958 Nudaque
582 890 789 958 decerpto
814 892 976 941 cortice
998 892 1119 955 ligna
1141 906 1307 960 patent.

272 966 554 1020 Nonodium
576 967 681 1016 facit
699 969 806 1027 hoc,
833 969 910 1019 sed
929 989 1030 1036 spes
1054 971 1234 1020 inducta
1255 971 1431 1039 rapinae.

342 1044 599 1093 Sustineant
619 1045 712 1095 aliae
735 1058 891 1112 poma;
919 1060 1158 1114 querentur
1179 1049 1309 1098 idem.
1647 1063 1692 1110 4⁰

277 1121 350 1169 Sic
373 1141 473 1170 reus
495 1121 568 1170 ille
593 1121 680 1170 fere
705 1136 772 1172 est
786 1161 798 1181 ‚
824 1124 878 1172 de
901 1145 991 1191 quo
1014 1126 1198 1175 victoria
1219 1125 1346 1175 lucro

342 1193 450 1246 Esse
471 1210 620 1264 potest
642 1216 653 1243 :
673 1199 822 1266 inopis
845 1202 1016 1251 vindice
1038 1202 1153 1252 facta
1175 1215 1335 1252 carent.

280 1275 353 1323 Sic
377 1276 502 1325 timet
524 1276 726 1337 insidias,
754 1278 831 1345 qui
855 1279 938 1327 scit
959 1299 1004 1329 se
1022 1279 1133 1329 ferre
1153 1281 1317 1340 viator,

278 1429 356 1502 (ἐπὶ
366 1409 627 1465 Monachorum
640 1418 758 1455 sordes
769 1420 866 1456 facile
879 1433 957 1467 pro-

306 1476 371 1503 unt
385 1482 392 1504 :

277 1533 378 1559 Audiat
390 1533 438 1558 hoe
450 1542 550 1566 prunus
560 1554 568 1566 ,
583 1535 644 1560 dare
655 1536 755 1561 desinet
769 1536 833 1561 utile
845 1545 955 1563 mimus:

308 1582 408 1607 Audiat
421 1583 473 1608 baec
487 1592 606 1615 cerasus,
618 1585 697 1617 stipes
709 1579 791 1610 innuis
803 1586 861 1610 erit.

278 1629 379 1656 Audiat
389 1630 442 1656 haec
455 1631 485 1656 fic
491 1640 519 1656 us
529 1651 538 1663 ,
555 1632 613 1657 ficu
630 1633 745 1666 privabit
763 1634 875 1659 amicum

381 1680 391 1712 (
403 1680 447 1704 vel
454 1681 559 1706 amicos.
574 1682 586 1713 )

311 1732 406 1756 Escule
413 1751 422 1764 ‚
434 1741 466 1756 ne
479 1733 574 1765 parias!
588 1742 621 1757 ne
632 1741 735 1766 quoque
748 1738 777 1757 tu
791 1742 889 1766 pereas.

280 1782 410 1807 Fraxinus
419 1781 531 1806 horroris
537 1790 641 1806 causam
651 1791 732 1815 quum
739 1781 957 1806 vestithonoris...

282 1838 331 1872 Et
357 1837 431 1872 haec
458 1838 530 1882 ipsa
552 1837 667 1872 *etiam
693 1836 828 1872 diverso
852 1837 960 1871 modo

282 1889 446 1935 leguntur
482 1889 520 1923 iu
551 1889 726 1924 codicibus
746 1915 755 1932 ,
794 1896 830 1923 et
849 1889 961 1923 multa

282 1942 388 1976 etiam
404 1941 521 1975 deesse
535 1941 638 1986 hujus
654 1941 817 1986 poetas—tri
831 1967 840 1984 ,
867 1941 962 1975 indi-

282 1994 377 2027 cium
402 1992 504 2026 dabat
529 1993 704 2027 Juuianus
733 1992 840 2027 codex
857 2018 867 2036 ‚
902 1993 961 2027 ubi

281 2046 375 2078 inter
392 2045 547 2089 primum
561 2052 596 2079 et
611 2044 805 2079 secundum
823 2057 961 2078 versum

282 2096 505 2130 intervallum
534 2103 608 2130 erat
627 2122 636 2139 ‚
675 2096 771 2131 unde
801 2095 962 2131 excidisse

282 2148 443 2193 quaedam
459 2155 604 2182 constat.
627 2148 757 2183 BURM.

327 2202 380 2235 31.
411 2202 513 2235 Vario
536 2203 656 2234 colore.
687 2201 745 2235 Sic
771 2203 874 2235 van'oe
895 2213 964 2234 uvoe

286 2252 375 2298 apud
411 2251 654 2288 Columellam.
686 2270 731 2279 ——-
762 2255 963 2297 DAz-tinguit.

291 2308 328 2340 V
321 2308 405 2339 esti!
417 2318 481 2339 sua
492 2318 595 2349 poma
609 2307 720 2339 colore
730 2332 738 2346 ,
759 2305 887 2338 Lovan.

330 2362 383 2394 35.
414 2362 576 2395 Sina-ems.
612 2360 652 2394 Id
677 2367 728 2394 est
749 2360 902 2406 integros
929 2367 964 2394 et

287 2413 418 2447 illaesos.
435 2412 541 2447 Ovid.
559 2423 618 2455 w,
638 2413 742 2447 Pont.
756 2423 794 2446 1x
807 2438 816 2456 ,
839 2422 897 2446 io:

319 2468 352 2491 Et
365 2476 421 2491 mea
433 2469 531 2492 sincero
542 2472 656 2491 curreret
669 2475 715 2491 axe
727 2471 791 2491 rota.
821 2468 930 2492 Douzu.

288 2515 384 2550 Male
403 2529 493 2550 unus
509 2515 616 2550 codex
628 2541 638 2558 ‚
659 2528 803 2549 securos.

331 2569 383 2613 37.
405 2570 498 2602 Soeva
512 2572 643 2602 nocent.
659 2569 752 2602 Sava
765 2571 889 2602 nocent
900 2580 964 2601 nu-

288 2622 379 2654 datis
400 2622 549 2654 vulnera.
570 2620 728 2654 Francos.
749 2632 822 2653 non
839 2619 939 2653 male.

331 2671 382 2704 38.
407 2673 585 2714 Decet-pto.
614 2671 711 2705 Licet
732 2671 902 2704 nonnulla
923 2684 963 2704 ex

288 2723 529 2767 manuscriptis
547 2723 796 2768 exemplaribus
810 2723 961 2757 habeant

286 2776 441 2815 delecto,
464 2781 583 2808 tamen
605 2774 792 2820 legendum
817 2774 963 2808 omnino

1022 1428 1073 1456 est
1090 1448 1099 1465 ‚
1127 1428 1167 1455 ut
1194 1422 1230 1456 in
1259 1421 1415 1467 pluribus
1445 1421 1696 1467 exemplaribus

1020 1473 1147 1518 legitur
1156 1499 1165 1516 ,
1182 1475 1337 1518 decerpto
1347 1486 1358 1507 .·
1371 1472 1464 1518 quod
1478 1472 1697 1519 participium

1022 1534 1103 1561 ante
1120 1527 1236 1575 oculos
1252 1539 1383 1572 ponere
1397 1526 1537 1562 videtur
1552 1527 1697 1562 vulnera

1020 1578 1100 1621 illa,
1127 1591 1204 1623 quae
1225 1579 1351 1613 cortice
1375 1579 1462 1613 illiso
1483 1586 1519 1614 et
1542 1576 1697 1614 detracto

1023 1643 1042 1664 a
1062 1630 1146 1665 saxis
1168 1631 1313 1675 carptim
1335 1631 1536 1665 inseruntur
1557 1630 1698 1665 arbori-

1022 1681 1095 1716 bus.
1121 1683 1225 1716 ΜΔΕ.

1066 1735 1118 1781 39.
1142 1735 1213 1767 Sed
1222 1746 1299 1777 spes
1320 1735 1459 1768 inducta
1473 1737 1608 1779 rapine.
1629 1736 1698 1768 In·-

1022 1787 1116 1819 dicta
1133 1785 1292 1820 Mentelii
1308 1785 1416 1820 liber:
1433 1785 1517 1820 alius
1534 1788 1670 1819 illustra
1685 1812 1695 1827 ,
1756 1797 1758 1800 ’

1022 1840 1155 1872 indulta
1172 1838 1320 1872 Fabricii
1335 1837 1452 1872 codex.
1477 1838 1610 1873 Hmus.

1068 1891 1121 1933 4ο.
1150 1891 1340 1932 Queoentur.
1359 1891 1550 1933 Queruntur
1569 1889 1699 1936 Regius

1025 1947 1061 1975 et
1076 1941 1160 1976 alius
1175 1952 1184 1973 ι
1199 1946 1397 1986 queruntur,
1418 1942 1548 1976 Lovan.

1068 1995 1119 2037 4¹·
1144 1995 1200 2028 Sic
1220 2006 1303 2028 reus.
1326 1995 1386 2029 Fit
1398 2006 1473 2028 reus
1491 1996 1550 2028 ille
1559 1993 1637 2038 fin·
1659 2006 1702 2028 ex

1027 2045 1198 2080 Vaticano
1209 2045 1343 2090 legebat
1356 2045 1439 2079 olim
1450 2045 1625 2080 Heinsius.
1642 2045 1701 2080 Sic

1015 2095 1140 2139 facere
1155 2109 1244 2129 reum
1261 2096 1358 2130 Suet.
1375 2096 1452 2130 Tib.
1465 2097 1485 2130 8
1497 2122 1506 2139 ,
1525 2103 1561 2131 et
1576 2096 1701 2142 passim

1027 2147 1093 2180 alii.
1128 2166 1172 2174 —
1195 2149 1252 2182 De
1275 2161 1339 2192 quo
1360 2151 1504 2182 vti-toria
1525 2150 1630 2183 lucro.
1657 2148 1700 2182 In

1027 2199 1144 2234 multis
1160 2200 1300 2245 legitur,
1317 2203 1460 2234 victoria
1474 2203 1553 2234 laeta
1562 2227 1572 2242 ,
1595 2200 1701 2235 etiam

1027 2252 1064 2287 in
1087 2252 1194 2287 MSS.
1217 2252 1311 2286 unde
1341 2253 1494 2298 suspicor
1514 2251 1701 2287 lectionem

1028 2304 1070 2338 ab
1098 2304 1163 2338 alio
1183 2303 1407 2338 emendatam
1430 2314 1438 2335 ε
1465 2307 1544 2338 lata
1558 2311 1699 2349 autem,

1026 2354 1160 2390 lu'crosa
1172 2382 1181 2399 ,
1198 2355 1377 2401 triumpho
1393 2355 1506 2401 digna.
1524 2356 1636 2390 FABn.
1722 2399 1726 2402 χ

1072 2409 1123 2450 42.
1155 2410 1270 2452 Inopis
1297 2409 1429 2443 vindice
1443 2408 1551 2452 sacta
1574 2410 1700 2441 carent.

1027 2459 1107 2493 Non
1135 2466 1186 2494 est
1209 2459 1267 2504 qui
1290 2472 1479 2505 pauperem
1505 2460 1547 2494 ab
1572 2459 1701 2505 injuria

1026 2510 1201 2554 vindicet,
1219 2518 1369 2546 tueatur.

1071 2564 1123 2606 43.
1150 2565 1220 2606 Qui
1225 2568 1295 2598 scit
1306 2577 1343 2598 se
1349 2563 1445 2608 fhrre
1459 2566 1582 2604 viator,
1606 2563 1707 2606 Quod

1028 2619 1154 2650 timeat.
1181 2616 1255 2650 Aut
1275 2615 1462 2661 legendum
1477 2622 1528 2650 est
1543 2641 1553 2658 ‚
1579 2618 1639 2649 cui
1653 2617 1701 2648 Ιί-

1027 2673 1126 2708 meat,
1137 2676 1195 2702 aut
1202 2670 1292 2712 quod
1295 2668 1443 2713 positum
1451 2675 1501 2702 est
1509 2679 1572 2712 pro
1580 2678 1698 2711 quare;

1027 2728 1085 2760 ut,
1102 2733 1168 2754 non
1186 2725 1241 2754 est
1252 2722 1343 2765 quod
1353 2724 1491 2754 metuas.
1510 2719 1698 2753 ERASMUS.

1027 2774 1126 2808 Maff.
1143 2773 1230 2807 liber
1242 2799 1252 2816 ‚
1275 2774 1344 2807 Cur
1353 2775 1478 2806 timeat.
1496 2772 1600 2805 Vere.
