1884 3112
0 1192 15 1326 >1²⁴¹ch
5 1178 14 1185 ψ
10 1162 14 1167 .
0 1127 10 1149 -ν
2 1110 9 1118 ·

439 233 892 278 DEMOPHOON
937 234 1295 278 PHYLLIDI.
1522 233 1578 295 47

218 324 436 375 Succedat
461 325 635 375 tumulo
660 345 755 375 non
778 327 873 375 sine
895 326 1068 375 honore
1093 326 1262 375 decens.

154 403 226 452 Da
249 401 445 469 spatium
467 403 748 470 veniamque,
768 414 874 470 peto
898 423 908 451 ε
931 422 1026 459 non
1047 402 1242 469 perfidus
1266 402 1445 460 absum3

217 480 311 529 Nec
334 479 444 529 mihi
463 480 554 546 jam
578 493 695 530 terra
717 481 859 530 tutior
876 479 968 530 ulla
991 492 1068 528 tua
1090 492 1169 529 est.

155 557 390 624 Quidquid
416 559 522 608 mite
545 559 632 608 fuit
654 570 760 626 post
782 559 930 607 diruta
952 558 1169 620 Pergama
1193 578 1203 606 :
1231 556 1453 624 quidquid

218 637 314 685 Aut
333 635 472 696 bella,
499 648 576 686 aut
596 636 744 704 pelagi
767 637 994 686 detinuere
1017 655 1174 693 morae,
1542 661 1583 695 70

156 713 265 763 Sola
286 713 373 763 fuit
395 714 566 764 Thrace
593 734 603 762 τ
628 714 772 781 patria
796 733 975 780 quoque
996 713 1139 778 jactor
1160 713 1208 761 in
1230 713 1332 761 illa:

222 791 453 842 Auxilium
476 811 659 860 superes
683 792 860 841 casibus
883 811 973 840 una
994 791 1116 840 meis.

155 870 205 918 Si
225 871 362 919 modo
385 889 510 920 mens
533 870 705 919 eadem!
729 889 810 919 nec
836 869 959 937 quod
982 869 1041 917 sit
1060 869 1149 935 jam
1171 869 1283 918 mihi
1306 869 1426 918 dives

219 947 380 1010 Regia,
407 947 624 1014 Cecropia
645 966 740 995 non
762 947 912 995 minor
934 966 1052 1004 arce,
1078 958 1253 995 movet:

155 1024 248 1073 Nec
269 1023 410 1090 patris
434 1022 672 1072 offendunt
695 1042 845 1082 casus,
871 1043 953 1072 nec
977 1023 1161 1072 crimina
1183 1025 1360 1083 matris3
1546 1039 1588 1083 75

218 1102 313 1151 Nec
334 1101 425 1168 jam
447 1120 542 1149 non
565 1100 672 1150 felix
697 1102 843 1150 omine
869 1101 1182 1168 Demophoon.
1251 1096 1253 1101 ’

157 1178 282 1243 Quid
304 1179 343 1228 si
366 1179 609 1229 Phoebeam
630 1191 849 1246 peterem,
875 1191 919 1228 te
943 1179 1152 1244 conjuge,
1177 1179 1380 1244 ijam,

220 1256 392 1324 Perque
419 1276 561 1306 annos
585 1276 794 1324 sequerer
814 1255 934 1305 bella
957 1256 1149 1319 gerenda
1171 1256 1347 1305 decem?

156 1332 411 1400 Penelopen
432 1334 559 1383 audis
586 1353 596 1381 :
623 1345 722 1381 toto
746 1332 952 1382 laudatur
973 1333 1022 1380 in
1047 1332 1175 1391 orbe,

223 1410 491 1478 Exemplum
513 1410 593 1459 fidi
615 1430 710 1460 non
733 1410 826 1459 leve
849 1409 964 1458 facta
987 1408 1087 1457 tori.
1547 1425 1591 1458 80
1660 1475 1663 1477 Δ

157 1486 240 1536 Illa
261 1487 356 1554 pie,
381 1487 444 1536 sic
466 1505 622 1536 rumor
642 1487 726 1545 ait,
751 1487 978 1536 mendacia
1001 1485 1098 1539 telae

223 1564 414 1623 Struxit,
440 1575 486 1613 et
505 1564 723 1613 instantes
747 1563 924 1613 distulit
947 1576 1038 1613 arte
1061 1580 1250 1631 procos:

199 1714 254 1750 66.
274 1715 353 1751 Non
371 1717 447 1749 sine
467 1716 591 1750 honore
612 1716 746 1749 decens.
763 1714 840 1748 Le·-

157 1765 314 1815 gendum
327 1793 339 1811 ‚
360 1768 461 1802 decet
471 1779 482 1801 ,·
494 1779 556 1813 par
578 1773 630 1802 est
656 1773 842 1812 parentem

101 1839 104 1843 >
156 1818 350 1854 honorifice
363 1817 525 1854 mandari
535 1825 639 1854 terrae
647 1825 841 1853 mortuum.

158 1871 294 1909 Hmns.
309 1870 438 1907 Nescio
453 1883 500 1906 an
515 1878 620 1906 recte.
637 1871 800 1906 Limum).

200 1923 256 1971 67.
277 1923 339 1958 Da
356 1926 512 1968 spatium.
529 1923 622 1969 Lege
638 1936 648 1957 .·
663 1924 740 1957 Des
759 1936 842 1968 spa—

158 1978 242 2011 tium
254 1978 468 2021 veniamque,
481 1979 574 2020 pelo.
589 1975 724 2010 Hnms.

201 2027 256 2063 68.
285 2028 406 2073 Tutior
413 2029 496 2062 ulla.
511 2027 658 2062 Mallem
673 2054 682 2071 ‚
693 2030 840 2072 gratior,

159 2079 215 2115 vel
229 2105 239 2124 ‚
257 2075 376 2115 letior.
397 2079 522 2115 Heins.
539 2079 707 2123 malebat,
721 2083 842 2124 miliar.

206 2143 258 2178 7⁰·
274 2132 349 2167 Aut
358 2133 458 2167 bella.
471 2131 649 2167 Suadebat
661 2132 842 2177 Francius,

161 2187 224 2218 aut
237 2185 328 2218 belli.

208 2242 260 2282 7'1.
280 2236 401 2270 Paln'a
426 2249 551 2282 quoque
567 2236 692 2281 jactor
706 2239 743 2270 in
770 2238 844 2271 illa.

161 2289 204 2322 In
212 2290 307 2332 ipsa,
327 2287 552 2324 scribendum
566 2289 709 2335 putabat
720 2289 844 2323 Hein—

161 2339 248 2375 sius:
259 2338 361 2374 male.
377 2338 591 2376 DeTh1·acia
604 2341 701 2375 enim
716 2341 843 2387 agitur,

163 2405 270 2438 quam
275 2391 422 2438 patriam
430 2405 554 2438 quoque
559 2400 659 2428 vocat
667 2392 844 2439 Demoph.

162 2452 199 2481 et
213 2445 251 2480 in
267 2458 335 2491 qua
341 2445 480 2490 jactari
490 2457 526 2480 se
543 2444 625 2480 dicit
634 2472 643 2489 ,
667 2445 757 2480 curis
771 2445 845 2480 sci-

161 2497 243 2534 lieet
255 2498 336 2544 angi
347 2524 358 2542 ,
370 2496 542 2533 sollicitari
552 2524 563 2542 ,
579 2504 723 2544 propter
735 2497 846 2545 Phyl-

162 2548 240 2586 lidis
253 2553 426 2586 amorem.

209 2602 261 2649 73.
283 2604 358 2638 Nec
384 2604 475 2648 quod
491 2605 539 2637 sit
546 2603 626 2648 jam
645 2604 731 2637 mihi
751 2605 846 2639 diues

163 2657 268 2698 ugia.
274 2654 424 2690 Heinsio
431 2657 498 2689 tibi
505 2661 540 2689 et
547 2655 755 2691 Bur-manno
763 2668 846 2702 prae-

164 2705 354 2742 serendum
369 2707 561 2742 videbatur.
584 2708 722 2754 Respici
738 2708 846 2743 nimi-

165 2770 248 2793 rum
264 2757 320 2795 hic
335 2765 504 2805 putarunt
523 2759 567 2795 ad
582 2760 804 2797 mentionem
827 2774 846 2797 a

906 1712 1067 1761 Phyllide
1079 1714 1205 1748 saetam
1213 1724 1284 1748 suae
1291 1711 1409 1758 regiae,
1419 1711 1591 1758 Epismn,

907 1766 960 1814 89.
982 1765 1054 1800 Sed
1077 1766 1131 1812 agi
1147 1765 1182 1800 h.
1203 1765 1226 1799 l.
1246 1765 1290 1799 de
1309 1764 1593 1811 Demophoontis

907 1818 1003 1864 regia
1025 1818 1104 1853 satis
1118 1844 1128 1862 ‚
1153 1824 1192 1852 ut
1213 1817 1375 1862 videtur,
1399 1816 1593 1852 ostendunt

909 1870 1102 1916 sequentia.
1120 1870 1283 1906 LENNEP.

954 1936 1004 1970 79.
1035 1924 1070 1957 T
1063 1926 1119 1957 olo
1133 1924 1296 1956 laudatur
1305 1926 1341 1957 in
1354 1925 1442 1957 orbe.
1457 1921 1571 1956 Malo:

957 1978 1104 2011 Penelopen
1115 1978 1191 2002 audis
1203 1997 1211 2008 ,
1226 1983 1281 2002 toto
1291 1977 1412 2002 laudetur
1421 1982 1449 2002 ut
1455 1977 1526 2002 orbe.

911 2026 1106 2073 Quomodo
1114 2026 1325 2061 inTristibus
1334 2027 1439 2068 Nasu,
1449 2037 1486 2070 v,
1496 2025 1593 2072 Eleg.

909 2090 972 2114 xlv
983 2105 992 2123 ,
1011 2079 1051 2124 37
1070 2092 1078 2113 :

908 2136 1009 2166 Cernis,
1017 2141 1045 2160 ut
1051 2134 1159 2160 Admeti
1166 2139 1294 2166 cantetur,
1302 2140 1328 2159 et
1337 2134 1459 2160 Hectoris
1468 2143 1542 2160 uxor.
1553 2135 1589 2158 H.

953 2185 1007 2219 80.
1029 2186 1119 2219 Fidi.
1136 2185 1240 2218 Hdei
1252 2183 1347 2219 Edit.
1363 2184 1500 2219 Bersm.

957 2238 1009 2271 81.
1031 2238 1101 2271 Illa
1110 2239 1178 2282 pie.
1194 2238 1269 2272 Pia
1283 2239 1371 2270 leloe.
1393 2237 1528 2272 HEINS.

955 2290 1007 2323 82.
1031 2290 1206 2324 Instanles
1230 2291 1367 2324 distulit
1390 2293 1464 2323 arte
1493 2294 1594 2325 toros.

912 2341 985 2376 Diu
1005 2348 1078 2386 est,
1096 2341 1191 2387 quod
1207 2354 1329 2387 procos
1344 2342 1594 2388 corrigendum

910 2393 980 2428 vidi
997 2393 1205 2429 :confirmat
1222 2394 1256 2429 id
1276 2394 1388 2440 prima
1406 2394 1523 2428 editio.
1537 2394 1594 2429 De

911 2447 1016 2481 Pont.
1032 2457 1097 2491 111,
1114 2446 1211 2493 Eleg.
1224 2457 1256 2491 1,
1280 2459 1351 2492 ¹⁰7-

946 2507 1052 2531 AEmula
1064 2508 1198 2541 Penelope
1209 2507 1283 2534 fieres
1291 2527 1300 2540 ‚
1314 2508 1336 2533 si
1347 2507 1439 2532 fraude
1453 2507 1548 2540 pudica

995 2557 1125 2582 Instante·
1137 2557 1216 2581 velles
1229 2556 1318 2582 fallere
1330 2562 1413 2590 nuptu
1424 2564 1526 2589 procos.
1539 2556 1579 2580 H.

911 2606 986 2641 Nec
1003 2605 1103 2640 aliter
1118 2605 1283 2652 Virgilius
1298 2606 1334 2640 in
1354 2604 1475 2640 Culice
1488 2632 1497 2649 ,
1516 2605 1597 2640 Ho-

911 2658 1018 2692 ratius
1030 2684 1040 2702 ,
1058 2657 1189 2693 Statius
1202 2684 1212 2702 ,
1238 2657 1471 2701 Claudianus,
1489 2665 1525 2693 et
1541 2657 1596 2692 alii

911 2710 1055 2756 passim,
1072 2710 1207 2755 quoties
1224 2709 1267 2746 de
1282 2709 1460 2755 Penelope
1477 2722 1595 2746 sermo

911 2762 1115 2798 instituitur.
