1884 3112
319 258 407 303 206

782 262 1132 309 EPISTOLA
1166 266 1256 311 XI.

379 351 453 408 Sic
475 351 625 401 videor
648 352 759 400 duro
783 373 914 420 posse
938 354 1107 421 placere
1132 358 1261 422 patri.

313 429 552 495 Ipsenecis
577 438 778 495 cuperem
801 441 962 478 nostrae
985 444 1205 498 spectator
1222 434 1416 494 adesset,

377 505 675 571 Auctorisque
701 504 839 554 oculis
864 507 1109 569 exigeretur
1130 528 1258 576 opus.

313 582 377 629 Ut
399 581 517 630 ferus
540 594 628 641 est,
653 582 882 649 multoque
905 584 997 632 suis
1021 584 1310 634 truculentior
1333 588 1487 646 Euris,

376 658 625 724 Spectasset
647 659 773 707 siccis
796 659 974 708 vulnera
992 673 1145 709 nostra
1165 662 1302 724 genis.
1687 691 1737 713 ια’

311 732 487 781 Scilicet
505 745 572 782 est
591 733 779 801 aliquid,
806 754 905 784 cum
926 737 1048 785 saevis
1071 737 1399 787 vivereventis:

374 811 559 872 Ingenio
578 811 736 878 populi
760 813 964 861 convenit
986 811 1060 862 ille
1084 814 1165 861 sui.

309 884 388 934 Ille
412 887 555 944 Noto,
584 887 894 954 Zephyroque,
919 900 963 937 et
986 889 1191 937 Sithonio
1215 889 1431 955 Aquiloni

375 963 591 1027 Imperat,
618 975 662 1011 et
679 964 857 1030 pennis,
884 966 1000 1012 Eure
1023 976 1245 1030 proterve,
1272 965 1373 1013 tuis.

307 1039 524 1104 Imperat,
544 1038 654 1087 heu!
679 1040 842 1098 ventis;
870 1040 1044 1088 tumidae
1061 1060 1154 1088 non
1175 1041 1362 1107 imperat
1382 1042 1483 1090 irae:
1683 1059 1720 1092 15

371 1114 576 1163 Possidet
599 1127 643 1163 et
666 1115 783 1163 vitiis
800 1134 935 1178 regna
957 1116 1129 1165 minora
1151 1117 1255 1165 suis.

308 1190 431 1253 Quid
452 1191 595 1256 juvat,
621 1190 842 1239 admotam
865 1210 944 1258 per
965 1190 1145 1240 avorum
1166 1193 1345 1242 nomina
1367 1193 1491 1253 caelo,

371 1269 494 1316 Inter
515 1280 728 1331 cognatos
752 1287 883 1335 posse
904 1269 1063 1317 referre
1087 1269 1115 1316 J
1119 1270 1275 1317 ovem?

305 1347 424 1394 Num
441 1346 588 1394 minus
608 1346 837 1404 infestum,
861 1345 1063 1395 funebria
1084 1365 1284 1405 munera,
1305 1339 1467 1395 serrum

370 1424 575 1472 Feminea
597 1435 748 1481 teneo,
773 1442 867 1471 non
889 1442 984 1471 mea
1005 1422 1110 1481 tela,
1137 1424 1299 1471 manu?
1328 1457 1335 1464 .
1675 1448 1716 1473 20

306 1501 348 1548 Ο
371 1499 560 1558 utinam,
590 1501 814 1558 Macareu,
839 1519 935 1566 quae
958 1519 1041 1548 nos
1065 1499 1284 1549 commisit
1306 1500 1354 1548 in
1375 1519 1536 1560 unum,
1564 1529 1566 1531 v

348 1671 376 1703 7.
394 1659 471 1701 Ipse
485 1660 587 1691 necis.
613 1657 702 1691 Neci
721 1655 807 1690 alter
823 1656 973 1690 Mente-

301 1708 413 1743 lianus
424 1715 478 1743 :et
489 1707 615 1742 deinde
628 1708 781 1753 quinque
794 1707 870 1742 libri
881 1710 975 1741 ades-

301 1774 377 1805 ses‚·
393 1760 454 1795 sed
470 1767 554 1795 tunc
576 1761 650 1805 lege
673 1759 831 1804 sequenti
853 1772 972 1803 versu,

299 1815 495 1848 auctorit-ve.
520 1812 678 1846 Imitatus
693 1817 810 1845 autem
825 1818 875 1846 est
892 1811 976 1845 Vir-

281 1865 287 1871 ’
301 1866 421 1912 gilium
435 1890 445 1908 ,
473 1875 496 1898 x
509 1890 518 1907 ,
537 1864 599 1907 443
613 1876 621 1897 :

300 1917 306 1920 i
368 1923 495 1955 Cuperem
507 1921 562 1954 ipse
572 1928 662 1953 parens
674 1925 801 1952 spectator
813 1920 921 1945 adesset.
933 1920 970 1944 H.

348 1971 379 2005 8.
409 1970 628 2013 Auctorisque
653 1970 759 2002 oculis
787 1971 977 2011 exigeretur

298 2035 389 2067 opus.
419 2020 526 2066 Quod
558 2020 739 2065 imperavit
765 2032 849 2064 opus
862 2045 871 2063 ‚
898 2019 972 2063 ipso

297 2080 484 2120 praesente,
502 2071 706 2118 perficerem
723 2084 731 2106 ι
748 2070 783 2105 id
795 2077 867 2114 est,
893 2071 971 2115 gla—

297 2127 356 2161 dio
367 2138 424 2159 me
439 2151 449 2168 ,
471 2137 577 2169 quem
592 2124 703 2167 misit,
721 2122 970 2157 interimerem.

344 2190 394 2212 10.
405 2178 585 2221 Spectat-et.
594 2176 788 2219 Spectasset
795 2174 882 2209 libri.
896 2174 971 2208 Pu-

296 2236 439 2263 teaneus
451 2254 460 2271 ‚
477 2231 610 2272 spectat
623 2227 692 2261 sed.
709 2226 841 2261 Hmzs.

341 2294 391 2314 12.
417 2281 541 2323 Populi
550 2282 613 2312 sui.
636 2279 771 2312 Ventos
788 2276 966 2322 intelligit,

294 2343 445 2376 quorum
460 2330 646 2376 imperium
660 2329 765 2363 AEolo
776 2329 965 2372 Homerus,

295 2383 527 2429 Virgiliusque
541 2381 740 2427 adsignant:

545 2442 626 2466 Tenet
636 2441 679 2466 ille
690 2441 811 2465 immania
823 2449 881 2465 saxa

293 2493 413 2523 vemas,
424 2492 508 2522 Eure,
520 2489 626 2522 dom053
637 2489 681 2513 ina
692 2497 718 2513 se
730 2490 808 2522 jactet
819 2489 848 2513 in
857 2488 917 2512 aula

297 2541 398 2565 AEolus.
687 2538 803 2563 AEmam.
820 2544 849 2568 1,
869 2536 924 2562 145.

338 2588 386 2622 16.
399 2588 558 2622 Possidet
570 2590 607 2621 et
618 2589 712 2620 νιῖὴὶι·
726 2599 829 2629 regna
837 2588 964 2620 minora

290 2643 370 2673 suis.
396 2639 492 2674 Nihil
519 2638 610 2673 aliud
626 2664 635 2682 ,
667 2651 772 2682 quam
798 2638 963 2683 glossema

292 2690 468 2735 quoddam
482 2703 599 2725 versus
615 2689 853 2735 praecedentis:

291 2746 404 2782 Imperat
417 2746 481 2773 heu!
498 2746 579 2773 venais
592 2755 599 2773 τ
611 2746 714 2772 tnmidoe
725 2754 776 2771 non
787 2744 895 2781 imperat
908 2745 960 2770 iroe.

1086 1669 1097 1689 ι
1107 1670 1134 1701 7.
1165 1656 1362 1700 Quidjuuat
1373 1656 1542 1690 admotam
1556 1661 1621 1691 etc.
1639 1655 1713 1690 Pri-

1038 1720 1117 1741 mus
1129 1707 1225 1741 enim
1237 1707 1359 1741 AEolus
1369 1707 1525 1742 Hellenis
1535 1706 1624 1741 filius
1634 1706 1711 1749 suit3

1041 1759 1182 1802 Hellen,
1192 1759 1217 1792 J
1218 1758 1298 1793 ovis.
1308 1758 1428 1802 Quare
1437 1770 1498 1803 per
1505 1758 1630 1792 seriem
1635 1771 1712 1793 avo-

1040 1823 1120 1844 rum
1132 1836 1141 1853 ,
1158 1816 1193 1845 et
1203 1810 1273 1855 ipsa
1287 1809 1329 1843 ad
1343 1810 1470 1844 Jovem
1486 1822 1594 1855 genus
1607 1822 1710 1844 suum

1038 1862 1219 1896 referebat.
1226 1880 1270 1886 —
1275 1861 1464 1905 Quidjuvat
1468 1862 1638 1896 admotam
1645 1868 1710 1896 etc.

1038 1913 1101 1948 Est
1118 1920 1153 1948 et
1171 1913 1226 1947 hic.
1242 1913 1422 1947 manifesta
1440 1913 1601 1959 Propert.
1620 1913 1708 1948 imi-

1037 1966 1138 2009 tatio,
1159 1976 1216 2008 lv,
1236 1964 1332 2009 Eleg.
1349 1975 1408 2008 x1,
1430 1978 1464 1998 11
1482 1977 1490 1998 :

1036 2025 1107 2057 Quid
1125 2024 1189 2050 mihi
1212 2023 1362 2058 conjugium
1385 2023 1485 2048 Paulli?
1501 2023 1565 2058 quid
1583 2032 1675 2049 currus

1130 2081 1238 2098 ”vorum

1066 2121 1183 2153 Profuit,
1194 2126 1240 2146 aut
1251 2121 1324 2147 samae
1335 2121 1441 2155 pignora
1449 2126 1520 2147 tanta
1529 2130 1590 2146 moa
1599 2121 1614 2147 ’ἓ

1035 2170 1082 2205 Et
1097 2169 1190 2215 quod
1205 2170 1380 2215 sequitur:

1032 2230 1105 2256 Num
1114 2231 1199 2255 minus
1212 2230 1322 2255 immites
1337 2230 1416 2254 habui
1429 2230 1547 2256 Cornelia
1557 2229 1649 2255 Pare-s
1658 2229 1674 2254 ?

1079 2293 1128 2326 ¹9·
1144 2281 1231 2314 Num
1241 2282 1358 2313 mt'nus.
1377 2280 1453 2313 Non
1462 2281 1578 2320 minus,
1589 2277 1705 2323 scripti

1031 2329 1185 2375 plerique
1200 2356 1209 2374 ,
1230 2337 1356 2375 praeter
1378 2330 1619 2374 Puteaneum,
1644 2329 1703 2375 qui

1030 2389 1123 2417 recte
1139 2396 1216 2416 num
1234 2385 1350 2416 minus.
1370 2382 1503 2417 HEms.

1075 2448 1092 2467 2
1100 2448 1113 2468 1
1120 2460 1127 2468 .
1143 2436 1174 2468 0
1184 2437 1311 2468 utinam
1319 2460 1328 2475 ‚
1344 2435 1505 2467 Macareu
1515 2439 1579 2468 etc.
1591 2433 1700 2476 Facti,

1029 2484 1090 2520 sed
1122 2486 1230 2520 serius
1242 2511 1251 2528 ,
1280 2485 1423 2530 poenitet
1452 2483 1614 2519 Canacen
1628 2510 1637 2528 ‚
1665 2490 1701 2518 et

1029 2536 1136 2571 scelus
1153 2536 1342 2571 detestatur
1354 2562 1364 2580 ,
1383 2535 1477 2580 quod
1496 2535 1620 2570 frustra
1636 2535 1699 2569 in—

1028 2589 1158 2623 fectum
1171 2588 1261 2622 velit.
1279 2589 1451 2622 Commisit
1460 2590 1611 2621 inunum.
1624 2587 1700 2622 Ne-

1028 2638 1133 2673 fando
1149 2640 1286 2674 vinculo
1298 2638 1486 2684 conjunxit.
1501 2637 1590 2671 Edd.
1602 2637 1696 2682 Aldi,

1027 2690 1234 2725 Bersmanni
1251 2699 1286 2728 et
1302 2691 1447 2727 aliorum
1459 2716 1469 2736 ,
1494 2690 1694 2736 conjunxi&

1026 2749 1148 2779 contra
1164 2742 1269 2778 MSS.
