1884 3112
693 272 1094 331 rRAEFArlo.
1524 279 1623 322 xvn

189 399 215 423 ιι
240 377 484 428 editionem
518 374 720 425 licuisset
745 374 982 433 conficere,
1013 372 1162 423 omnia
1191 371 1286 422 haec
1315 391 1412 441 quae
1442 385 1514 423 tot
1546 394 1627 442 per

148 512 150 514 ,
188 489 215 512 »
241 485 404 527 anuos,
439 477 618 534 tamque
654 482 843 532 operose
881 464 937 513 ad
970 464 1092 513 hunc
1122 462 1257 512 finem
1296 480 1624 526 congesseram,

189 578 215 600 »
242 568 403 606 temere
433 556 482 604 in
503 574 599 606 eam
624 555 686 602 ita
707 552 978 610 effusurum,
1012 563 1065 600 ut
1095 571 1118 601 e
1145 563 1269 600 tanta
1297 551 1627 618 erumpentium

190 667 216 689 »ι
241 646 442 714 undique
455 643 874 696 commentariorum
884 641 1182 691 exundatione
1196 642 1270 690 vix
1281 644 1476 690 enataret
1487 643 1624 701 Naso,

190 754 216 777 1»
239 750 365 801 paene
404 732 678 796 naufragus?
701 732 783 780 Nae
812 741 863 779 tu
904 742 1020 779 certe
1067 729 1177 797 quid
1211 727 1430 778 voluerim
1471 749 1630 797 parum

192 842 217 865 n
240 821 430 872 videaris
445 819 736 878 intellexisse,
763 819 842 887 qui
856 819 972 867 hanc
989 818 1102 867 mihi
1116 818 1254 866 fuisse
1275 829 1470 867 mentem
1490 818 1632 867 credi-

191 932 217 955 »
244 911 386 961 deris!
420 912 637 969 Putasne,
679 908 902 976 quidquid
938 907 1092 959 locum
1123 906 1359 974 quemdam
1394 907 1630 957 adnotanti

192 1022 218 1044 υ
243 1018 298 1050 ex
313 998 480 1050 ovidio
494 1038 506 1058 ,
527 1000 743 1058 Marone,
766 1009 844 1047 aut
858 988 1017 1046 Flacco
1031 1034 1043 1055 ,
1068 996 1281 1045 memoria
1299 996 1630 1064 suppeditaret,

193 1109 217 1131 »
241 1107 296 1138 eo
312 1107 383 1137 me
400 1086 591 1136 consilio
614 1104 917 1154 comparasse,
944 1096 997 1134 ut
1018 1085 1182 1134 horum
1202 1085 1319 1134 nihil
1340 1085 1523 1133 omnino
1540 1084 1630 1134 lec-

191 1199 217 1222 »
244 1176 334 1226 tori
347 1174 530 1244 periret3
546 1187 591 1224 et
610 1193 748 1242 quum
763 1175 899 1223 unius
914 1174 1147 1224 alteriusve
1159 1173 1349 1241 exempli
1366 1174 1631 1223 auctoritate

194 1287 218 1310 n
244 1265 412 1315 dubius
428 1262 554 1313 locus
573 1264 680 1314 satis
698 1263 970 1321 muniretur,
992 1262 1046 1311 ad
1066 1262 1310 1311 satietatem
1324 1281 1468 1330 usque
1487 1282 1633 1313 exem-

194 1374 220 1399 υ
242 1353 332 1421 plis
356 1351 557 1419 exempla
583 1351 840 1400 additurum
855 1388 867 1409 ,
904 1368 1002 1418 quae
1026 1349 1141 1399 nihil
1166 1351 1390 1418 probant,
1424 1353 1514 1401 nisi
1545 1353 1634 1402 hoc

195 1464 220 1487 ι
246 1461 416 1501 unum,
450 1440 687 1491 Heinsium
718 1439 887 1489 scilicet
915 1451 1071 1507 poetas
1103 1458 1258 1489 omnes
1290 1440 1558 1508 perlegisse,
1590 1454 1635 1492 et

197 1553 222 1576 »ι
245 1528 459 1580 memoria
485 1529 668 1578 tenere?
698 1527 958 1577 Miserabile
979 1528 1159 1595 quidem
1174 1567 1186 1588 ,
1210 1548 1266 1578 ne
1299 1541 1429 1598 turpe
1460 1531 1603 1587 dicam
1618 1571 1631 1591 ,

195 1643 222 1666 »
246 1619 393 1671 laudis
415 1634 578 1684 genus,
603 1631 649 1668 et
672 1618 857 1668 cuilibet
875 1618 1058 1668 obvium
1073 1619 1227 1679 nimis,
1256 1639 1388 1688 quam
1406 1622 1530 1689 quod
1549 1642 1632 1686 ego

193 1731 220 1755 »
245 1707 481 1777 pueriliter
510 1708 791 1758 ambiissem!
822 1708 910 1757 Cui
940 1708 1058 1757 enim
1089 1727 1185 1757 non
1214 1721 1371 1776 patent
1401 1723 1635 1761 auctorum

194 1821 220 1843 ³»
248 1799 485 1849 Indices'et
498 1799 688 1848 Lexica?
702 1797 951 1857 Delectum,
969 1798 1097 1847 crede
1112 1798 1239 1858 mihi,
1251 1811 1297 1849 et
1306 1801 1633 1852 severissimum

195 1911 222 1933 »
246 1887 427 1956 quidem
443 1888 703 1938 habuissem
719 1907 730 1947 ;
753 1899 798 1937 et
812 1886 1103 1955 paucioribus
1123 1886 1364 1938 admodum
1382 1908 1435 1938 ex
1452 1889 1541 1938 illis
1556 1909 1634 1957 pe-

196 2000 224 2023 n
250 1977 517 2045 percissem,
543 1997 642 2045 quae
657 1976 846 2027 feliciter
867 1976 975 2026 satis
994 1975 1234 2043 aliquando
1247 2015 1260 2036 ,
1286 1977 1365 2026 sed
1389 1997 1484 2026 non
1501 1977 1636 2028 semel

196 2087 222 2110 n
247 2065 482 2125 audacius,
503 2065 770 2132 conjiciendi
798 2064 942 2114 libido
969 2076 1224 2114 tentaverat.
1256 2066 1372 2114 Nam
1404 2066 1529 2134 quod
1552 2067 1638 2116 im-

197 2177 223 2200 »
246 2157 470 2224 patienter
498 2155 613 2206 fems
654 2155 723 2205 vel
758 2155 807 2204 in
848 2154 1040 2203 Statium
1076 2165 1154 2203 aut
1197 2151 1493 2204 Claudianum
1508 2193 1520 2214 ,
1553 2157 1636 2223 qui

201 2264 226 2287 ι)
249 2243 403 2294 tuleris
421 2244 664 2312 patientius
680 2244 729 2292 in
746 2244 896 2311 ipsum
921 2243 1170 2293 Ovidium?
1202 2244 1361 2292 Terret
1376 2262 1468 2301 me,
1492 2243 1637 2294 fateor

200 2355 226 2377 »
251 2334 477 2401 equidem,
508 2333 633 2402 quod
650 2334 819 2383 inscius
839 2334 888 2383 in
912 2344 1144 2401 posterum
1165 2332 1416 2401 exemplum
1441 2332 1544 2382 dedi
1572 2345 1638 2383 te-

200 2442 227 2464 »
252 2421 470 2471 meritatis
489 2434 536 2471 et
557 2421 746 2472 licentiae
771 2426 824 2482 *3
856 2433 902 2472 et
919 2422 1100 2471 veniant
1122 2421 1259 2471 modo
1287 2440 1407 2470 unus
1429 2432 1475 2470 et
1498 2419 1611 2470 alter
1621 2435 1640 2481 ,·

244 2553 264 2571 *
287 2553 417 2600 Quum
427 2553 541 2600 praelis
551 2552 626 2589 haec
638 2553 710 2599 jam
718 2553 936 2601 subjeceram
949 2582 958 2599 ,
978 2553 1100 2590 incidit
1110 2553 1147 2588 in
1157 2565 1285 2588 manus
1297 2551 1494 2606 Fasciculus
1504 2551 1640 2600 primus

198 2616 324 2651 Dt'an‘i
337 2617 501 2656 Classici,
523 2614 732 2650 nnuma-ns
745 2614 891 2651 nomine
906 2614 1076 2662 evulgati,
1093 2614 1135 2650 ab
1148 2627 1222 2649 uno
1237 2627 1257 2649 e
1271 2613 1532 2649 professoribus
1546 2613 1641 2649 Aca-

199 2675 328 2712 demit
353 2675 557 2712 parisiensis
578 2675 767 2712 clarissimo
795 2675 887 2722 (Fa.
903 2675 948 2712 G.
965 2675 1160 2720 Por-mn)
1175 2701 1185 2720 ,
1209 2687 1251 2710 ea
1274 2680 1396 2710 mente
1421 2674 1640 2721 praesertim,

200 2742 242 2772 ut
264 2736 382 2773 latine
408 2736 537 2783 linguae
556 2736 730 2784 principes
746 2735 789 2774 ab
810 2736 999 2784 insolenti,
1024 2749 1132 2784 quam
1158 2735 1214 2773 hic
1237 2736 1412 2782 insector,
1443 2734 1640 2772 innovandi

201 2797 384 2844 prurigine
406 2797 572 2835 vindicet.

333 2875 377 2920 I.
1428 2873 1455 2918 b
