1884 3112
656 275 831 320 DIDO
875 275 1094 322 AENEAE.

226 368 311 416 Vix
336 367 420 418 tibi
444 368 674 431 continget
696 379 811 417 terra
828 370 966 435 petita
989 360 1096 419 seni.

162 444 260 493 Hos
282 443 478 512 populos
501 446 654 512 potius
675 448 724 498 in
748 448 917 505 dotem,
941 446 1124 509 ambage
1147 457 1332 506 remota,

226 521 416 589 Accipe;
441 535 486 572 et
507 522 706 574 advectas
730 522 1030 592 Pygmalionis
1053 543 1175 591 opes.
1520 542 1582 575 150

162 597 279 648 Ilion
302 600 350 648 in
373 600 552 667 Tyriam
575 602 764 651 transfer
786 600 956 650 felicius
979 600 1163 649 urbem:

227 677 465 744 Eamque,
486 677 639 737 ¹locum
662 678 787 742 regni
800 715 813 735 ,
838 687 1099 743 sceptraque
1123 695 1244 725 sacra
1267 688 1378 726 tene.

162 751 212 821 Si
234 752 320 802 tibi
342 773 466 804 mens
489 755 615 804 avida
637 768 704 804 est
726 754 855 813 belli,
886 754 925 802 si
950 753 1108 820 quaerit
1129 752 1254 802 Iulus

228 823 360 880 Unde
383 849 466 879 suo
487 843 643 899 partus
668 833 814 881 Marte
840 831 1094 898 triumphus
1117 843 1208 890 eat3

164 907 312 971 Quem
335 921 535 976 superet,
559 929 616 959 ne
641 910 751 977 quid
775 909 908 968 desit,
929 908 1228 976 praebebimus
1252 909 1436 959 hostem.
1526 926 1586 960 155

229 985 316 1034 Hic
339 987 460 1053 pacis
483 986 625 1051 leges,
649 987 725 1037 hic
750 987 878 1037 locus
902 1006 1020 1036 arma
1043 987 1173 1054 capit.

162 1061 235 1110 Tu
257 1062 414 1122 modu,
439 1083 520 1131 per
539 1077 744 1124 matrem,
766 1064 1046 1131 fiatemaque
1069 1063 1176 1123 tela,
1202 1065 1384 1127 sagittas
1398 1102 1411 1124 ,

230 1139 404 1207 Perque
427 1141 544 1206 fugae
567 1143 772 1202 comites,
797 1141 1005 1190 Dardana
1029 1159 1170 1199 sacra,
1195 1141 1317 1189 Deos
1338 1161 1349 1189 :

162 1214 236 1265 Sic
259 1229 486 1285 superent,
514 1238 804 1287 quoscunque
827 1231 904 1268 tua
926 1218 980 1267 de
1004 1229 1134 1282 gente
1156 1229 1382 1284 reportas,

164 1335 293 1372 eodem
322 1344 443 1374 tamen
467 1351 591 1378 omnes
621 1352 726 1375 sensu
753 1338 849 1374 hunc

164 1400 306 1424 versum
313 1389 393 1424 libri
405 1389 578 1426 exhibent.
587 1391 721 1427 Hnms.
728 1391 846 1426 Immo

165 1439 252 1474 vero
277 1442 410 1477 diverso
438 1455 540 1477 sensu
578 1443 680 1478 multi
710 1443 846 1478 codices

167 1491 264 1528 hunc
273 1506 416 1530 versum
427 1494 592 1531 exhibent
604 1508 613 1530 ε
628 1508 714 1531 nam
730 1495 767 1531 in
778 1495 846 1530 Re-

167 1544 226 1590 gio
234 1571 244 1589 ,
257 1545 416 1581 ,Iuniano
427 1554 463 1582 et
473 1559 531 1582 sex
542 1547 614 1583 aliis
630 1554 723 1582 erat:
738 1548 848 1592 thue

158 1596 262 1641 juvet
272 1601 456 1644 ventusque
475 1604 554 1634 tuas
561 1626 570 1640 ‚
594 1610 765 1645 remusque
785 1612 847 1634 ca—

165 1652 280 1691 muas,-
293 1655 330 1684 et
340 1656 421 1686 octo
432 1651 488 1686 alii
499 1650 627 1686 eodem
637 1652 711 1687 sere
722 1651 843 1696 modo,

166 1701 233 1736 nisi
249 1701 343 1747 quod
359 1715 468 1738 temus
487 1708 523 1738 et
536 1707 658 1738 venius
678 1710 847 1750 transpo—

166 1760 266 1790 nant.
277 1752 456 1790 Leidensis
469 1767 478 1789 ε
495 1755 712 1800 thuejuvet
724 1757 849 1790 velum-

165 1817 228 1851 que
235 1808 314 1840 {uus
321 1810 505 1852 ventusque
513 1810 660 1842 cun'nas.
668 1807 831 1842 Seriverii
839 1821 848 1843 :

171 1858 223 1892 Ut
227 1870 362 1894 moveas
371 1871 522 1904 remoque
533 1863 612 1894 tuas
622 1864 786 1905 ventoque
794 1873 850 1894 cu-

165 1913 269 1945 tinus.
285 1910 330 1946 In
346 1910 413 1945 alio
435 1918 511 1947 erat
527 1924 539 1947 ι·
558 1913 668 1958 thue
685 1915 781 1947 volet
793 1926 850 1948 re-

168 1974 305 2007 musque
329 1965 398 1998 tuis
421 1967 605 2009 ventusque
637 1967 786 2006 cariath-5
811 1971 852 1998 ut
884 1993 886 1995 .

169 2016 264 2048 volet
287 2018 415 2050 cm‘mk
435 2015 480 2050 sit
501 2015 634 2051 dictum
649 2042 659 2060 ,
687 2022 727 2050 ut
747 2018 858 2050 alicui

170 2068 280 2108 velle,
303 2079 369 2113 pro
390 2067 529 2111 favere,
557 2067 644 2103 Stat.
671 2079 721 2102 XI.
737 2068 850 2104 Theb.

173 2119 260 2162 5103
287 2126 324 2154 et
344 2118 466 2154 dubito
492 2119 590 2155 valde
600 2147 610 2164 ,
637 2133 683 2155 an
709 2121 784 2155 non
808 2119 853 2154 ad.

173 2181 315 2205 sensnm
328 2171 623 2207 accommodatior
633 2172 677 2207 sit
684 2172 854 2218 Regiico-

173 2220 258 2256 dicis
273 2223 442 2269 scriptura
453 2250 464 2269 ‚
479 2229 520 2258 ut
532 2226 619 2259 velit
624 2235 637 2267 ,·
658 2224 738 2260 licet
753 2236 855 2270 pros-

175 2274 328 2318 pen-ima
343 2275 450 2310 utaris
469 2276 710 2322 navigatione,
730 2276 786 2311 vix
801 2282 856 2310 ta—

175 2337 261 2360 men
286 2326 467 2372 pervenies
498 2327 536 2361 in
563 2334 695 2363 terram
711 2354 720 2372 ,
749 2340 856 2374 quam

175 2376 280 2424 petis,
294 2383 376 2412 ante
389 2385 617 2413 senectutem.
631 2381 758 2414 Juvuoe
770 2392 855 2414 vero

174 2430 314 2476 proprie
324 2436 448 2465 ventus
461 2429 600 2475 dieitur,
612 2438 652 2466 ut
662 2443 751 2477 saepe
765 2431 858 2478 apud

177 2482 349 2518 Nostrum
365 2489 402 2518 et
417 2482 509 2518 alios.
526 2483 656 2519 Bunm.

224 2536 297 2583 ¹49·
318 2536 394 2570 Hos
404 2538 547 2580 populos
556 2539 674 2582 potius
695 2539 732 2571 in
748 2538 859 2573 dotem

175 2583 320 2632 Ambage
333 2593 471 2623 remota.
486 2590 606 2623 Potius
614 2591 760 2634 populos
777 2602 860 2625 cum

178 2639 387 2684 quibusdam
400 2640 474 2686 lege
489 2667 499 2684 ,
514 2647 554 2675 ut
567 2641 682 2676 versui
697 2648 733 2676 et
744 2649 861 2677 metro

176 2691 379 2727 consulatur
394 2705 402 2727 :
418 2695 562 2737 ambage
576 2698 718 2728 remissa
733 2693 861 2730 deinde

178 2742 359 2786 meliores;
377 2751 414 2779 et
429 2747 686 2791 Pygmaltbnos,
702 2745 863 2791 sequenti

181 2807 283 2831 versu
302 2821 312 2840 ,
343 2797 555 2834 Puteaneus.
593 2798 653 2835 sie
682 2801 863 2844 &ceptum

913 1350 996 1383 opus
1010 1341 1178 1373 remittere
1189 1365 1198 1379 ‚
1216 1344 1252 1372 et
1267 1341 1433 1373 remillere
1448 1340 1596 1382 incoepla

901 1392 973 1436 fila
995 1390 1125 1426 Noster
1149 1389 1237 1424 alibi.
1253 1408 1298 1415 —-
1318 1389 1441 1425 Scribo
1458 1394 1597 1425 avectus

912 1455 1002 1486 opes.
1020 1442 1155 1477 Hnms.

961 1496 1033 1529 152.
1046 1495 1210 1539 Hancque
1221 1521 1229 1534 ‚
1248 1495 1356 1528 Iocum
1373 1498 1484 1537 regni,
1504 1506 1596 1537 scep-

913 1550 1028 1591 traque
1039 1558 1142 1580 sacra
1157 1550 1243 1580 tene.
1256 1546 1299 1580 In
1311 1546 1493 1580 Puteaneo
1506 1552 1598 1580 totus

914 1597 972 1632 hic
983 1610 1102 1633 versus
1117 1605 1192 1633 erat
1209 1610 1344 1641 erasus;
1362 1597 1422 1632 sed
1433 1597 1492 1641 sic,
1506 1604 1545 1631 ut
1557 1597 1600 1631 li-

915 1657 1039 1695 queret
1068 1650 1237 1696 scriptum
1273 1649 1376 1684 fuisse
1404 1654 1600 1694 sceptraque

914 1714 1016 1736 sacra
1026 1715 1036 1737 .·
1048 1702 1142 1748 quod
1154 1702 1235 1736 etin
1246 1702 1318 1737 aliis
1327 1701 1486 1748 plurimis
1497 1707 1599 1736 extat.

918 1755 1054 1790 HEINS.
1070 1773 1115 1780 —
1141 1754 1218 1801 Ego
1238 1767 1280 1789 ex
1299 1754 1448 1800 vestigiis
1466 1753 1602 1788 Barbe-

916 1806 987 1841 rini
997 1833 1006 1851 ‚
1018 1807 1180 1842 Vossiani
1192 1814 1228 1842 et
1243 1807 1423 1843 Leidensis
1439 1806 1600 1842 codicum

916 1859 1033 1904 recepi
1049 1871 1058 1894 :

949 1915 1089 1948 Hancqne,
1099 1914 1187 1939 locum
1198 1915 1281 1948 regni,
1291 1920 1443 1948 sceptraque
1451 1922 1523 1939 sacra
1533 1920 1601 1940 tene.

924 1963 1029 1998 Hanc
1045 1963 1171 1997 urbem
1184 1989 1194 2007 ,
1215 1975 1289 1997 non
1311 1963 1425 2007 illam,
1445 1975 1549 2008 quam
1566 1963 1604 1997 in

921 2015 1023 2049 Italia
1041 2015 1183 2060 quaeris,
1198 2021 1280 2049 tene
1291 2014 1408 2048 locum
1421 2015 1521 2060 regni
1533 2016 1582 2049 tui
1594 2041 1604 2059 ‚

921 2073 957 2101 et
973 2067 1020 2100 ibi
1034 2073 1170 2112 sceptra
1186 2078 1282 2101 sacra
1298 2065 1397 2101 habe.
1412 2066 1544 2102 Bunm.
1560 2086 1605 2094 --

923 2118 1061 2154 Omnes
1082 2124 1163 2153 ante
1180 2117 1378 2152 Burmann.
1395 2118 1475 2152 edd.
1499 2120 1605 2164 Inque

921 2173 996 2206 Ioco
1004 2173 1103 2215 ιτςιῖς,
1114 2174 1249 2215 sceptra
1260 2175 1400 2205 sacratu
1414 2174 1500 2205 lene.
1513 2171 1607 2206 Sen-

922 2236 963 2259 su
976 2249 986 2267 ,
1011 2223 1129 2268 inquit
1143 2223 1302 2269 Lennep.
1321 2223 1401 2257 satis
1418 2223 1605 2268 probabili,

922 2275 983 2311 sed
996 2274 1158 2322 languide
1176 2275 1373 2310 enunciato.
1391 2275 1499 2310 Unde
1516 2288 1604 2311 con-

923 2327 1085 2372 iiciebat
1076 2340 1171 2373 ipse:

957 2383 1061 2409 Noemn
1073 2382 1154 2408 eicth
1165 2383 1248 2416 rei‚gs
1262 2391 1289 2408 sc
1290 2389 1363 2417 erptn
1438 2388 1584 2408 a.c1-atene

974 2433 1045 2466 155.
1066 2433 1170 2475 Quem
1182 2436 1325 2477 superet.
1342 2434 1442 2476 Quod
1444 2435 1607 2477 superes!

926 2485 1128 2519 Puteaneus
1135 2491 1171 2519 et
1179 2484 1234 2519 alii
1241 2497 1282 2519 ex
1289 2484 1500 2519 melioribus
1502 2485 1609 2519 Forte

931 2538 1022 2580 Quos
1034 2541 1206 2581 superet...
1222 2538 1347 2572 hostes.
1365 2537 1498 2572 HEINS.

975 2591 1045 2634 157.
1061 2590 1111 2623 Tu
1122 2590 1220 2623 modo
1227 2593 1444 2634 permatrem.
1455 2589 1513 2624 Sic
1526 2602 1607 2625 cum

928 2640 1052 2675 decem
1058 2640 1207 2686 scriptis:
1217 2641 1284 2685 alii,
1291 2646 1432 2686 patrem.
1444 2641 1499 2676 De
1511 2649 1609 2687 patre

929 2705 1011 2727 mox
1021 2699 1108 2739 aget.
1126 2693 1336 2729 Erfurtanus
1347 2707 1414 2739 per
1431 2696 1590 2729 Venerem
1599 2707 1610 2727 .-

930 2744 1025 2791 quod
1036 2745 1175 2782 alterius
1182 2746 1536 2793 interpretamentum
1548 2751 1611 2781 est.

931 2798 1069 2835 umus.
