1884 3112
326 270 410 311 2²22

767 269 1118 317 EPISTOLA
1153 275 1275 319 XII.
1298 306 1301 307 ν

323 359 582 407 Vidietiam
605 359 802 408 lacrimas
822 381 833 409 ε
852 379 906 409 an
931 373 981 410 etr
996 375 1062 411 est
1084 383 1186 430 pars
1209 366 1375 416 fraudis
1398 370 1445 418 in
1467 370 1588 421 illis?

385 436 457 483 Sic
481 437 568 483 cito
594 455 696 484 sum.
714 437 860 485 verbis
885 450 1011 505 capta
1034 440 1182 506 puella
1205 444 1306 492 tuis.

318 511 479 573 Jungis
504 523 547 559 et
564 512 772 579 aeripedes
795 513 1002 563 inadusto
1027 535 1211 584 corpore
1236 531 1408 581 tauros,

381 590 440 636 Et
463 588 648 638 solidam
669 591 791 655 jusso
816 609 988 641 vomere
1010 593 1141 643 findis
1164 595 1360 646 humum.

315 664 432 712 Arva
451 666 694 724 venenatis,
720 686 804 733 pro
830 669 1012 729 semine,
1039 671 1247 722 dentibus
1265 674 1444 742 imples:
1624 668 1630 711 s
1678 695 1724 741 95

381 743 609 802 Nascitur,
635 755 678 793 et
701 744 870 807 gladios
897 759 1105 814 scutaque
1126 749 1251 799 miles
1274 752 1421 802 habet.

314 816 416 884 Ipsa
439 838 541 881 ege,
569 839 663 886 quae
688 821 888 871 dederam
911 824 1215 884 medicamina,
1237 827 1401 894 pallida
1423 829 1537 888 sedi,

376 896 527 959 Quum
550 896 640 944 vidi
663 898 835 947 subitos
858 919 975 949 arma
999 913 1144 951 tenere
1161 903 1302 962 viros3

314 972 468 1022 Donec
493 975 738 1037 terrigenae,
762 977 931 1026 facinus
953 978 1223 1028 miserabile!
1249 980 1403 1030 fratres

377 1052 499 1099 Inter
519 1070 563 1099 se
583 1053 756 1101 strictas
781 1072 1039 1103 conseruere
1061 1075 1230 1105 manus.

1663 1085 1721 1108 100

311 1127 502 1190 Pervigil
525 1147 622 1177 ecce
648 1130 799 1188 draco,
826 1132 1019 1197 squamis
1046 1134 1365 1199 crepitantibus
1379 1134 1588 1193 horrens,

376 1206 538 1255 Sibilat
553 1244 564 1266 ,
591 1220 634 1256 et
659 1219 779 1256 torto
803 1220 980 1274 pectore
1003 1210 1138 1258 verrit
1159 1210 1356 1260 humum.

312 1283 443 1331 Dotis
470 1304 577 1350 opes
601 1285 682 1333 ubi
709 1287 845 1334 tunc?
867 1286 947 1334 ubi
972 1298 1076 1336 tunc
1101 1288 1186 1337 tibi
1210 1289 1328 1351 regia
1350 1291 1543 1356 conjux?

349 1424 402 1458 91·
418 1410 477 1444 An
491 1414 528 1444 et
538 1414 594 1444 est
602 1422 685 1454 pars
691 1410 830 1454 fraudis
846 1414 882 1446 in
898 1413 978 1447 illis.

306 1463 364 1497 An
373 1475 456 1507 pars
470 1467 525 1496 es!
537 1462 653 1508 scripti
673 1474 795 1497 omnes
809 1470 843 1497 et
859 1463 980 1508 primae

305 1514 482 1548 editiones.
507 1514 599 1560 Lege
612 1540 621 1557 ,
637 1527 684 1548 an
694 1527 778 1558 pars
796 1519 832 1548 et
841 1515 979 1559 fraudis

302 1569 338 1599 in
351 1568 449 1609 illzlcz?
463 1566 515 1600 Ita
525 1565 795 1609 Lincolniensis;
816 1573 875 1601 aut
885 1566 978 1612 quod

305 1617 424 1651 malim
437 1618 636 1652 Nasoniano
650 1630 761 1661 more,
774 1631 820 1652 an
825 1631 908 1662 pars
915 1630 978 1652 sua

293 1669 432 1713 fraudis
443 1672 478 1702 in
492 1672 572 1703 illis.
591 1669 739 1703 Metam.
755 1679 845 1713 xm,
870 1669 948 1704 350:

301 1728 396 1753 Desine
408 1728 545 1762 Tydiden,
558 1728 685 1761 vultuque
696 1733 720 1752 et
730 1737 862 1763 murmure
871 1729 944 1754 nobis

302 1776 437 1801 Ostentare
447 1786 532 1801 meum
546 1787 552 1803 ε
565 1786 624 1810 pars
634 1783 672 1802 est
683 1786 728 1802 sua
740 1778 823 1802 laudis
833 1778 859 1802 in
869 1777 923 1803 illo.
937 1777 973 1803 H.

346 1838 398 1872 92.
419 1827 474 1860 Sic
489 1830 565 1860 cito.
585 1827 640 1860 Sic
658 1838 719 1869 ego
731 1853 740 1867 ,
769 1825 897 1872 Regius
918 1832 976 1860 :et

301 1877 347 1910 ita
364 1877 528 1912 Francius
550 1878 763 1923 conjecerat„

341 1922 573 1977 93JInaduslo
587 1942 728 1973 corpore.
745 1929 838 1964 Sunt
859 1930 918 1976 qui
931 1929 974 1964 ad

301 1988 417 2015 tauros
437 1982 590 2016 referant
604 1996 612 2023 ;
638 1982 697 2026 qui
722 1980 765 2015 ad
786 1982 972 2026 Jasonem,

300 2032 394 2077 quod
405 2045 469 2078 ego
485 2033 707 2078 praetulerim.
718 2034 975 2067 Praemedicatus

300 2084 396 2118 enim
411 2097 476 2129 ope
491 2085 628 2120 Medeae
640 2111 649 2129 ,
664 2093 780 2120 tauros
792 2085 973 2121 incolumis

298 2135 432 2181 subegit
445 2162 454 2179 ,
480 2149 546 2171 nec
571 2136 655 2182 quid
672 2137 713 2172 ab
737 2137 784 2172 eis
806 2137 887 2171 mali
909 2136 974 2172 ha-

297 2187 399 2221 bebat
412 2188 683 2223 formidandum.

338 2240 393 2286 94.
405 2240 456 2273 Et
468 2242 619 2274 solidam.
634 2242 808 2275 Insolt‘lam
825 2240 970 2275 Grono—

296 2289 425 2324 vianus.
439 2291 571 2326 HEINS.
586 2292 635 2326 Ut
645 2306 737 2338 supr.
749 2294 792 2336 40
807 2305 815 2327 :
829 2294 972 2327 Insolito

290 2355 454 2385 premeres
478 2356 607 2377 vomere
630 2347 719 2378 colla
741 2347 836 2378 boum
862 2357 872 2378 .·
897 2350 971 2378 erat

294 2394 391 2428 enim
415 2394 470 2430 ille
496 2408 577 2441 ager
587 2422 596 2439 ‚
615 2403 653 2430 ut
668 2395 816 2431 vidimus
826 2423 835 2440 ‚
863 2399 972 2441 longit

294 2450 394 2479 annis
408 2447 557 2482 incultus
571 2454 606 2481 et
621 2450 780 2482 horridus.
792 2449 862 2483 Pro
869 2448 970 2491 jusso

295 2498 788 2544 vomere,Leidensispresso,ut
794 2501 970 2546 passimB.

339 2564 389 2596 97.
416 2553 498 2594 Ipsa
507 2564 575 2595 ego.
592 2551 721 2586 Lucan.
743 2563 803 2596 lv,
823 2554 902 2587 555:

294 2609 416 2642 Ipsaque,
424 2611 561 2643 inexpertis
573 2612 642 2645 quod
650 2613 764 2647 primum
771 2612 865 2638 fecerat
872 2612 969 2645 herbis,

295 2654 511 2689 Expavit'lssedea
526 2659 606 2684 nefas.

338 2706 390 2752 98.
405 2707 511 2740 Arma
523 2711 641 2743 tenere.
656 2710 800 2750 Movere,
811 2710 966 2744 vatican.

344 2769 414 2791 101.
434 2759 582 2801 Perque'l
594 2772 670 2794 ecce
683 2763 792 2796 draco.
808 2761 859 2796 Ita
878 2767 912 2795 et
929 2762 966 2796 in

1044 1413 1100 1448 lib.
1111 1414 1200 1449 Met.
1209 1425 1277 1458 vn,
1285 1429 1316 1450 v.
1333 1417 1407 1463 149,
1416 1414 1511 1451 idem
1517 1414 1717 1462 Epitheton:

1043 1470 1200 1502 Pervigilem
1214 1476 1330 1503 superest
1341 1470 1428 1495 herbis
1441 1472 1525 1504 sopire
1536 1472 1686 1497 draconem.

1044 1515 1172 1562 Scripti
1200 1524 1319 1554 tamen
1352 1526 1421 1554 tres
1432 1545 1442 1564 ,
1474 1520 1613 1565 Serpens
1640 1533 1719 1555 ecce

1043 1571 1130 1611 ²212qu
1140 1581 1150 1602 .·
1165 1581 1256 1604 unus
1271 1571 1382 1605 vatic.
1393 1572 1560 1606 Insomm's
1573 1567 1718 1616 serpens.

1043 1618 1091 1653 At
1114 1619 1313 1655 Puteaneus
1326 1647 1336 1664 ,
1362 1623 1505 1667 Insopor
1519 1636 1598 1657 ecce
1626 1626 1718 1668 m‘ge‘l.

1044 1669 1176 1714 Scribe,
1187 1673 1328 1716 Insuper
1338 1686 1417 1707 ecce
1428 1676 1520 1718 vigil.
1537 1676 1636 1719 Vigil,
1653 1687 1717 1720 pro

1041 1724 1143 1766 wffl'li
1152 1724 1305 1758 dracone.
1323 1724 1456 1760 HEINS.

1087 1785 1159 1807 102.
1184 1776 1300 1809 Vem't.
1339 1777 1449 1810 Vertit
1458 1803 1466 1816 ,
1494 1777 1692 1813 Puteaneus
1704 1803 1714 1821 ,

1043 1823 1251 1861 oxoniensis
1268 1833 1302 1861 et
1316 1833 1386 1862 tres
1402 1827 1467 1862 alii.
1496 1829 1632 1870 Versat,
1649 1841 1715 1863 ex—

1039 1884 1156 1922 cerpta
1175 1879 1323 1912 Puteani
1339 1886 1374 1913 et
1390 1891 1479 1913 unus
1496 1879 1654 1921 Heinsii;
1676 1887 1715 1914 ut

1040 1927 1104 1973 Ep.
1119 1939 1207 1972 xnt,
1225 1930 1267 1977 98
1284 1942 1292 1963 :
1314 1932 1454 1964 Versare
1466 1942 1597 1976 aquas,·
1622 1943 1713 1966 unus

1040 1980 1177 2015 Heinsii
1194 2007 1202 2024 ,
1232 1985 1349 2016 vastat
1360 1984 1491 2016 humum
1508 1995 1519 2017 :
1535 1982 1628 2028 quod
1644 1982 1713 2017 im-

1038 2033 1134 2066 mani
1158 2033 1279 2068 belluae
1298 2034 1440 2079 quidem
1463 2033 1711 2069 accommoda-

1039 2090 1116 2118 tum
1133 2097 1140 2118 :
1154 2084 1214 2119 sed
1232 2085 1406 2131 vulgatam
1421 2086 1566 2120 retineo.
1582 2086 1711 2121 Bmur.

1088 2136 1158 2170 103.
1170 2138 1274 2171 Dotis
1281 2150 1361 2182 opes
1374 2140 1536 2172 obierant
1543 2139 1563 2172 Ρ
1572 2141 1633 2173 ubi
1638 2142 1713 2179 erat

1036 2193 1096 2222 lua
1107 2192 1198 2233 regia
1211 2190 1344 2235 conju-t.
1362 2189 1476 2236 Supra
1492 2191 1580 2236 jam,
1602 2190 1644 2224 53
1658 2201 1666 2223 :

1036 2248 1122 2280 Quam
1133 2248 1180 2272 tibi
1189 2258 1257 2274 nune
1271 2250 1344 2282 longe
1355 2258 1462 2282 reguum
1473 2250 1558 2274 dotale
1570 2250 1685 2281 Creusa,

1067 2297 1101 2321 Et
1113 2305 1183 2323 socer
1195 2303 1220 2322 et
1231 2298 1317 2330 magni
1327 2303 1386 2322 nata
1401 2298 1518 2323 Creontis
1529 2300 1618 2323 erunt!
1668 2296 1670 2299 ’

1036 2345 1137 2380 Idem
1151 2347 1223 2381 sere
1235 2346 1419 2381 iisdem.—-
1436 2349 1618 2392 Tt'bt‘regc‘a
1630 2355 1706 2382 con·>

1026 2399 1095 2442 jux
1102 2399 1215 2444 scripti
1228 2399 1381 2445 plerique
1392 2412 1400 2433 :
1413 2401 1558 2434 ubilunc
1566 2403 1602 2434 et
1615 2400 1707 2444 regia

1036 2463 1124 2485 unus
1141 2451 1336 2486 Palatinus:
1353 2451 1424 2485 duo
1438 2457 1607 2497 praeterea‘
1624 2448 1706 2486 Me-

1034 2501 1119 2536 dicei
1131 2529 1140 2546 ,
1178 2504 1281 2537 Dotis
1308 2516 1387 2547 opes
1410 2506 1472 2537 ubi
1497 2507 1585 2538 lunc.
1611 2502 1703 2536 Puto

1033 2554 1255 2589 scribendum
1271 2567 1279 2589 ε

1032 2610 1107 2634 Dotis
1113 2619 1173 2643 opes
1184 2610 1227 2634 ubi
1238 2610 1319 2635 tunc?
1330 2611 1374 2635 ubi
1383 2616 1444 2635 tune
1453 2610 1501 2635 tihi
1510 2610 1577 2642 regia
1588 2610 1704 2642 conjux?

1035 2658 1102 2692 Vel
1115 2661 1267 2693 ubinunc
1276 2659 1390 2693 Tibul.
1402 2669 1445 2702 11,
1459 2657 1554 2703 Eleg.
1567 2667 1626 2701 111,
1639 2671 1678 2702 ²7
1692 2671 1700 2692 :

1031 2718 1108 2743 nelos
1123 2718 1167 2743 ubi
1178 2717 1257 2751 nunc,
1269 2719 1373 2751 Phoebe,
1386 2724 1429 2744 tun
1441 2722 1480 2742 est
1492 2718 1506 2742 t>
1522 2717 1566 2742 nbi
1576 2715 1700 2750 Delphica

1097 2767 1179 2800 Pytho
1190 2767 1204 2792 ἶ)
1559 2767 1662 2792 Ham-5.
