<?xml version="1.0" encoding="UTF-8"?>
<!DOCTYPE html PUBLIC "-//W3C//DTD XHTML 1.0 Transitional//EN"
    "http://www.w3.org/TR/xhtml1/DTD/xhtml1-transitional.dtd">
<html xmlns="http://www.w3.org/1999/xhtml" xml:lang="en" lang="en">
 <head>
  <title>
</title>
<meta http-equiv="Content-Type" content="text/html;charset=utf-8" />
  <meta name='ocr-system' content='tesseract 3.04.00' />
  <meta name='ocr-capabilities' content='ocr_page ocr_carea ocr_par ocr_line ocrx_word'/>
</head>
<body>
  <div class='ocr_page' id='page_1' title='image "./quaeextantomniao01oviduoft_0491.png"; bbox 0 0 1884 3112; ppageno 0'>
   <div class='ocr_carea' id='block_1_1' title="bbox 0 0 42 1203">
    <p class='ocr_par' dir='ltr' id='par_1_1' title="bbox 0 0 42 1203">
     <span class='ocr_line' id='line_1_1' title="bbox 0 0 42 1203; baseline 0 0"><span class='ocrx_word' id='word_1_1' title='bbox 0 0 42 1203; x_wconf 95' lang='lat' dir='ltr'><strong> </strong></span> 
     </span>
    </p>
   </div>
   <div class='ocr_carea' id='block_1_2' title="bbox 665 271 1128 324">
    <p class='ocr_par' dir='ltr' id='par_1_2' title="bbox 665 271 1128 324">
     <span class='ocr_line' id='line_1_2' title="bbox 665 271 1128 324; baseline 0.006 -3"><span class='ocrx_word' id='word_1_2' title='bbox 665 271 813 322; x_wconf 72' lang='lat' dir='ltr'><strong>Nux</strong></span> <span class='ocrx_word' id='word_1_3' title='bbox 845 274 1056 324; x_wconf 85' lang='lat' dir='ltr'><strong>ELEGI</strong></span> <span class='ocrx_word' id='word_1_4' title='bbox 1070 277 1128 324; x_wconf 93' lang='lat' dir='ltr'><strong>A.</strong></span> 
     </span>
    </p>
   </div>
   <div class='ocr_carea' id='block_1_3' title="bbox 189 361 1621 906">
    <p class='ocr_par' dir='ltr' id='par_1_3' title="bbox 189 361 1621 906">
     <span class='ocr_line' id='line_1_3' title="bbox 254 361 1216 440; baseline 0.012 -30"><span class='ocrx_word' id='word_1_5' title='bbox 254 361 350 411; x_wconf 86' lang='lat' dir='ltr'><strong>Aut</strong></span> <span class='ocrx_word' id='word_1_6' title='bbox 370 380 542 430; x_wconf 82' lang='lat' dir='ltr'><strong>pronus</strong></span> <span class='ocrx_word' id='word_1_7' title='bbox 564 364 708 431; x_wconf 83' lang='lat' dir='ltr'><strong>digito</strong></span> <span class='ocrx_word' id='word_1_8' title='bbox 729 370 854 420; x_wconf 83' lang='lat' dir='ltr'>bisve</span> <span class='ocrx_word' id='word_1_9' title='bbox 879 371 1066 422; x_wconf 84' lang='lat' dir='ltr'><strong>semelve</strong></span> <span class='ocrx_word' id='word_1_10' title='bbox 1085 376 1216 440; x_wconf 71' lang='lat' dir='ltr'><strong>petit.‘</strong></span> 
     </span>
     <span class='ocr_line' id='line_1_4' title="bbox 190 438 1621 516; baseline 0.011 -29"><span class='ocrx_word' id='word_1_11' title='bbox 190 438 419 504; x_wconf 79' lang='lat' dir='ltr'><strong>Quattuor</strong></span> <span class='ocrx_word' id='word_1_12' title='bbox 440 442 488 491; x_wconf 91' lang='lat' dir='ltr'><strong>in</strong></span> <span class='ocrx_word' id='word_1_13' title='bbox 508 444 723 505; x_wconf 77' lang='lat' dir='ltr'><strong>nucibuS‚</strong></span> <span class='ocrx_word' id='word_1_14' title='bbox 748 466 842 496; x_wconf 89' lang='lat' dir='ltr'><strong>non</strong></span> <span class='ocrx_word' id='word_1_15' title='bbox 859 449 1074 516; x_wconf 86' lang='lat' dir='ltr'><strong>amplius,</strong></span> <span class='ocrx_word' id='word_1_16' title='bbox 1099 450 1193 500; x_wconf 85' lang='lat' dir='ltr'><strong>alea</strong></span> <span class='ocrx_word' id='word_1_17' title='bbox 1215 462 1311 500; x_wconf 90' lang='lat' dir='ltr'><strong>tota</strong></span> <span class='ocrx_word' id='word_1_18' title='bbox 1333 465 1426 513; x_wconf 88' lang='lat' dir='ltr'><strong>est;</strong></span> <span class='ocrx_word' id='word_1_19' title='bbox 1577 468 1621 515; x_wconf 78' lang='lat'><strong>75</strong></span> 
     </span>
     <span class='ocr_line' id='line_1_5' title="bbox 253 517 1278 590; baseline 0.011 -23"><span class='ocrx_word' id='word_1_20' title='bbox 253 517 414 583; x_wconf 75' lang='lat' dir='ltr'><strong>Quum</strong></span> <span class='ocrx_word' id='word_1_21' title='bbox 436 520 525 578; x_wconf 71' lang='lat' dir='ltr'><strong>sibi</strong></span> <span class='ocrx_word' id='word_1_22' title='bbox 547 524 794 590; x_wconf 86' lang='lat' dir='ltr'><strong>suppositis</strong></span> <span class='ocrx_word' id='word_1_23' title='bbox 818 525 997 575; x_wconf 84' lang='lat' dir='ltr'><strong>additur</strong></span> <span class='ocrx_word' id='word_1_24' title='bbox 1012 546 1102 576; x_wconf 89' lang='lat' dir='ltr'><strong>una</strong></span> <span class='ocrx_word' id='word_1_25' title='bbox 1119 529 1278 578; x_wconf 90' lang='lat' dir='ltr'><strong>tribus.</strong></span> 
     </span>
     <span class='ocr_line' id='line_1_6' title="bbox 191 593 1286 674; baseline 0.013 -32"><span class='ocrx_word' id='word_1_26' title='bbox 191 593 279 643; x_wconf 85' lang='lat' dir='ltr'><strong>Per</strong></span> <span class='ocrx_word' id='word_1_27' title='bbox 301 596 463 647; x_wconf 85' lang='lat' dir='ltr'><strong>tabulae</strong></span> <span class='ocrx_word' id='word_1_28' title='bbox 485 598 647 650; x_wconf 82' lang='lat' dir='ltr'><strong>clivum</strong></span> <span class='ocrx_word' id='word_1_29' title='bbox 670 600 761 650; x_wconf 85' lang='lat' dir='ltr'><strong>labi</strong></span> <span class='ocrx_word' id='word_1_30' title='bbox 781 602 911 668; x_wconf 90' lang='lat' dir='ltr'><strong>jubet</strong></span> <span class='ocrx_word' id='word_1_31' title='bbox 933 603 1063 663; x_wconf 90' lang='lat' dir='ltr'><strong>alter;</strong></span> <span class='ocrx_word' id='word_1_32' title='bbox 1089 617 1135 655; x_wconf 88' lang='lat' dir='ltr'><strong>et</strong></span> <span class='ocrx_word' id='word_1_33' title='bbox 1158 619 1286 674; x_wconf 86' lang='lat' dir='ltr'><strong>optat</strong></span> 
     </span>
     <span class='ocr_line' id='line_1_7' title="bbox 256 672 1262 747; baseline 0.013 -26"><span class='ocrx_word' id='word_1_34' title='bbox 256 672 432 738; x_wconf 85' lang='lat' dir='ltr'><strong>Tangat</strong></span> <span class='ocrx_word' id='word_1_35' title='bbox 451 687 505 725; x_wconf 90' lang='lat' dir='ltr'><strong>ut</strong></span> <span class='ocrx_word' id='word_1_36' title='bbox 526 696 550 726; x_wconf 91' lang='lat' dir='ltr'><strong>e</strong></span> <span class='ocrx_word' id='word_1_37' title='bbox 572 677 726 728; x_wconf 89' lang='lat' dir='ltr'><strong>multis</strong></span> <span class='ocrx_word' id='word_1_38' title='bbox 751 680 997 747; x_wconf 85' lang='lat' dir='ltr'><strong>quamlibet</strong></span> <span class='ocrx_word' id='word_1_39' title='bbox 1015 702 1105 732; x_wconf 89' lang='lat' dir='ltr'><strong>una</strong></span> <span class='ocrx_word' id='word_1_40' title='bbox 1126 703 1262 733; x_wconf 91' lang='lat' dir='ltr'><strong>suam.</strong></span> 
     </span>
     <span class='ocr_line' id='line_1_8' title="bbox 189 749 1411 830; baseline 0.012 -33"><span class='ocrx_word' id='word_1_41' title='bbox 189 749 275 798; x_wconf 84' lang='lat' dir='ltr'><strong>Est</strong></span> <span class='ocrx_word' id='word_1_42' title='bbox 296 751 453 812; x_wconf 80' lang='lat' dir='ltr'><strong>etiam,</strong></span> <span class='ocrx_word' id='word_1_43' title='bbox 477 773 559 821; x_wconf 87' lang='lat' dir='ltr'><strong>par</strong></span> <span class='ocrx_word' id='word_1_44' title='bbox 580 756 640 805; x_wconf 91' lang='lat' dir='ltr'><strong>sit</strong></span> <span class='ocrx_word' id='word_1_45' title='bbox 662 776 872 807; x_wconf 91' lang='lat' dir='ltr'><strong>numerus</strong></span> <span class='ocrx_word' id='word_1_46' title='bbox 896 760 974 826; x_wconf 88' lang='lat' dir='ltr'><strong>qui</strong></span> <span class='ocrx_word' id='word_1_47' title='bbox 993 760 1131 822; x_wconf 86' lang='lat' dir='ltr'><strong>dicat,</strong></span> <span class='ocrx_word' id='word_1_48' title='bbox 1155 782 1212 812; x_wconf 85' lang='lat' dir='ltr'><strong>an</strong></span> <span class='ocrx_word' id='word_1_49' title='bbox 1235 763 1380 830; x_wconf 86' lang='lat' dir='ltr'>impar</span> <span class='ocrx_word' id='word_1_50' title='bbox 1401 783 1411 811; x_wconf 75' lang='grc' dir='ltr'>ε</span> 
     </span>
     <span class='ocr_line' id='line_1_9' title="bbox 254 827 1621 906; baseline 0.014 -30"><span class='ocrx_word' id='word_1_51' title='bbox 254 827 320 876; x_wconf 88' lang='lat' dir='ltr'><strong>Ut</strong></span> <span class='ocrx_word' id='word_1_52' title='bbox 342 828 558 881; x_wconf 83' lang='lat' dir='ltr'><strong>divinatas</strong></span> <span class='ocrx_word' id='word_1_53' title='bbox 581 833 751 883; x_wconf 86' lang='lat' dir='ltr'><strong>auferat</strong></span> <span class='ocrx_word' id='word_1_54' title='bbox 773 854 918 901; x_wconf 82' lang='lat' dir='ltr'><strong>augur</strong></span> <span class='ocrx_word' id='word_1_55' title='bbox 939 857 1060 906; x_wconf 87' lang='lat' dir='ltr'><strong>opes.</strong></span> <span class='ocrx_word' id='word_1_56' title='bbox 1536 833 1538 835; x_wconf 12' lang='lat' dir='ltr'>V</span> <span class='ocrx_word' id='word_1_57' title='bbox 1576 855 1621 888; x_wconf 84' lang='lat'><strong>80</strong></span> 
     </span>
    </p>
   </div>
   <div class='ocr_carea' id='block_1_4' title="bbox 162 971 876 2856">
    <p class='ocr_par' dir='ltr' id='par_1_4' title="bbox 162 971 876 2856">
     <span class='ocr_line' id='line_1_10' title="bbox 187 971 872 1022; baseline 0.013 -16"><span class='ocrx_word' id='word_1_58' title='bbox 187 971 284 1018; x_wconf 81' lang='lat' dir='ltr'><strong>quod</strong></span> <span class='ocrx_word' id='word_1_59' title='bbox 307 985 391 1008; x_wconf 85' lang='lat' dir='ltr'><strong>mox</strong></span> <span class='ocrx_word' id='word_1_60' title='bbox 411 975 571 1022; x_wconf 84' lang='lat' dir='ltr'><strong>sequitur</strong></span> <span class='ocrx_word' id='word_1_61' title='bbox 584 1003 595 1021; x_wconf 85' lang='lat'>,</span> <span class='ocrx_word' id='word_1_62' title='bbox 620 980 774 1021; x_wconf 84' lang='lat' dir='ltr'><strong>Pmnas,</strong></span> <span class='ocrx_word' id='word_1_63' title='bbox 803 978 872 1016; x_wconf 88' lang='lat' dir='ltr'><strong>hoc</strong></span> 
     </span>
     <span class='ocr_line' id='line_1_11' title="bbox 185 1028 871 1076; baseline 0.012 -17"><span class='ocrx_word' id='word_1_64' title='bbox 185 1031 240 1060; x_wconf 77' lang='lat' dir='ltr'><strong>est</strong></span> <span class='ocrx_word' id='word_1_65' title='bbox 258 1051 269 1069; x_wconf 87' lang='lat'>‚</span> <span class='ocrx_word' id='word_1_66' title='bbox 305 1032 527 1064; x_wconf 82' lang='lat' dir='ltr'><strong>transversas.</strong></span> <span class='ocrx_word' id='word_1_67' title='bbox 557 1028 724 1076; x_wconf 85' lang='lat' dir='ltr'><strong>Suspicor</strong></span> <span class='ocrx_word' id='word_1_68' title='bbox 751 1039 871 1067; x_wconf 88' lang='lat' dir='ltr'><strong>autem</strong></span> 
     </span>
     <span class='ocr_line' id='line_1_12' title="bbox 183 1075 872 1128; baseline 0.012 -16"><span class='ocrx_word' id='word_1_69' title='bbox 183 1075 284 1112; x_wconf 75' lang='lat' dir='ltr'><strong>hunc</strong></span> <span class='ocrx_word' id='word_1_70' title='bbox 312 1090 385 1114; x_wconf 84' lang='lat' dir='ltr'><strong>esse</strong></span> <span class='ocrx_word' id='word_1_71' title='bbox 410 1079 527 1115; x_wconf 88' lang='lat' dir='ltr'><strong>lusum</strong></span> <span class='ocrx_word' id='word_1_72' title='bbox 548 1107 559 1125; x_wconf 90' lang='lat'>,</span> <span class='ocrx_word' id='word_1_73' title='bbox 600 1095 670 1128; x_wconf 89' lang='lat' dir='ltr'><strong>quo</strong></span> <span class='ocrx_word' id='word_1_74' title='bbox 703 1083 872 1120; x_wconf 85' lang='lat' dir='ltr'><strong>findimus</strong></span> 
     </span>
     <span class='ocr_line' id='line_1_13' title="bbox 185 1129 873 1181; baseline 0.015 -18"><span class='ocrx_word' id='word_1_75' title='bbox 185 1129 295 1164; x_wconf 84' lang='lat' dir='ltr'><strong>etiam</strong></span> <span class='ocrx_word' id='word_1_76' title='bbox 307 1130 400 1166; x_wconf 86' lang='lat' dir='ltr'><strong>mala</strong></span> <span class='ocrx_word' id='word_1_77' title='bbox 413 1132 585 1178; x_wconf 77' lang='lat' dir='ltr'><strong>praedura.</strong></span> <span class='ocrx_word' id='word_1_78' title='bbox 601 1134 804 1181; x_wconf 88' lang='lat' dir='ltr'><strong>Imponitur</strong></span> <span class='ocrx_word' id='word_1_79' title='bbox 814 1138 873 1172; x_wconf 87' lang='lat' dir='ltr'><strong>in-</strong></span> 
     </span>
     <span class='ocr_line' id='line_1_14' title="bbox 186 1181 871 1234; baseline 0.016 -18"><span class='ocrx_word' id='word_1_80' title='bbox 186 1181 254 1217; x_wconf 86' lang='lat' dir='ltr'><strong>dex</strong></span> <span class='ocrx_word' id='word_1_81' title='bbox 267 1182 416 1219; x_wconf 71' lang='lat' dir='ltr'><strong>sinistre</strong></span> <span class='ocrx_word' id='word_1_82' title='bbox 431 1185 515 1221; x_wconf 87' lang='lat' dir='ltr'><strong>ma&#39;li</strong></span> <span class='ocrx_word' id='word_1_83' title='bbox 530 1187 729 1233; x_wconf 87' lang='lat' dir='ltr'><strong>pedunculo</strong></span> <span class='ocrx_word' id='word_1_84' title='bbox 743 1217 753 1234; x_wconf 88' lang='lat'>,</span> <span class='ocrx_word' id='word_1_85' title='bbox 778 1198 813 1226; x_wconf 87' lang='lat' dir='ltr'><strong>et</strong></span> <span class='ocrx_word' id='word_1_86' title='bbox 833 1192 871 1227; x_wconf 89' lang='lat' dir='ltr'><strong>in</strong></span> 
     </span>
     <span class='ocr_line' id='line_1_15' title="bbox 185 1232 872 1289; baseline 0.013 -20"><span class='ocrx_word' id='word_1_87' title='bbox 185 1232 284 1270; x_wconf 85' lang='lat' dir='ltr'><strong>hunc</strong></span> <span class='ocrx_word' id='word_1_88' title='bbox 300 1247 439 1283; x_wconf 76' lang='lat' dir='ltr'><strong>pugnus</strong></span> <span class='ocrx_word' id='word_1_89' title='bbox 458 1236 581 1274; x_wconf 82' lang='lat' dir='ltr'><strong>dexter</strong></span> <span class='ocrx_word' id='word_1_90' title='bbox 600 1241 715 1276; x_wconf 88' lang='lat' dir='ltr'><strong>subito</strong></span> <span class='ocrx_word' id='word_1_91' title='bbox 739 1242 872 1289; x_wconf 90' lang='lat' dir='ltr'><strong>impin-</strong></span> 
     </span>
     <span class='ocr_line' id='line_1_16' title="bbox 186 1286 872 1336; baseline 0.015 -15"><span class='ocrx_word' id='word_1_92' title='bbox 186 1286 292 1332; x_wconf 76' lang='lat' dir='ltr'><strong>gitur.</strong></span> <span class='ocrx_word' id='word_1_93' title='bbox 315 1287 359 1323; x_wconf 90' lang='lat' dir='ltr'><strong>In</strong></span> <span class='ocrx_word' id='word_1_94' title='bbox 385 1289 521 1336; x_wconf 90' lang='lat' dir='ltr'><strong>impetu</strong></span> <span class='ocrx_word' id='word_1_95' title='bbox 547 1305 586 1327; x_wconf 90' lang='lat' dir='ltr'><strong>ac</strong></span> <span class='ocrx_word' id='word_1_96' title='bbox 607 1293 784 1330; x_wconf 84' lang='lat' dir='ltr'><strong>celeritate</strong></span> <span class='ocrx_word' id='word_1_97' title='bbox 807 1295 872 1331; x_wconf 91' lang='lat' dir='ltr'><strong>sita</strong></span> 
     </span>
     <span class='ocr_line' id='line_1_17' title="bbox 185 1341 872 1383; baseline 0.013 -8"><span class='ocrx_word' id='word_1_98' title='bbox 185 1346 241 1375; x_wconf 80' lang='lat' dir='ltr'><strong>est</strong></span> <span class='ocrx_word' id='word_1_99' title='bbox 261 1341 415 1378; x_wconf 83' lang='lat' dir='ltr'><strong>victoria.</strong></span> <span class='ocrx_word' id='word_1_100' title='bbox 435 1343 580 1380; x_wconf 82' lang='lat' dir='ltr'><strong>Etenim</strong></span> <span class='ocrx_word' id='word_1_101' title='bbox 600 1345 629 1380; x_wconf 89' lang='lat' dir='ltr'><strong>si</strong></span> <span class='ocrx_word' id='word_1_102' title='bbox 653 1345 778 1382; x_wconf 86' lang='lat' dir='ltr'><strong>leviter</strong></span> <span class='ocrx_word' id='word_1_103' title='bbox 795 1348 872 1383; x_wconf 89' lang='lat' dir='ltr'><strong>im-</strong></span> 
     </span>
     <span class='ocr_line' id='line_1_18' title="bbox 185 1392 873 1444; baseline 0.012 -17"><span class='ocrx_word' id='word_1_104' title='bbox 185 1392 332 1439; x_wconf 78' lang='lat' dir='ltr'><strong>pingas,</strong></span> <span class='ocrx_word' id='word_1_105' title='bbox 365 1401 402 1430; x_wconf 94' lang='lat' dir='ltr'><strong>et</strong></span> <span class='ocrx_word' id='word_1_106' title='bbox 425 1394 574 1442; x_wconf 80' lang='lat' dir='ltr'><strong>digitum</strong></span> <span class='ocrx_word' id='word_1_107' title='bbox 597 1398 772 1444; x_wconf 56' lang='lat' dir='ltr'><strong>offendiv,</strong></span> <span class='ocrx_word' id='word_1_108' title='bbox 805 1413 873 1435; x_wconf 88' lang='lat' dir='ltr'><strong>nec</strong></span> 
     </span>
     <span class='ocr_line' id='line_1_19' title="bbox 162 1443 876 1494; baseline 0.011 -15"><span class='ocrx_word' id='word_1_109' title='bbox 162 1490 166 1494; x_wconf 80' lang='lat'><em>.</em></span> <span class='ocrx_word' id='word_1_110' title='bbox 185 1443 294 1481; x_wconf 85' lang='lat' dir='ltr'><strong>findis</strong></span> <span class='ocrx_word' id='word_1_111' title='bbox 312 1446 461 1482; x_wconf 82' lang='lat' dir='ltr'><strong>malum.</strong></span> <span class='ocrx_word' id='word_1_112' title='bbox 481 1447 628 1485; x_wconf 55' lang='lat' dir='ltr'><strong>Enim.</strong></span> <span class='ocrx_word' id='word_1_113' title='bbox 649 1469 695 1477; x_wconf 89' lang='lat'>—</span> <span class='ocrx_word' id='word_1_114' title='bbox 709 1453 876 1487; x_wconf 79' lang='lat' dir='ltr'><strong>Dilam&#39;at</strong></span> 
     </span>
     <span class='ocr_line' id='line_1_20' title="bbox 186 1497 870 1549; baseline 0.013 -18"><span class='ocrx_word' id='word_1_115' title='bbox 186 1497 290 1532; x_wconf 86' lang='lat' dir='ltr'><strong>multi</strong></span> <span class='ocrx_word' id='word_1_116' title='bbox 312 1511 354 1534; x_wconf 84' lang='lat' dir='ltr'><strong>ex</strong></span> <span class='ocrx_word' id='word_1_117' title='bbox 373 1499 519 1546; x_wconf 82' lang='lat' dir='ltr'><strong>scriptis.</strong></span> <span class='ocrx_word' id='word_1_118' title='bbox 544 1501 653 1537; x_wconf 87' lang='lat' dir='ltr'><strong>Unde</strong></span> <span class='ocrx_word' id='word_1_119' title='bbox 681 1502 870 1549; x_wconf 82' lang='lat' dir='ltr'><strong>Erasmus,</strong></span> 
     </span>
     <span class='ocr_line' id='line_1_21' title="bbox 184 1551 872 1600; baseline 0.013 -17"><span class='ocrx_word' id='word_1_120' title='bbox 184 1551 372 1586; x_wconf 59' lang='lat' dir='ltr'><strong>dilamhat</strong></span> <span class='ocrx_word' id='word_1_121' title='bbox 382 1564 393 1586; x_wconf 84' lang='lat'><em>:</em></span> <span class='ocrx_word' id='word_1_122' title='bbox 407 1551 588 1598; x_wconf 80' lang='lat' dir='ltr'><strong>ingeniose</strong></span> <span class='ocrx_word' id='word_1_123' title='bbox 603 1568 613 1597; x_wconf 91' lang='lat'>;</span> <span class='ocrx_word' id='word_1_124' title='bbox 639 1556 819 1600; x_wconf 90' lang='lat' dir='ltr'><strong>quomodo</strong></span> <span class='ocrx_word' id='word_1_125' title='bbox 836 1564 872 1592; x_wconf 84' lang='lat' dir='ltr'><strong>et</strong></span> 
     </span>
     <span class='ocr_line' id='line_1_22' title="bbox 184 1601 873 1653; baseline 0.012 -17"><span class='ocrx_word' id='word_1_126' title='bbox 184 1601 296 1637; x_wconf 83' lang='lat' dir='ltr'><strong>codex</strong></span> <span class='ocrx_word' id='word_1_127' title='bbox 321 1602 504 1640; x_wconf 77' lang='lat' dir='ltr'><strong>Medieeus</strong></span> <span class='ocrx_word' id='word_1_128' title='bbox 520 1631 531 1650; x_wconf 89' lang='lat'>,</span> <span class='ocrx_word' id='word_1_129' title='bbox 564 1618 647 1641; x_wconf 91' lang='lat' dir='ltr'><strong>cum</strong></span> <span class='ocrx_word' id='word_1_130' title='bbox 662 1607 773 1653; x_wconf 88' lang='lat' dir='ltr'><strong>prisca</strong></span> <span class='ocrx_word' id='word_1_131' title='bbox 789 1609 873 1644; x_wconf 90' lang='lat' dir='ltr'><strong>edi-</strong></span> 
     </span>
     <span class='ocr_line' id='line_1_23' title="bbox 183 1653 864 1707; baseline 0.01 -18"><span class='ocrx_word' id='word_1_132' title='bbox 183 1653 283 1690; x_wconf 76' lang='lat' dir='ltr'><strong>tione</strong></span> <span class='ocrx_word' id='word_1_133' title='bbox 303 1664 312 1687; x_wconf 70' lang='grc' dir='ltr'><em>τ</em></span> <span class='ocrx_word' id='word_1_134' title='bbox 332 1655 397 1691; x_wconf 86' lang='lat' dir='ltr'><strong>etsi</strong></span> <span class='ocrx_word' id='word_1_135' title='bbox 411 1657 562 1692; x_wconf 82' lang='lat' dir='ltr'><strong>verbum</strong></span> <span class='ocrx_word' id='word_1_136' title='bbox 584 1658 619 1693; x_wconf 89' lang='lat' dir='ltr'><strong>id</strong></span> <span class='ocrx_word' id='word_1_137' title='bbox 639 1659 683 1694; x_wconf 87' lang='lat' dir='ltr'><strong>sit</strong></span> <span class='ocrx_word' id='word_1_138' title='bbox 704 1673 864 1707; x_wconf 85' lang='lat' dir='ltr'><strong>novum,</strong></span> 
     </span>
     <span class='ocr_line' id='line_1_24' title="bbox 181 1708 870 1749; baseline 0.012 -8"><span class='ocrx_word' id='word_1_139' title='bbox 181 1713 278 1742; x_wconf 83' lang='lat' dir='ltr'><strong>certe</strong></span> <span class='ocrx_word' id='word_1_140' title='bbox 294 1708 474 1744; x_wconf 66' lang='lat' dir='ltr'><strong>lammam</strong></span> <span class='ocrx_word' id='word_1_141' title='bbox 486 1710 585 1745; x_wconf 87' lang='lat' dir='ltr'><strong>nucis</strong></span> <span class='ocrx_word' id='word_1_142' title='bbox 597 1710 688 1746; x_wconf 84' lang='lat' dir='ltr'><strong>infra</strong></span> <span class='ocrx_word' id='word_1_143' title='bbox 702 1712 759 1748; x_wconf 88' lang='lat' dir='ltr'><strong>hic</strong></span> <span class='ocrx_word' id='word_1_144' title='bbox 773 1713 870 1749; x_wconf 91' lang='lat' dir='ltr'><strong>idem</strong></span> 
     </span>
     <span class='ocr_line' id='line_1_25' title="bbox 183 1760 872 1811; baseline 0.01 -17"><span class='ocrx_word' id='word_1_145' title='bbox 183 1765 308 1794; x_wconf 82' lang='lat' dir='ltr'><strong>auctor</strong></span> <span class='ocrx_word' id='word_1_146' title='bbox 317 1760 476 1806; x_wconf 88' lang='lat' dir='ltr'><strong>appellat.</strong></span> <span class='ocrx_word' id='word_1_147' title='bbox 493 1761 688 1799; x_wconf 89' lang='lat' dir='ltr'><strong>Politianus</strong></span> <span class='ocrx_word' id='word_1_148' title='bbox 702 1766 872 1811; x_wconf 83' lang='lat' dir='ltr'><strong>conjicie-</strong></span> 
     </span>
     <span class='ocr_line' id='line_1_26' title="bbox 181 1811 870 1863; baseline 0.012 -17"><span class='ocrx_word' id='word_1_149' title='bbox 181 1811 243 1847; x_wconf 85' lang='lat' dir='ltr'><strong>bat</strong></span> <span class='ocrx_word' id='word_1_150' title='bbox 276 1813 443 1861; x_wconf 47' lang='lat' dir='ltr'><strong>dele&#39;m‘afl</strong></span> <span class='ocrx_word' id='word_1_151' title='bbox 477 1815 633 1850; x_wconf 80' lang='lat' dir='ltr'><strong>delineat</strong></span> <span class='ocrx_word' id='word_1_152' title='bbox 667 1817 844 1854; x_wconf 88' lang='lat' dir='ltr'><strong>Fabricius</strong></span> <span class='ocrx_word' id='word_1_153' title='bbox 860 1834 870 1863; x_wconf 88' lang='lat'>;</span> 
     </span>
     <span class='ocr_line' id='line_1_27' title="bbox 181 1864 871 1906; baseline 0.012 -8"><span class='ocrx_word' id='word_1_154' title='bbox 181 1865 375 1899; x_wconf 69' lang='lat' dir='ltr'><strong>divulnerat</strong></span> <span class='ocrx_word' id='word_1_155' title='bbox 383 1864 493 1901; x_wconf 84' lang='lat' dir='ltr'><strong>codex</strong></span> <span class='ocrx_word' id='word_1_156' title='bbox 507 1867 649 1903; x_wconf 85' lang='lat' dir='ltr'><strong>Patricii</strong></span> <span class='ocrx_word' id='word_1_157' title='bbox 665 1870 787 1905; x_wconf 88' lang='lat' dir='ltr'><strong>Junii:</strong></span> <span class='ocrx_word' id='word_1_158' title='bbox 803 1874 871 1906; x_wconf 64' lang='lat' dir='ltr'><strong>dn·-</strong></span> 
     </span>
     <span class='ocr_line' id='line_1_28' title="bbox 182 1915 868 1964; baseline 0.012 -14"><span class='ocrx_word' id='word_1_159' title='bbox 182 1920 325 1961; x_wconf 79' lang='lat' dir='ltr'><strong>separat</strong></span> <span class='ocrx_word' id='word_1_160' title='bbox 336 1915 408 1951; x_wconf 84' lang='lat' dir='ltr'><strong>duo</strong></span> <span class='ocrx_word' id='word_1_161' title='bbox 426 1917 492 1953; x_wconf 88' lang='lat' dir='ltr'><strong>alii.</strong></span> <span class='ocrx_word' id='word_1_162' title='bbox 517 1919 652 1955; x_wconf 89' lang='lat' dir='ltr'><strong>Mureti</strong></span> <span class='ocrx_word' id='word_1_163' title='bbox 668 1947 677 1964; x_wconf 93' lang='lat'>,</span> <span class='ocrx_word' id='word_1_164' title='bbox 704 1924 868 1958; x_wconf 68' lang='lat' dir='ltr'><strong>delaniat.</strong></span> 
     </span>
     <span class='ocr_line' id='line_1_29' title="bbox 183 1969 872 2011; baseline 0.012 -8"><span class='ocrx_word' id='word_1_165' title='bbox 183 1969 258 2004; x_wconf 87' lang='lat' dir='ltr'><strong>Pro</strong></span> <span class='ocrx_word' id='word_1_166' title='bbox 274 1973 387 2004; x_wconf 63' lang='lat' dir='ltr'><strong>rectas</strong></span> <span class='ocrx_word' id='word_1_167' title='bbox 410 1969 517 2005; x_wconf 85' lang='lat' dir='ltr'><strong>etiam</strong></span> <span class='ocrx_word' id='word_1_168' title='bbox 538 1971 575 2006; x_wconf 91' lang='lat' dir='ltr'><strong>in</strong></span> <span class='ocrx_word' id='word_1_169' title='bbox 598 1973 718 2008; x_wconf 90' lang='lat' dir='ltr'><strong>multis</strong></span> <span class='ocrx_word' id='word_1_170' title='bbox 741 1976 872 2011; x_wconf 84' lang='lat' dir='ltr'><strong>veteri-</strong></span> 
     </span>
     <span class='ocr_line' id='line_1_30' title="bbox 183 2019 871 2070; baseline 0.009 -15"><span class='ocrx_word' id='word_1_171' title='bbox 183 2019 267 2064; x_wconf 83' lang='lat' dir='ltr'><strong>bus,</strong></span> <span class='ocrx_word' id='word_1_172' title='bbox 284 2023 404 2057; x_wconf 78' lang='lat' dir='ltr'><strong>lectas.</strong></span> <span class='ocrx_word' id='word_1_173' title='bbox 420 2021 514 2058; x_wconf 87' lang='lat' dir='ltr'><strong>Puto</strong></span> <span class='ocrx_word' id='word_1_174' title='bbox 525 2023 749 2060; x_wconf 89' lang='lat' dir='ltr'><strong>scribendum</strong></span> <span class='ocrx_word' id='word_1_175' title='bbox 760 2052 769 2070; x_wconf 92' lang='lat'>,</span> <span class='ocrx_word' id='word_1_176' title='bbox 787 2039 871 2061; x_wconf 83' lang='lat' dir='ltr'><strong>sec·-</strong></span> 
     </span>
     <span class='ocr_line' id='line_1_31' title="bbox 185 2075 600 2112; baseline 0.01 -4"><span class='ocrx_word' id='word_1_177' title='bbox 185 2077 243 2108; x_wconf 73' lang='lat' dir='ltr'><strong>tas</strong></span> <span class='ocrx_word' id='word_1_178' title='bbox 258 2075 448 2110; x_wconf 78' lang='lat' dir='ltr'><strong>dt&#39;laminat.</strong></span> <span class='ocrx_word' id='word_1_179' title='bbox 465 2075 600 2112; x_wconf 73' lang='lat' dir='ltr'><strong>Hzms.</strong></span> 
     </span>
     <span class='ocr_line' id='line_1_32' title="bbox 233 2126 868 2175; baseline 0.008 -15"><span class='ocrx_word' id='word_1_180' title='bbox 233 2127 284 2171; x_wconf 77' lang='lat'><strong>74.</strong></span> <span class='ocrx_word' id='word_1_181' title='bbox 312 2126 390 2161; x_wconf 81' lang='lat' dir='ltr'><strong>Aut</strong></span> <span class='ocrx_word' id='word_1_182' title='bbox 397 2140 535 2172; x_wconf 80' lang='lat' dir='ltr'><strong>pronas.</strong></span> <span class='ocrx_word' id='word_1_183' title='bbox 567 2128 710 2164; x_wconf 83' lang='lat' dir='ltr'><strong>Rectius</strong></span> <span class='ocrx_word' id='word_1_184' title='bbox 718 2142 845 2175; x_wconf 82' lang='lat' dir='ltr'><strong>pmnus</strong></span> <span class='ocrx_word' id='word_1_185' title='bbox 858 2158 868 2173; x_wconf 88' lang='lat'><em>,</em></span> 
     </span>
     <span class='ocr_line' id='line_1_33' title="bbox 186 2178 871 2225; baseline 0.006 -11"><span class='ocrx_word' id='word_1_186' title='bbox 186 2191 270 2214; x_wconf 89' lang='lat' dir='ltr'><strong>cum</strong></span> <span class='ocrx_word' id='word_1_187' title='bbox 297 2178 410 2225; x_wconf 82' lang='lat' dir='ltr'><strong>Regio</strong></span> <span class='ocrx_word' id='word_1_188' title='bbox 434 2187 470 2215; x_wconf 93' lang='lat' dir='ltr'><strong>et</strong></span> <span class='ocrx_word' id='word_1_189' title='bbox 493 2180 713 2216; x_wconf 87' lang='lat' dir='ltr'><strong>Menteliano</strong></span> <span class='ocrx_word' id='word_1_190' title='bbox 742 2182 871 2219; x_wconf 86' lang='lat' dir='ltr'><strong>codice.</strong></span> 
     </span>
     <span class='ocr_line' id='line_1_34' title="bbox 232 2230 871 2281; baseline 0.008 -16"><span class='ocrx_word' id='word_1_191' title='bbox 232 2230 284 2277; x_wconf 84' lang='grc'><strong>76.</strong></span> <span class='ocrx_word' id='word_1_192' title='bbox 310 2233 419 2275; x_wconf 82' lang='lat' dir='ltr'><strong>Quum</strong></span> <span class='ocrx_word' id='word_1_193' title='bbox 431 2235 706 2278; x_wconf 77' lang='lat' dir='ltr'><strong>sibisupposilis.</strong></span> <span class='ocrx_word' id='word_1_194' title='bbox 724 2234 871 2281; x_wconf 87' lang='lat' dir='ltr'><strong>Elegan-</strong></span> 
     </span>
     <span class='ocr_line' id='line_1_35' title="bbox 186 2283 869 2334; baseline 0.006 -15"><span class='ocrx_word' id='word_1_195' title='bbox 186 2283 318 2320; x_wconf 78' lang='lat' dir='ltr'><strong>tissime</strong></span> <span class='ocrx_word' id='word_1_196' title='bbox 342 2284 521 2331; x_wconf 83' lang='lat' dir='ltr'><strong>descripsit</strong></span> <span class='ocrx_word' id='word_1_197' title='bbox 537 2286 619 2321; x_wconf 83' lang='lat' dir='ltr'><strong>aleae</strong></span> <span class='ocrx_word' id='word_1_198' title='bbox 636 2286 720 2321; x_wconf 91' lang='lat' dir='ltr'><strong>illud</strong></span> <span class='ocrx_word' id='word_1_199' title='bbox 737 2301 847 2334; x_wconf 86' lang='lat' dir='ltr'><strong>genus</strong></span> <span class='ocrx_word' id='word_1_200' title='bbox 859 2315 869 2333; x_wconf 92' lang='lat'>,</span> 
     </span>
     <span class='ocr_line' id='line_1_36' title="bbox 186 2338 871 2384; baseline 0.009 -13"><span class='ocrx_word' id='word_1_201' title='bbox 186 2349 299 2383; x_wconf 83' lang='lat' dir='ltr'><strong>quum</strong></span> <span class='ocrx_word' id='word_1_202' title='bbox 326 2338 425 2384; x_wconf 90' lang='lat' dir='ltr'><strong>pueri</strong></span> <span class='ocrx_word' id='word_1_203' title='bbox 450 2338 653 2373; x_wconf 78' lang='lat' dir='ltr'><strong>castellatim</strong></span> <span class='ocrx_word' id='word_1_204' title='bbox 677 2339 740 2375; x_wconf 88' lang='lat' dir='ltr'><strong>sibi</strong></span> <span class='ocrx_word' id='word_1_205' title='bbox 763 2353 871 2376; x_wconf 91' lang='lat' dir='ltr'><strong>nuces</strong></span> 
     </span>
     <span class='ocr_line' id='line_1_37' title="bbox 185 2391 871 2437; baseline 0.006 -13"><span class='ocrx_word' id='word_1_206' title='bbox 185 2396 418 2435; x_wconf 87' lang='lat' dir='ltr'><strong>construunt,</strong></span> <span class='ocrx_word' id='word_1_207' title='bbox 451 2403 535 2436; x_wconf 86' lang='lat' dir='ltr'><strong>quas</strong></span> <span class='ocrx_word' id='word_1_208' title='bbox 557 2392 678 2437; x_wconf 87' lang='lat' dir='ltr'><strong>procul</strong></span> <span class='ocrx_word' id='word_1_209' title='bbox 704 2391 871 2428; x_wconf 88' lang='lat' dir='ltr'><strong>distantes</strong></span> 
     </span>
     <span class='ocr_line' id='line_1_38' title="bbox 183 2442 871 2490; baseline 0.003 -13"><span class='ocrx_word' id='word_1_210' title='bbox 183 2442 212 2477; x_wconf 85' lang='lat' dir='ltr'><strong>si</strong></span> <span class='ocrx_word' id='word_1_211' title='bbox 226 2443 418 2478; x_wconf 80' lang='lat' dir='ltr'><strong>everterint</strong></span> <span class='ocrx_word' id='word_1_212' title='bbox 430 2456 520 2479; x_wconf 89' lang='lat' dir='ltr'><strong>nuce</strong></span> <span class='ocrx_word' id='word_1_213' title='bbox 535 2443 657 2479; x_wconf 73' lang='lat' dir='ltr'><strong>emissa</strong></span> <span class='ocrx_word' id='word_1_214' title='bbox 669 2471 678 2488; x_wconf 91' lang='lat'><em>,</em></span> <span class='ocrx_word' id='word_1_215' title='bbox 698 2451 871 2490; x_wconf 88' lang='lat' dir='ltr'><strong>quotquot</strong></span> 
     </span>
     <span class='ocr_line' id='line_1_39' title="bbox 183 2494 870 2543; baseline 0.006 -14"><span class='ocrx_word' id='word_1_216' title='bbox 183 2507 313 2530; x_wconf 64' lang='lat' dir='ltr'><strong>eversae</strong></span> <span class='ocrx_word' id='word_1_217' title='bbox 335 2494 467 2530; x_wconf 79' lang='lat' dir='ltr'><strong>suerint</strong></span> <span class='ocrx_word' id='word_1_218' title='bbox 487 2521 497 2539; x_wconf 91' lang='lat'>‚</span> <span class='ocrx_word' id='word_1_219' title='bbox 530 2502 634 2542; x_wconf 88' lang='lat' dir='ltr'><strong>atque</strong></span> <span class='ocrx_word' id='word_1_220' title='bbox 659 2496 765 2531; x_wconf 86' lang='lat' dir='ltr'><strong>etiam</strong></span> <span class='ocrx_word' id='word_1_221' title='bbox 792 2510 870 2543; x_wconf 77' lang='lat' dir='ltr'><strong>quae</strong></span> 
     </span>
     <span class='ocr_line' id='line_1_40' title="bbox 184 2545 870 2593; baseline 0.006 -13"><span class='ocrx_word' id='word_1_222' title='bbox 184 2545 357 2592; x_wconf 66' lang='lat' dir='ltr'><strong>disposite</strong></span> <span class='ocrx_word' id='word_1_223' title='bbox 368 2553 452 2582; x_wconf 86' lang='lat' dir='ltr'><strong>sunt</strong></span> <span class='ocrx_word' id='word_1_224' title='bbox 466 2547 557 2582; x_wconf 81' lang='lat' dir='ltr'><strong>infra</strong></span> <span class='ocrx_word' id='word_1_225' title='bbox 573 2560 707 2583; x_wconf 84' lang='lat' dir='ltr'><strong>eversas</strong></span> <span class='ocrx_word' id='word_1_226' title='bbox 718 2575 727 2593; x_wconf 92' lang='lat'><em>,</em></span> <span class='ocrx_word' id='word_1_227' title='bbox 745 2561 870 2584; x_wconf 89' lang='lat' dir='ltr'><strong>omnes</strong></span> 
     </span>
     <span class='ocr_line' id='line_1_41' title="bbox 182 2599 870 2647; baseline 0.003 -13"><span class='ocrx_word' id='word_1_228' title='bbox 182 2599 373 2635; x_wconf 89' lang='lat' dir='ltr'><strong>lucrantur.</strong></span> <span class='ocrx_word' id='word_1_229' title='bbox 389 2600 485 2635; x_wconf 90' lang='lat' dir='ltr'><strong>Hinc</strong></span> <span class='ocrx_word' id='word_1_230' title='bbox 495 2599 638 2646; x_wconf 91' lang='lat' dir='ltr'><strong>quidam</strong></span> <span class='ocrx_word' id='word_1_231' title='bbox 649 2601 741 2647; x_wconf 89' lang='lat' dir='ltr'><strong>apud</strong></span> <span class='ocrx_word' id='word_1_232' title='bbox 751 2601 870 2636; x_wconf 89' lang='lat' dir='ltr'><strong>Tran-</strong></span> 
     </span>
     <span class='ocr_line' id='line_1_42' title="bbox 183 2651 865 2700; baseline 0.004 -14"><span class='ocrx_word' id='word_1_233' title='bbox 183 2651 331 2698; x_wconf 90' lang='lat' dir='ltr'><strong>quillum</strong></span> <span class='ocrx_word' id='word_1_234' title='bbox 343 2651 379 2687; x_wconf 81' lang='lat' dir='ltr'><strong>in</strong></span> <span class='ocrx_word' id='word_1_235' title='bbox 396 2652 555 2699; x_wconf 81' lang='lat' dir='ltr'><strong>Augusto</strong></span> <span class='ocrx_word' id='word_1_236' title='bbox 570 2666 643 2698; x_wconf 85' lang='lat' dir='ltr'><strong>cap.</strong></span> <span class='ocrx_word' id='word_1_237' title='bbox 659 2654 721 2696; x_wconf 82' lang='lat'><strong>83,</strong></span> <span class='ocrx_word' id='word_1_238' title='bbox 742 2654 865 2700; x_wconf 85' lang='lat' dir='ltr'><strong>legunt</strong></span> 
     </span>
     <span class='ocr_line' id='line_1_43' title="bbox 182 2703 868 2742; baseline 0.004 -3"><span class='ocrx_word' id='word_1_239' title='bbox 182 2705 233 2740; x_wconf 85' lang='lat' dir='ltr'><strong>sic</strong></span> <span class='ocrx_word' id='word_1_240' title='bbox 241 2703 326 2739; x_wconf 89' lang='lat' dir='ltr'><strong>illud</strong></span> <span class='ocrx_word' id='word_1_241' title='bbox 335 2705 539 2740; x_wconf 88' lang='lat' dir='ltr'><strong>membrum</strong></span> <span class='ocrx_word' id='word_1_242' title='bbox 552 2718 560 2740; x_wconf 91' lang='lat'>:</span> <span class='ocrx_word' id='word_1_243' title='bbox 571 2720 587 2735; x_wconf 90' lang='lat'>«</span> <span class='ocrx_word' id='word_1_244' title='bbox 598 2705 722 2740; x_wconf 86' lang='lat' dir='ltr'><strong>Animi</strong></span> <span class='ocrx_word' id='word_1_245' title='bbox 730 2706 868 2742; x_wconf 84' lang='lat' dir='ltr'><strong>laxandi</strong></span> 
     </span>
     <span class='ocr_line' id='line_1_44' title="bbox 184 2756 869 2802; baseline 0.003 -12"><span class='ocrx_word' id='word_1_246' title='bbox 184 2769 286 2791; x_wconf 78' lang='lat' dir='ltr'><strong>causa</strong></span> <span class='ocrx_word' id='word_1_247' title='bbox 299 2756 407 2791; x_wconf 91' lang='lat' dir='ltr'><strong>modo</strong></span> <span class='ocrx_word' id='word_1_248' title='bbox 419 2757 493 2792; x_wconf 87' lang='lat' dir='ltr'><strong>talis</strong></span> <span class='ocrx_word' id='word_1_249' title='bbox 506 2784 515 2802; x_wconf 90' lang='lat'>,</span> <span class='ocrx_word' id='word_1_250' title='bbox 530 2764 589 2792; x_wconf 86' lang='lat' dir='ltr'><strong>aut</strong></span> <span class='ocrx_word' id='word_1_251' title='bbox 599 2760 792 2792; x_wconf 65' lang='lat' dir='ltr'><strong>castellam</strong></span> <span class='ocrx_word' id='word_1_252' title='bbox 804 2771 869 2792; x_wconf 91' lang='lat' dir='ltr'><strong>nu-</strong></span> 
     </span>
     <span class='ocr_line' id='line_1_45' title="bbox 186 2807 863 2856; baseline 0.004 -13"><span class='ocrx_word' id='word_1_253' title='bbox 186 2807 280 2845; x_wconf 76' lang='lat' dir='ltr'><strong>cibus</strong></span> <span class='ocrx_word' id='word_1_254' title='bbox 295 2809 435 2846; x_wconf 89' lang='lat' dir='ltr'><strong>ludebat</strong></span> <span class='ocrx_word' id='word_1_255' title='bbox 446 2822 528 2847; x_wconf 90' lang='lat' dir='ltr'><strong>cum</strong></span> <span class='ocrx_word' id='word_1_256' title='bbox 543 2810 659 2856; x_wconf 85' lang='lat' dir='ltr'><strong>pueris</strong></span> <span class='ocrx_word' id='word_1_257' title='bbox 673 2810 827 2846; x_wconf 84' lang='lat' dir='ltr'><strong>minutis.</strong></span> <span class='ocrx_word' id='word_1_258' title='bbox 846 2825 863 2843; x_wconf 79' lang='lat' dir='ltr'><em>n</em></span> 
     </span>
    </p>
   </div>
   <div class='ocr_carea' id='block_1_5' title="bbox 925 975 1628 2855">
    <p class='ocr_par' dir='ltr' id='par_1_5' title="bbox 936 975 1626 1128">
     <span class='ocr_line' id='line_1_46' title="bbox 937 975 1621 1023; baseline 0 -13"><span class='ocrx_word' id='word_1_259' title='bbox 937 975 1134 1022; x_wconf 89' lang='lat' dir='ltr'><strong>Tranquilli</strong></span> <span class='ocrx_word' id='word_1_260' title='bbox 1147 983 1265 1012; x_wconf 89' lang='lat' dir='ltr'><strong>tamen</strong></span> <span class='ocrx_word' id='word_1_261' title='bbox 1281 976 1381 1023; x_wconf 89' lang='lat' dir='ltr'><strong>plura</strong></span> <span class='ocrx_word' id='word_1_262' title='bbox 1392 976 1600 1022; x_wconf 84' lang='lat' dir='ltr'><strong>exemplaria</strong></span> <span class='ocrx_word' id='word_1_263' title='bbox 1611 1002 1621 1019; x_wconf 93' lang='lat'><em>,</em></span> 
     </span>
     <span class='ocr_line' id='line_1_47' title="bbox 940 1028 1626 1075; baseline 0.003 -13"><span class='ocrx_word' id='word_1_264' title='bbox 940 1029 1110 1063; x_wconf 65' lang='lat' dir='ltr'><strong>Ocellam·</strong></span> <span class='ocrx_word' id='word_1_265' title='bbox 1120 1031 1282 1073; x_wconf 80' lang='lat' dir='ltr'><strong>nuct‘bus;</strong></span> <span class='ocrx_word' id='word_1_266' title='bbox 1299 1028 1335 1064; x_wconf 86' lang='lat' dir='ltr'><strong>id</strong></span> <span class='ocrx_word' id='word_1_267' title='bbox 1347 1036 1399 1064; x_wconf 88' lang='lat' dir='ltr'><strong>est</strong></span> <span class='ocrx_word' id='word_1_268' title='bbox 1411 1055 1421 1073; x_wconf 87' lang='lat'>,</span> <span class='ocrx_word' id='word_1_269' title='bbox 1443 1029 1626 1075; x_wconf 83' lang='lat' dir='ltr'><strong>perforatis</strong></span> 
     </span>
     <span class='ocr_line' id='line_1_48' title="bbox 936 1080 1620 1128; baseline 0 -12"><span class='ocrx_word' id='word_1_270' title='bbox 936 1080 1047 1117; x_wconf 87' lang='lat' dir='ltr'><strong>instar</strong></span> <span class='ocrx_word' id='word_1_271' title='bbox 1061 1081 1267 1126; x_wconf 89' lang='lat' dir='ltr'><strong>ocellorum,</strong></span> <span class='ocrx_word' id='word_1_272' title='bbox 1287 1082 1457 1128; x_wconf 89' lang='lat' dir='ltr'><strong>scriptum</strong></span> <span class='ocrx_word' id='word_1_273' title='bbox 1478 1082 1620 1117; x_wconf 85' lang='lat' dir='ltr'><strong>habent.</strong></span> 
     </span>
    </p>

    <p class='ocr_par' dir='ltr' id='par_1_6' title="bbox 925 1134 1627 1597">
     <span class='ocr_line' id='line_1_49' title="bbox 990 1134 1627 1180; baseline 0 -11"><span class='ocrx_word' id='word_1_274' title='bbox 990 1148 1042 1180; x_wconf 90' lang='lat'><strong>77.</strong></span> <span class='ocrx_word' id='word_1_275' title='bbox 1069 1135 1141 1169; x_wconf 85' lang='lat' dir='ltr'><strong>Per</strong></span> <span class='ocrx_word' id='word_1_276' title='bbox 1168 1137 1301 1169; x_wconf 74' lang='lat' dir='ltr'><strong>tabule.</strong></span> <span class='ocrx_word' id='word_1_277' title='bbox 1335 1134 1455 1169; x_wconf 86' lang='lat' dir='ltr'><strong>Altera</strong></span> <span class='ocrx_word' id='word_1_278' title='bbox 1478 1134 1627 1169; x_wconf 84' lang='lat' dir='ltr'><strong>ludendi</strong></span> 
     </span>
     <span class='ocr_line' id='line_1_50' title="bbox 935 1187 1621 1234; baseline 0.001 -13"><span class='ocrx_word' id='word_1_279' title='bbox 935 1187 1066 1232; x_wconf 87' lang='lat' dir='ltr'><strong>species</strong></span> <span class='ocrx_word' id='word_1_280' title='bbox 1078 1194 1129 1222; x_wconf 81' lang='lat' dir='ltr'><strong>est</strong></span> <span class='ocrx_word' id='word_1_281' title='bbox 1140 1214 1150 1232; x_wconf 87' lang='lat'>‚</span> <span class='ocrx_word' id='word_1_282' title='bbox 1167 1196 1206 1223; x_wconf 90' lang='lat' dir='ltr'><strong>ut</strong></span> <span class='ocrx_word' id='word_1_283' title='bbox 1221 1214 1231 1232; x_wconf 85' lang='lat'>,</span> <span class='ocrx_word' id='word_1_284' title='bbox 1254 1187 1425 1234; x_wconf 87' lang='lat' dir='ltr'><strong>dispositis</strong></span> <span class='ocrx_word' id='word_1_285' title='bbox 1440 1188 1478 1223; x_wconf 92' lang='lat' dir='ltr'><strong>in</strong></span> <span class='ocrx_word' id='word_1_286' title='bbox 1493 1189 1621 1223; x_wconf 86' lang='lat' dir='ltr'><strong>seriem</strong></span> 
     </span>
     <span class='ocr_line' id='line_1_51' title="bbox 937 1238 1624 1286; baseline 0.001 -12"><span class='ocrx_word' id='word_1_287' title='bbox 937 1238 1085 1275; x_wconf 88' lang='lat' dir='ltr'><strong>nucibus</strong></span> <span class='ocrx_word' id='word_1_288' title='bbox 1103 1266 1114 1284; x_wconf 92' lang='lat'>‚</span> <span class='ocrx_word' id='word_1_289' title='bbox 1161 1254 1224 1286; x_wconf 88' lang='lat' dir='ltr'><strong>per</strong></span> <span class='ocrx_word' id='word_1_290' title='bbox 1259 1241 1414 1275; x_wconf 87' lang='lat' dir='ltr'><strong>tabulam</strong></span> <span class='ocrx_word' id='word_1_291' title='bbox 1454 1241 1624 1276; x_wconf 85' lang='lat' dir='ltr'><strong>declivem</strong></span> 
     </span>
     <span class='ocr_line' id='line_1_52' title="bbox 937 1291 1624 1338; baseline 0.003 -13"><span class='ocrx_word' id='word_1_292' title='bbox 937 1291 1098 1327; x_wconf 82' lang='lat' dir='ltr'><strong>volvatur</strong></span> <span class='ocrx_word' id='word_1_293' title='bbox 1115 1303 1210 1327; x_wconf 86' lang='lat' dir='ltr'><strong>nux:</strong></span> <span class='ocrx_word' id='word_1_294' title='bbox 1234 1306 1311 1338; x_wconf 84' lang='lat' dir='ltr'><strong>quae</strong></span> <span class='ocrx_word' id='word_1_295' title='bbox 1331 1293 1359 1328; x_wconf 92' lang='lat' dir='ltr'><strong>si</strong></span> <span class='ocrx_word' id='word_1_296' title='bbox 1378 1299 1498 1338; x_wconf 84' lang='lat' dir='ltr'><strong>tangat</strong></span> <span class='ocrx_word' id='word_1_297' title='bbox 1516 1305 1624 1338; x_wconf 88' lang='lat' dir='ltr'><strong>quam</strong></span> 
     </span>
     <span class='ocr_line' id='line_1_53' title="bbox 938 1345 1624 1390; baseline 0.003 -13"><span class='ocrx_word' id='word_1_298' title='bbox 938 1351 1078 1389; x_wconf 89' lang='lat' dir='ltr'><strong>oportet</strong></span> <span class='ocrx_word' id='word_1_299' title='bbox 1090 1370 1099 1389; x_wconf 93' lang='lat'>,</span> <span class='ocrx_word' id='word_1_300' title='bbox 1116 1345 1225 1380; x_wconf 86' lang='lat' dir='ltr'><strong>vincit</strong></span> <span class='ocrx_word' id='word_1_301' title='bbox 1235 1345 1294 1390; x_wconf 92' lang='lat' dir='ltr'><strong>qui</strong></span> <span class='ocrx_word' id='word_1_302' title='bbox 1305 1345 1408 1380; x_wconf 90' lang='lat' dir='ltr'><strong>misit.</strong></span> <span class='ocrx_word' id='word_1_303' title='bbox 1423 1345 1570 1380; x_wconf 76' lang='lat' dir='ltr'>ERASM.</span> <span class='ocrx_word' id='word_1_304' title='bbox 1579 1363 1624 1372; x_wconf 93' lang='lat'>—</span> 
     </span>
     <span class='ocr_line' id='line_1_54' title="bbox 942 1396 1623 1437; baseline 0 -6"><span class='ocrx_word' id='word_1_305' title='bbox 942 1397 1071 1431; x_wconf 66' lang='lat' dir='ltr'><strong>Clit’um</strong></span> <span class='ocrx_word' id='word_1_306' title='bbox 1081 1424 1090 1437; x_wconf 90' lang='lat'><em>,</em></span> <span class='ocrx_word' id='word_1_307' title='bbox 1106 1396 1340 1432; x_wconf 83' lang='lat' dir='ltr'><strong>declivitatem</strong></span> <span class='ocrx_word' id='word_1_308' title='bbox 1353 1404 1388 1432; x_wconf 90' lang='lat' dir='ltr'><strong>et</strong></span> <span class='ocrx_word' id='word_1_309' title='bbox 1405 1397 1623 1432; x_wconf 85' lang='lat' dir='ltr'><strong>descensum.</strong></span> 
     </span>
     <span class='ocr_line' id='line_1_55' title="bbox 938 1447 1624 1494; baseline 0.003 -13"><span class='ocrx_word' id='word_1_310' title='bbox 938 1447 1061 1494; x_wconf 73' lang='lat' dir='ltr'><strong>Virgil.</strong></span> <span class='ocrx_word' id='word_1_311' title='bbox 1078 1447 1117 1482; x_wconf 90' lang='lat' dir='ltr'><strong>in</strong></span> <span class='ocrx_word' id='word_1_312' title='bbox 1135 1448 1255 1483; x_wconf 86' lang='lat' dir='ltr'><strong>Bucol.</strong></span> <span class='ocrx_word' id='word_1_313' title='bbox 1275 1459 1313 1482; x_wconf 84' lang='lat' dir='ltr'><strong>lx</strong></span> <span class='ocrx_word' id='word_1_314' title='bbox 1326 1475 1335 1492; x_wconf 89' lang='lat'>,</span> <span class='ocrx_word' id='word_1_315' title='bbox 1362 1462 1394 1483; x_wconf 86' lang='lat' dir='ltr'><strong>v.</strong></span> <span class='ocrx_word' id='word_1_316' title='bbox 1412 1463 1429 1494; x_wconf 90' lang='lat'>7</span> <span class='ocrx_word' id='word_1_317' title='bbox 1454 1461 1462 1483; x_wconf 72' lang='grc' dir='ltr'>ε</span> <span class='ocrx_word' id='word_1_318' title='bbox 1489 1450 1565 1492; x_wconf 83' lang='lat' dir='ltr'><strong>Qua</strong></span> <span class='ocrx_word' id='word_1_319' title='bbox 1586 1461 1624 1483; x_wconf 79' lang='lat' dir='ltr'><strong>sc</strong></span> 
     </span>
     <span class='ocr_line' id='line_1_56' title="bbox 937 1501 1625 1546; baseline 0.001 -12"><span class='ocrx_word' id='word_1_320' title='bbox 937 1501 1121 1535; x_wconf 73' lang='lat' dir='ltr'><strong>subducem</strong></span> <span class='ocrx_word' id='word_1_321' title='bbox 1138 1503 1245 1535; x_wconf 84' lang='lat' dir='ltr'><strong>colles</strong></span> <span class='ocrx_word' id='word_1_322' title='bbox 1259 1503 1451 1546; x_wconf 76' lang='lat' dir='ltr'><strong>Incipiunt,</strong></span> <span class='ocrx_word' id='word_1_323' title='bbox 1469 1503 1625 1546; x_wconf 75' lang='lat' dir='ltr'><strong>mollique</strong></span> 
     </span>
     <span class='ocr_line' id='line_1_57' title="bbox 925 1552 1470 1597; baseline 0.002 -11"><span class='ocrx_word' id='word_1_324' title='bbox 925 1552 1050 1597; x_wconf 78' lang='lat' dir='ltr'><strong>jugum</strong></span> <span class='ocrx_word' id='word_1_325' title='bbox 1066 1554 1240 1587; x_wconf 66' lang='lat' dir='ltr'><strong>demmcoe</strong></span> <span class='ocrx_word' id='word_1_326' title='bbox 1253 1555 1350 1587; x_wconf 76' lang='lat' dir='ltr'><strong>clivo.</strong></span> <span class='ocrx_word' id='word_1_327' title='bbox 1364 1553 1470 1587; x_wconf 63' lang='grc' dir='ltr'><strong>ΜΔΕ.</strong></span> 
     </span>
    </p>

    <p class='ocr_par' dir='ltr' id='par_1_7' title="bbox 935 1603 1628 2750">
     <span class='ocr_line' id='line_1_58' title="bbox 983 1603 1621 1653; baseline -0.003 -13"><span class='ocrx_word' id='word_1_328' title='bbox 983 1618 1034 1653; x_wconf 84' lang='lat'><strong>79.</strong></span> <span class='ocrx_word' id='word_1_329' title='bbox 1058 1606 1128 1639; x_wconf 84' lang='lat' dir='ltr'><strong>Est</strong></span> <span class='ocrx_word' id='word_1_330' title='bbox 1140 1608 1243 1640; x_wconf 80' lang='lat' dir='ltr'><strong>etiam</strong></span> <span class='ocrx_word' id='word_1_331' title='bbox 1255 1632 1264 1647; x_wconf 90' lang='lat'>‚</span> <span class='ocrx_word' id='word_1_332' title='bbox 1281 1609 1419 1650; x_wconf 77' lang='lat' dir='ltr'><strong>parsit.</strong></span> <span class='ocrx_word' id='word_1_333' title='bbox 1437 1604 1496 1640; x_wconf 92' lang='lat' dir='ltr'><strong>Sic</strong></span> <span class='ocrx_word' id='word_1_334' title='bbox 1515 1603 1621 1639; x_wconf 91' lang='lat' dir='ltr'><strong>hodie</strong></span> 
     </span>
     <span class='ocr_line' id='line_1_59' title="bbox 939 1657 1624 1704; baseline 0 -13"><span class='ocrx_word' id='word_1_335' title='bbox 939 1669 1079 1702; x_wconf 89' lang='lat' dir='ltr'><strong>quoque</strong></span> <span class='ocrx_word' id='word_1_336' title='bbox 1105 1657 1266 1693; x_wconf 85' lang='lat' dir='ltr'><strong>ludentes</strong></span> <span class='ocrx_word' id='word_1_337' title='bbox 1293 1670 1421 1704; x_wconf 87' lang='lat' dir='ltr'><strong>pueros</strong></span> <span class='ocrx_word' id='word_1_338' title='bbox 1445 1657 1624 1703; x_wconf 89' lang='lat' dir='ltr'><strong>conspici-</strong></span> 
     </span>
     <span class='ocr_line' id='line_1_60' title="bbox 937 1709 1624 1755; baseline 0 -12"><span class='ocrx_word' id='word_1_339' title='bbox 937 1721 1027 1744; x_wconf 89' lang='lat' dir='ltr'><strong>mus.</strong></span> <span class='ocrx_word' id='word_1_340' title='bbox 1052 1709 1168 1745; x_wconf 88' lang='lat' dir='ltr'><strong>Nuces</strong></span> <span class='ocrx_word' id='word_1_341' title='bbox 1191 1709 1287 1744; x_wconf 89' lang='lat' dir='ltr'><strong>enim</strong></span> <span class='ocrx_word' id='word_1_342' title='bbox 1306 1736 1316 1754; x_wconf 90' lang='lat'>‚</span> <span class='ocrx_word' id='word_1_343' title='bbox 1352 1716 1526 1755; x_wconf 84' lang='lat' dir='ltr'><strong>quotquot</strong></span> <span class='ocrx_word' id='word_1_344' title='bbox 1552 1721 1624 1743; x_wconf 92' lang='lat' dir='ltr'><strong>vo—</strong></span> 
     </span>
     <span class='ocr_line' id='line_1_61' title="bbox 937 1760 1625 1808; baseline 0.001 -13"><span class='ocrx_word' id='word_1_345' title='bbox 937 1760 1086 1806; x_wconf 90' lang='lat' dir='ltr'><strong>luerint,</strong></span> <span class='ocrx_word' id='word_1_346' title='bbox 1105 1762 1267 1798; x_wconf 88' lang='lat' dir='ltr'><strong>manibus</strong></span> <span class='ocrx_word' id='word_1_347' title='bbox 1278 1769 1465 1808; x_wconf 88' lang='lat' dir='ltr'><strong>premunt,</strong></span> <span class='ocrx_word' id='word_1_348' title='bbox 1485 1768 1521 1796; x_wconf 89' lang='lat' dir='ltr'><strong>et</strong></span> <span class='ocrx_word' id='word_1_349' title='bbox 1537 1768 1625 1796; x_wconf 87' lang='lat' dir='ltr'><strong>tan—</strong></span> 
     </span>
     <span class='ocr_line' id='line_1_62' title="bbox 938 1813 1626 1860; baseline 0 -13"><span class='ocrx_word' id='word_1_350' title='bbox 938 1826 1044 1858; x_wconf 88' lang='lat' dir='ltr'><strong>quam</strong></span> <span class='ocrx_word' id='word_1_351' title='bbox 1075 1814 1256 1859; x_wconf 90' lang='lat' dir='ltr'><strong>problema</strong></span> <span class='ocrx_word' id='word_1_352' title='bbox 1288 1815 1433 1860; x_wconf 89' lang='lat' dir='ltr'><strong>quisque</strong></span> <span class='ocrx_word' id='word_1_353' title='bbox 1470 1813 1626 1859; x_wconf 89' lang='lat' dir='ltr'><strong>compari</strong></span> 
     </span>
     <span class='ocr_line' id='line_1_63' title="bbox 936 1866 1626 1912; baseline 0.001 -13"><span class='ocrx_word' id='word_1_354' title='bbox 936 1878 1001 1899; x_wconf 88' lang='lat' dir='ltr'><strong>suo</strong></span> <span class='ocrx_word' id='word_1_355' title='bbox 1017 1878 1218 1911; x_wconf 89' lang='lat' dir='ltr'><strong>proponens</strong></span> <span class='ocrx_word' id='word_1_356' title='bbox 1234 1866 1428 1912; x_wconf 87' lang='lat' dir='ltr'><strong>interrogat</strong></span> <span class='ocrx_word' id='word_1_357' title='bbox 1441 1892 1450 1910; x_wconf 89' lang='lat'>‚</span> <span class='ocrx_word' id='word_1_358' title='bbox 1468 1879 1530 1911; x_wconf 86' lang='lat' dir='ltr'><strong>par</strong></span> <span class='ocrx_word' id='word_1_359' title='bbox 1543 1866 1626 1900; x_wconf 88' lang='lat' dir='ltr'><strong>insit</strong></span> 
     </span>
     <span class='ocr_line' id='line_1_64' title="bbox 938 1918 1624 1964; baseline 0.003 -13"><span class='ocrx_word' id='word_1_360' title='bbox 938 1929 1109 1953; x_wconf 88' lang='lat' dir='ltr'><strong>numerus</strong></span> <span class='ocrx_word' id='word_1_361' title='bbox 1119 1945 1128 1962; x_wconf 92' lang='lat'>,</span> <span class='ocrx_word' id='word_1_362' title='bbox 1144 1931 1189 1952; x_wconf 88' lang='lat' dir='ltr'><strong>an</strong></span> <span class='ocrx_word' id='word_1_363' title='bbox 1204 1918 1337 1964; x_wconf 83' lang='lat' dir='ltr'><strong>impar:</strong></span> <span class='ocrx_word' id='word_1_364' title='bbox 1354 1918 1448 1964; x_wconf 89' lang='lat' dir='ltr'><strong>quod</strong></span> <span class='ocrx_word' id='word_1_365' title='bbox 1464 1919 1491 1953; x_wconf 90' lang='lat' dir='ltr'><strong>si</strong></span> <span class='ocrx_word' id='word_1_366' title='bbox 1506 1918 1562 1953; x_wconf 90' lang='lat' dir='ltr'><strong>ille</strong></span> <span class='ocrx_word' id='word_1_367' title='bbox 1576 1918 1624 1953; x_wconf 91' lang='lat' dir='ltr'><strong>di-</strong></span> 
     </span>
     <span class='ocr_line' id='line_1_65' title="bbox 938 1969 1623 2014; baseline 0.004 -12"><span class='ocrx_word' id='word_1_368' title='bbox 938 1969 1109 2004; x_wconf 82' lang='lat' dir='ltr'><strong>vinaverit</strong></span> <span class='ocrx_word' id='word_1_369' title='bbox 1120 1996 1129 2014; x_wconf 87' lang='lat'><strong><em>,</em></strong></span> <span class='ocrx_word' id='word_1_370' title='bbox 1153 1983 1277 2004; x_wconf 89' lang='lat' dir='ltr'><strong>omnes</strong></span> <span class='ocrx_word' id='word_1_371' title='bbox 1294 1983 1400 2005; x_wconf 88' lang='lat' dir='ltr'><strong>nuces</strong></span> <span class='ocrx_word' id='word_1_372' title='bbox 1415 1971 1550 2005; x_wconf 83' lang='lat' dir='ltr'><strong>aufert:</strong></span> <span class='ocrx_word' id='word_1_373' title='bbox 1569 1971 1623 2006; x_wconf 89' lang='lat' dir='ltr'><strong>sin</strong></span> 
     </span>
     <span class='ocr_line' id='line_1_66' title="bbox 938 2022 1627 2068; baseline 0.001 -12"><span class='ocrx_word' id='word_1_374' title='bbox 938 2022 1056 2057; x_wconf 88' lang='lat' dir='ltr'><strong>minus</strong></span> <span class='ocrx_word' id='word_1_375' title='bbox 1069 2049 1078 2066; x_wconf 90' lang='lat'><strong><em>‚</em></strong></span> <span class='ocrx_word' id='word_1_376' title='bbox 1097 2022 1246 2057; x_wconf 86' lang='lat' dir='ltr'><strong>totidem</strong></span> <span class='ocrx_word' id='word_1_377' title='bbox 1260 2022 1400 2057; x_wconf 86' lang='lat' dir='ltr'><strong>amittit.</strong></span> <span class='ocrx_word' id='word_1_378' title='bbox 1418 2023 1537 2068; x_wconf 88' lang='lat' dir='ltr'><strong>Hujus</strong></span> <span class='ocrx_word' id='word_1_379' title='bbox 1553 2022 1627 2057; x_wconf 90' lang='lat' dir='ltr'><strong>ludi</strong></span> 
     </span>
     <span class='ocr_line' id='line_1_67' title="bbox 938 2074 1623 2119; baseline 0.003 -11"><span class='ocrx_word' id='word_1_380' title='bbox 938 2074 1103 2109; x_wconf 89' lang='lat' dir='ltr'><strong>meminit</strong></span> <span class='ocrx_word' id='word_1_381' title='bbox 1118 2081 1154 2109; x_wconf 92' lang='lat' dir='ltr'><strong>et</strong></span> <span class='ocrx_word' id='word_1_382' title='bbox 1166 2074 1308 2110; x_wconf 86' lang='lat' dir='ltr'><strong>Flaccus</strong></span> <span class='ocrx_word' id='word_1_383' title='bbox 1320 2075 1358 2109; x_wconf 89' lang='lat' dir='ltr'><strong>in</strong></span> <span class='ocrx_word' id='word_1_384' title='bbox 1370 2074 1603 2111; x_wconf 79' lang='lat' dir='ltr'><strong>sermonibus</strong></span> <span class='ocrx_word' id='word_1_385' title='bbox 1613 2102 1623 2119; x_wconf 93' lang='lat'>,</span> 
     </span>
     <span class='ocr_line' id='line_1_68' title="bbox 938 2126 1624 2172; baseline 0.003 -12"><span class='ocrx_word' id='word_1_386' title='bbox 938 2126 1025 2161; x_wconf 88' lang='lat' dir='ltr'><strong>dum</strong></span> <span class='ocrx_word' id='word_1_387' title='bbox 1047 2126 1197 2172; x_wconf 89' lang='lat' dir='ltr'><strong>pueriles</strong></span> <span class='ocrx_word' id='word_1_388' title='bbox 1220 2127 1320 2162; x_wconf 89' lang='lat' dir='ltr'><strong>ludos</strong></span> <span class='ocrx_word' id='word_1_389' title='bbox 1341 2134 1501 2163; x_wconf 88' lang='lat' dir='ltr'><strong>recenset</strong></span> <span class='ocrx_word' id='word_1_390' title='bbox 1520 2154 1529 2171; x_wconf 92' lang='lat'>,</span> <span class='ocrx_word' id='word_1_391' title='bbox 1558 2127 1624 2162; x_wconf 89' lang='lat' dir='ltr'><strong>in—</strong></span> 
     </span>
     <span class='ocr_line' id='line_1_69' title="bbox 939 2180 1626 2225; baseline 0 -11"><span class='ocrx_word' id='word_1_392' title='bbox 939 2180 1062 2225; x_wconf 91' lang='lat' dir='ltr'><strong>quiens</strong></span> <span class='ocrx_word' id='word_1_393' title='bbox 1080 2190 1088 2211; x_wconf 89' lang='lat'>:</span> <span class='ocrx_word' id='word_1_394' title='bbox 1106 2180 1238 2214; x_wconf 68' lang='lat' dir='ltr'><strong>Lada-re</strong></span> <span class='ocrx_word' id='word_1_395' title='bbox 1245 2193 1315 2225; x_wconf 81' lang='lat' dir='ltr'><strong>par</strong></span> <span class='ocrx_word' id='word_1_396' title='bbox 1324 2184 1449 2224; x_wconf 82' lang='lat' dir='ltr'><strong>impar,</strong></span> <span class='ocrx_word' id='word_1_397' title='bbox 1474 2183 1626 2225; x_wconf 76' lang='lat' dir='ltr'><strong>equitare</strong></span> 
     </span>
     <span class='ocr_line' id='line_1_70' title="bbox 936 2231 1626 2276; baseline 0 -10"><span class='ocrx_word' id='word_1_398' title='bbox 936 2235 973 2266; x_wconf 79' lang='lat' dir='ltr'><strong>in</strong></span> <span class='ocrx_word' id='word_1_399' title='bbox 985 2232 1149 2265; x_wconf 80' lang='lat' dir='ltr'><strong>arundine</strong></span> <span class='ocrx_word' id='word_1_400' title='bbox 1161 2233 1274 2276; x_wconf 71' lang='lat' dir='ltr'><strong>longa.</strong></span> <span class='ocrx_word' id='word_1_401' title='bbox 1290 2231 1366 2267; x_wconf 91' lang='lat' dir='ltr'><strong>Nec</strong></span> <span class='ocrx_word' id='word_1_402' title='bbox 1382 2244 1466 2266; x_wconf 86' lang='lat' dir='ltr'><strong>vero</strong></span> <span class='ocrx_word' id='word_1_403' title='bbox 1478 2231 1626 2266; x_wconf 88' lang='lat' dir='ltr'><strong>nucibus</strong></span> 
     </span>
     <span class='ocr_line' id='line_1_71' title="bbox 938 2283 1628 2328; baseline 0 -11"><span class='ocrx_word' id='word_1_404' title='bbox 938 2289 1077 2317; x_wconf 88' lang='lat' dir='ltr'><strong>tantum</strong></span> <span class='ocrx_word' id='word_1_405' title='bbox 1110 2290 1170 2318; x_wconf 92' lang='lat' dir='ltr'><strong>aut</strong></span> <span class='ocrx_word' id='word_1_406' title='bbox 1205 2283 1372 2319; x_wconf 87' lang='lat' dir='ltr'><strong>castaneis</strong></span> <span class='ocrx_word' id='word_1_407' title='bbox 1407 2283 1528 2318; x_wconf 91' lang='lat' dir='ltr'><strong>ludere</strong></span> <span class='ocrx_word' id='word_1_408' title='bbox 1556 2296 1628 2328; x_wconf 84' lang='lat' dir='ltr'><strong>par</strong></span> 
     </span>
     <span class='ocr_line' id='line_1_72' title="bbox 937 2335 1625 2381; baseline 0.001 -12"><span class='ocrx_word' id='word_1_409' title='bbox 937 2341 1052 2380; x_wconf 75' lang='lat' dir='ltr'><strong>impar</strong></span> <span class='ocrx_word' id='word_1_410' title='bbox 1082 2335 1173 2370; x_wconf 87' lang='lat' dir='ltr'><strong>soliti</strong></span> <span class='ocrx_word' id='word_1_411' title='bbox 1210 2343 1312 2371; x_wconf 89' lang='lat' dir='ltr'><strong>erant</strong></span> <span class='ocrx_word' id='word_1_412' title='bbox 1348 2335 1484 2381; x_wconf 88' lang='lat' dir='ltr'><strong>antiqui</strong></span> <span class='ocrx_word' id='word_1_413' title='bbox 1508 2362 1517 2379; x_wconf 90' lang='lat'>‚</span> <span class='ocrx_word' id='word_1_414' title='bbox 1563 2335 1625 2370; x_wconf 85' lang='lat' dir='ltr'><strong>sed</strong></span> 
     </span>
     <span class='ocr_line' id='line_1_73' title="bbox 940 2387 1624 2434; baseline -0.001 -11"><span class='ocrx_word' id='word_1_415' title='bbox 940 2388 1050 2423; x_wconf 88' lang='lat' dir='ltr'><strong>etiam</strong></span> <span class='ocrx_word' id='word_1_416' title='bbox 1061 2387 1228 2423; x_wconf 85' lang='lat' dir='ltr'><strong>nummis.</strong></span> <span class='ocrx_word' id='word_1_417' title='bbox 1242 2388 1407 2434; x_wconf 88' lang='lat' dir='ltr'><strong>Legimus</strong></span> <span class='ocrx_word' id='word_1_418' title='bbox 1424 2388 1519 2422; x_wconf 88' lang='lat' dir='ltr'><strong>enim</strong></span> <span class='ocrx_word' id='word_1_419' title='bbox 1533 2387 1624 2434; x_wconf 87' lang='lat' dir='ltr'><strong>apud</strong></span> 
     </span>
     <span class='ocr_line' id='line_1_74' title="bbox 938 2440 1626 2486; baseline -0.001 -11"><span class='ocrx_word' id='word_1_420' title='bbox 938 2440 1186 2486; x_wconf 88' lang='lat' dir='ltr'><strong>Tranquillum</strong></span> <span class='ocrx_word' id='word_1_421' title='bbox 1200 2467 1209 2485; x_wconf 91' lang='lat'>,</span> <span class='ocrx_word' id='word_1_422' title='bbox 1236 2440 1438 2485; x_wconf 78' lang='lat' dir='ltr'><strong>Augustum</strong></span> <span class='ocrx_word' id='word_1_423' title='bbox 1454 2441 1501 2476; x_wconf 87' lang='lat' dir='ltr'><strong>sic</strong></span> <span class='ocrx_word' id='word_1_424' title='bbox 1521 2440 1562 2475; x_wconf 89' lang='lat' dir='ltr'><strong>ad</strong></span> <span class='ocrx_word' id='word_1_425' title='bbox 1582 2440 1626 2474; x_wconf 86' lang='lat' dir='ltr'><strong>fi-</strong></span> 
     </span>
     <span class='ocr_line' id='line_1_75' title="bbox 936 2492 1626 2539; baseline -0.001 -11"><span class='ocrx_word' id='word_1_426' title='bbox 936 2493 1020 2528; x_wconf 87' lang='lat' dir='ltr'><strong>liam</strong></span> <span class='ocrx_word' id='word_1_427' title='bbox 1039 2493 1210 2539; x_wconf 86' lang='lat' dir='ltr'><strong>scripsisse</strong></span> <span class='ocrx_word' id='word_1_428' title='bbox 1225 2503 1234 2524; x_wconf 80' lang='lat' dir='ltr'><strong>t</strong></span> <span class='ocrx_word' id='word_1_429' title='bbox 1251 2508 1267 2522; x_wconf 88' lang='lat'><em>«</em></span> <span class='ocrx_word' id='word_1_430' title='bbox 1286 2493 1369 2528; x_wconf 80' lang='lat' dir='ltr'><strong>Misi</strong></span> <span class='ocrx_word' id='word_1_431' title='bbox 1385 2493 1445 2527; x_wconf 91' lang='lat' dir='ltr'><strong>tibi</strong></span> <span class='ocrx_word' id='word_1_432' title='bbox 1464 2492 1626 2528; x_wconf 86' lang='lat' dir='ltr'><strong>denarios</strong></span> 
     </span>
     <span class='ocr_line' id='line_1_76' title="bbox 937 2545 1626 2592; baseline -0.001 -12"><span class='ocrx_word' id='word_1_433' title='bbox 937 2545 1108 2580; x_wconf 85' lang='lat' dir='ltr'><strong>ducentos</strong></span> <span class='ocrx_word' id='word_1_434' title='bbox 1123 2545 1418 2592; x_wconf 80' lang='lat' dir='ltr'><strong>etquinquaginta</strong></span> <span class='ocrx_word' id='word_1_435' title='bbox 1432 2571 1441 2589; x_wconf 90' lang='lat'>,</span> <span class='ocrx_word' id='word_1_436' title='bbox 1458 2558 1545 2590; x_wconf 89' lang='lat' dir='ltr'><strong>quos</strong></span> <span class='ocrx_word' id='word_1_437' title='bbox 1557 2545 1626 2585; x_wconf 77' lang='lat' dir='ltr'><strong>sin-</strong></span> 
     </span>
     <span class='ocr_line' id='line_1_77' title="bbox 937 2597 1623 2646; baseline -0.003 -13"><span class='ocrx_word' id='word_1_438' title='bbox 937 2598 1023 2646; x_wconf 86' lang='lat' dir='ltr'><strong>gulis</strong></span> <span class='ocrx_word' id='word_1_439' title='bbox 1049 2598 1203 2633; x_wconf 87' lang='lat' dir='ltr'><strong>convivis</strong></span> <span class='ocrx_word' id='word_1_440' title='bbox 1219 2597 1408 2641; x_wconf 87' lang='lat' dir='ltr'><strong>dederam,</strong></span> <span class='ocrx_word' id='word_1_441' title='bbox 1442 2597 1469 2632; x_wconf 91' lang='lat' dir='ltr'><strong>si</strong></span> <span class='ocrx_word' id='word_1_442' title='bbox 1493 2597 1623 2632; x_wconf 84' lang='lat' dir='ltr'><strong>vellent</strong></span> 
     </span>
     <span class='ocr_line' id='line_1_78' title="bbox 939 2649 1624 2695; baseline -0.004 -9"><span class='ocrx_word' id='word_1_443' title='bbox 939 2652 1033 2686; x_wconf 87' lang='lat' dir='ltr'><strong>inter</strong></span> <span class='ocrx_word' id='word_1_444' title='bbox 1047 2663 1184 2686; x_wconf 87' lang='lat' dir='ltr'><strong>coenam</strong></span> <span class='ocrx_word' id='word_1_445' title='bbox 1196 2676 1206 2694; x_wconf 88' lang='lat'>,</span> <span class='ocrx_word' id='word_1_446' title='bbox 1224 2650 1278 2684; x_wconf 90' lang='lat' dir='ltr'><strong>vel</strong></span> <span class='ocrx_word' id='word_1_447' title='bbox 1295 2649 1390 2694; x_wconf 87' lang='lat' dir='ltr'><strong>talis,</strong></span> <span class='ocrx_word' id='word_1_448' title='bbox 1404 2649 1458 2684; x_wconf 86' lang='lat' dir='ltr'><strong>vel</strong></span> <span class='ocrx_word' id='word_1_449' title='bbox 1477 2662 1538 2695; x_wconf 88' lang='lat' dir='ltr'><strong>par</strong></span> <span class='ocrx_word' id='word_1_450' title='bbox 1554 2650 1624 2684; x_wconf 90' lang='lat' dir='ltr'><strong>im-</strong></span> 
     </span>
     <span class='ocr_line' id='line_1_79' title="bbox 935 2702 1322 2750; baseline -0.005 -12"><span class='ocrx_word' id='word_1_451' title='bbox 935 2717 998 2750; x_wconf 89' lang='lat' dir='ltr'><strong>par</strong></span> <span class='ocrx_word' id='word_1_452' title='bbox 1013 2702 1145 2738; x_wconf 88' lang='lat' dir='ltr'><strong>ludere.</strong></span> <span class='ocrx_word' id='word_1_453' title='bbox 1162 2717 1179 2732; x_wconf 86' lang='lat'>»</span> <span class='ocrx_word' id='word_1_454' title='bbox 1210 2703 1322 2737; x_wconf 72' lang='lat' dir='ltr'><strong>IDEM.</strong></span> 
     </span>
    </p>

    <p class='ocr_par' dir='ltr' id='par_1_8' title="bbox 932 2753 1628 2855">
     <span class='ocr_line' id='line_1_80' title="bbox 977 2753 1628 2800; baseline -0.003 -10"><span class='ocrx_word' id='word_1_455' title='bbox 977 2756 1031 2790; x_wconf 87' lang='lat'><strong>80.</strong></span> <span class='ocrx_word' id='word_1_456' title='bbox 1074 2757 1124 2790; x_wconf 82' lang='lat' dir='ltr'><strong>Ut</strong></span> <span class='ocrx_word' id='word_1_457' title='bbox 1146 2758 1320 2790; x_wconf 65' lang='lat' dir='ltr'><strong>dzbinatas</strong></span> <span class='ocrx_word' id='word_1_458' title='bbox 1349 2753 1490 2800; x_wconf 82' lang='lat' dir='ltr'><strong>auferat</strong></span> <span class='ocrx_word' id='word_1_459' title='bbox 1517 2767 1628 2798; x_wconf 70' lang='lat' dir='ltr'><strong>augur</strong></span> 
     </span>
     <span class='ocr_line' id='line_1_81' title="bbox 932 2807 1616 2855; baseline -0.007 -10"><span class='ocrx_word' id='word_1_460' title='bbox 932 2822 1023 2855; x_wconf 79' lang='lat' dir='ltr'><strong>opes.</strong></span> <span class='ocrx_word' id='word_1_461' title='bbox 1057 2809 1111 2846; x_wconf 89' lang='lat' dir='ltr'><strong>Ut</strong></span> <span class='ocrx_word' id='word_1_462' title='bbox 1137 2808 1236 2846; x_wconf 78' lang='lat' dir='ltr'><strong>tollat</strong></span> <span class='ocrx_word' id='word_1_463' title='bbox 1256 2807 1367 2844; x_wconf 85' lang='lat' dir='ltr'><strong>victor</strong></span> <span class='ocrx_word' id='word_1_464' title='bbox 1392 2820 1480 2853; x_wconf 86' lang='lat' dir='ltr'><strong>puer</strong></span> <span class='ocrx_word' id='word_1_465' title='bbox 1505 2819 1585 2851; x_wconf 82' lang='lat' dir='ltr'><strong>opes</strong></span> <span class='ocrx_word' id='word_1_466' title='bbox 1607 2832 1616 2848; x_wconf 87' lang='lat'><strong><em>,</em></strong></span> 
     </span>
    </p>
   </div>
  </div>
 </body>
</html>
