<?xml version="1.0" encoding="UTF-8"?>
<!DOCTYPE html PUBLIC "-//W3C//DTD XHTML 1.0 Transitional//EN"
    "http://www.w3.org/TR/xhtml1/DTD/xhtml1-transitional.dtd">
<html xmlns="http://www.w3.org/1999/xhtml" xml:lang="en" lang="en">
 <head>
  <title>
</title>
<meta http-equiv="Content-Type" content="text/html;charset=utf-8" />
  <meta name='ocr-system' content='tesseract 3.04.00' />
  <meta name='ocr-capabilities' content='ocr_page ocr_carea ocr_par ocr_line ocrx_word'/>
</head>
<body>
  <div class='ocr_page' id='page_1' title='image "./quaeextantomniao01oviduoft_0272.png"; bbox 0 0 1884 3112; ppageno 0'>
   <div class='ocr_carea' id='block_1_1' title="bbox 341 254 427 310">
    <p class='ocr_par' dir='ltr' id='par_1_1' title="bbox 341 254 427 310">
     <span class='ocr_line' id='line_1_1' title="bbox 341 254 427 310; baseline 0.023 -12"><span class='ocrx_word' id='word_1_1' title='bbox 341 254 427 310; x_wconf 74' lang='lat'>240</span> 
     </span>
    </p>
   </div>
   <div class='ocr_carea' id='block_1_2' title="bbox 772 260 1312 309">
    <p class='ocr_par' dir='ltr' id='par_1_2' title="bbox 772 260 1312 309">
     <span class='ocr_line' id='line_1_2' title="bbox 772 260 1312 309; baseline 0.006 -3"><span class='ocrx_word' id='word_1_2' title='bbox 772 260 1124 306; x_wconf 76' lang='lat' dir='ltr'><strong>EPISTOLA</strong></span> <span class='ocrx_word' id='word_1_3' title='bbox 1160 264 1312 309; x_wconf 85' lang='lat' dir='ltr'><strong>XIII.</strong></span> 
     </span>
    </p>
   </div>
   <div class='ocr_carea' id='block_1_3' title="bbox 331 349 1747 884">
    <p class='ocr_par' dir='ltr' id='par_1_3' title="bbox 338 349 1515 494">
     <span class='ocr_line' id='line_1_3' title="bbox 338 349 1515 425; baseline 0.011 -30"><span class='ocrx_word' id='word_1_4' title='bbox 338 349 445 397; x_wconf 90' lang='lat' dir='ltr'>Sors</span> <span class='ocrx_word' id='word_1_5' title='bbox 470 367 642 415; x_wconf 88' lang='lat' dir='ltr'>quoque</span> <span class='ocrx_word' id='word_1_6' title='bbox 666 349 815 397; x_wconf 90' lang='lat' dir='ltr'>nescio</span> <span class='ocrx_word' id='word_1_7' title='bbox 838 369 968 416; x_wconf 87' lang='lat' dir='ltr'>quem</span> <span class='ocrx_word' id='word_1_8' title='bbox 990 352 1080 401; x_wconf 87' lang='lat' dir='ltr'>fato</span> <span class='ocrx_word' id='word_1_9' title='bbox 1106 354 1308 419; x_wconf 84' lang='lat' dir='ltr'>designat</span> <span class='ocrx_word' id='word_1_10' title='bbox 1329 357 1484 425; x_wconf 82' lang='lat' dir='ltr'>iniquo</span> <span class='ocrx_word' id='word_1_11' title='bbox 1497 374 1515 419; x_wconf 83' lang='grc'>,’</span> 
     </span>
     <span class='ocr_line' id='line_1_4' title="bbox 403 425 1501 494; baseline 0.013 -24"><span class='ocrx_word' id='word_1_12' title='bbox 403 425 495 487; x_wconf 81' lang='lat' dir='ltr'>Qui</span> <span class='ocrx_word' id='word_1_13' title='bbox 517 425 685 490; x_wconf 89' lang='lat' dir='ltr'>primus</span> <span class='ocrx_word' id='word_1_14' title='bbox 709 426 911 475; x_wconf 84' lang='lat' dir='ltr'>Danaum</span> <span class='ocrx_word' id='word_1_15' title='bbox 935 428 1110 478; x_wconf 84' lang='lat' dir='ltr'><strong>Troada</strong></span> <span class='ocrx_word' id='word_1_16' title='bbox 1131 442 1283 494; x_wconf 85' lang='lat' dir='ltr'>tangat</span> <span class='ocrx_word' id='word_1_17' title='bbox 1305 432 1501 484; x_wconf 88' lang='lat' dir='ltr'>humum.</span> 
     </span>
    </p>

    <p class='ocr_par' dir='ltr' id='par_1_4' title="bbox 337 502 1747 650">
     <span class='ocr_line' id='line_1_5' title="bbox 337 502 1747 577; baseline 0.011 -27"><span class='ocrx_word' id='word_1_18' title='bbox 337 502 515 560; x_wconf 83' lang='lat' dir='ltr'><strong>Infelix,</strong></span> <span class='ocrx_word' id='word_1_19' title='bbox 541 521 636 568; x_wconf 88' lang='lat' dir='ltr'>quae</span> <span class='ocrx_word' id='word_1_20' title='bbox 659 503 801 569; x_wconf 88' lang='lat' dir='ltr'>prima</span> <span class='ocrx_word' id='word_1_21' title='bbox 823 503 965 553; x_wconf 86' lang='lat' dir='ltr'>virum</span> <span class='ocrx_word' id='word_1_22' title='bbox 989 504 1163 570; x_wconf 86' lang='lat' dir='ltr'><strong>lugebit</strong></span> <span class='ocrx_word' id='word_1_23' title='bbox 1184 508 1426 559; x_wconf 87' lang='lat' dir='ltr'>ademtum!</span> <span class='ocrx_word' id='word_1_24' title='bbox 1701 530 1747 577; x_wconf 76' lang='lat'>95</span> 
     </span>
     <span class='ocr_line' id='line_1_6' title="bbox 399 580 1585 650; baseline 0.008 -23"><span class='ocrx_word' id='word_1_25' title='bbox 399 580 459 627; x_wconf 88' lang='lat' dir='ltr'>Di</span> <span class='ocrx_word' id='word_1_26' title='bbox 483 580 663 650; x_wconf 80' lang='lat' dir='ltr'>faciant,</span> <span class='ocrx_word' id='word_1_27' title='bbox 688 600 744 630; x_wconf 89' lang='lat' dir='ltr'>ne</span> <span class='ocrx_word' id='word_1_28' title='bbox 768 593 817 630; x_wconf 89' lang='lat' dir='ltr'>tu</span> <span class='ocrx_word' id='word_1_29' title='bbox 838 592 1045 632; x_wconf 83' lang='lat' dir='ltr'>strenuus</span> <span class='ocrx_word' id='word_1_30' title='bbox 1069 603 1163 634; x_wconf 87' lang='lat' dir='ltr'>esse</span> <span class='ocrx_word' id='word_1_31' title='bbox 1185 585 1291 634; x_wconf 88' lang='lat' dir='ltr'>velis</span> <span class='ocrx_word' id='word_1_32' title='bbox 1310 587 1320 634; x_wconf 87' lang='lat'><strong>!</strong></span> <span class='ocrx_word' id='word_1_33' title='bbox 1581 593 1585 597; x_wconf 85' lang='grc'><strong>’</strong></span> 
     </span>
    </p>

    <p class='ocr_par' dir='ltr' id='par_1_5' title="bbox 333 657 1366 806">
     <span class='ocr_line' id='line_1_7' title="bbox 333 657 1366 730; baseline 0.008 -26"><span class='ocrx_word' id='word_1_34' title='bbox 333 659 454 706; x_wconf 81' lang='lat' dir='ltr'>Inter</span> <span class='ocrx_word' id='word_1_35' title='bbox 477 657 594 726; x_wconf 87' lang='lat' dir='ltr'>mille</span> <span class='ocrx_word' id='word_1_36' title='bbox 617 669 731 706; x_wconf 88' lang='lat' dir='ltr'>rates</span> <span class='ocrx_word' id='word_1_37' title='bbox 754 670 827 707; x_wconf 87' lang='lat' dir='ltr'>tua</span> <span class='ocrx_word' id='word_1_38' title='bbox 850 659 908 708; x_wconf 90' lang='lat' dir='ltr'>sit</span> <span class='ocrx_word' id='word_1_39' title='bbox 929 660 1159 711; x_wconf 89' lang='lat' dir='ltr'>millesima</span> <span class='ocrx_word' id='word_1_40' title='bbox 1180 663 1366 730; x_wconf 89' lang='lat' dir='ltr'>puppis;</span> 
     </span>
     <span class='ocr_line' id='line_1_8' title="bbox 397 734 1319 806; baseline 0.008 -24"><span class='ocrx_word' id='word_1_41' title='bbox 397 736 582 800; x_wconf 84' lang='lat' dir='ltr'>Jamque</span> <span class='ocrx_word' id='word_1_42' title='bbox 604 734 806 797; x_wconf 84' lang='lat' dir='ltr'>fatigatas</span> <span class='ocrx_word' id='word_1_43' title='bbox 829 735 984 785; x_wconf 88' lang='lat' dir='ltr'>ultima</span> <span class='ocrx_word' id='word_1_44' title='bbox 996 751 1148 787; x_wconf 71' lang='lat' dir='ltr'>,verset</span> <span class='ocrx_word' id='word_1_45' title='bbox 1170 758 1319 806; x_wconf 84' lang='lat' dir='ltr'>aquas.</span> 
     </span>
    </p>

    <p class='ocr_par' dir='ltr' id='par_1_6' title="bbox 331 814 1533 884">
     <span class='ocr_line' id='line_1_9' title="bbox 331 814 1533 884; baseline 0.006 -24"><span class='ocrx_word' id='word_1_46' title='bbox 331 814 431 861; x_wconf 86' lang='lat' dir='ltr'>Hoc</span> <span class='ocrx_word' id='word_1_47' title='bbox 456 831 632 879; x_wconf 91' lang='lat' dir='ltr'>quoque</span> <span class='ocrx_word' id='word_1_48' title='bbox 655 831 904 879; x_wconf 90' lang='lat' dir='ltr'>praemoneo</span> <span class='ocrx_word' id='word_1_49' title='bbox 925 834 936 862; x_wconf 76' lang='lat' dir='ltr'><em>z</em></span> <span class='ocrx_word' id='word_1_50' title='bbox 956 814 1008 884; x_wconf 80' lang='lat' dir='ltr'>de</span> <span class='ocrx_word' id='word_1_51' title='bbox 1033 834 1141 865; x_wconf 89' lang='lat' dir='ltr'>nave</span> <span class='ocrx_word' id='word_1_52' title='bbox 1163 817 1429 867; x_wconf 86' lang='lat' dir='ltr'>novissimus</span> <span class='ocrx_word' id='word_1_53' title='bbox 1453 819 1533 868; x_wconf 89' lang='lat' dir='ltr'>exi.</span> 
     </span>
    </p>
   </div>
   <div class='ocr_carea' id='block_1_4' title="bbox 392 891 1442 961">
    <p class='ocr_par' dir='ltr' id='par_1_7' title="bbox 392 891 1442 961">
     <span class='ocr_line' id='line_1_10' title="bbox 392 891 1442 961; baseline 0.006 -22"><span class='ocrx_word' id='word_1_54' title='bbox 392 891 498 939; x_wconf 88' lang='lat' dir='ltr'>Non</span> <span class='ocrx_word' id='word_1_55' title='bbox 521 901 607 946; x_wconf 89' lang='lat' dir='ltr'>est,</span> <span class='ocrx_word' id='word_1_56' title='bbox 635 909 724 956; x_wconf 91' lang='lat' dir='ltr'>quo</span> <span class='ocrx_word' id='word_1_57' title='bbox 747 909 980 958; x_wconf 86' lang='lat' dir='ltr'>properes,</span> <span class='ocrx_word' id='word_1_58' title='bbox 1007 904 1120 942; x_wconf 88' lang='lat' dir='ltr'>terra</span> <span class='ocrx_word' id='word_1_59' title='bbox 1142 907 1323 961; x_wconf 87' lang='lat' dir='ltr'>paterna</span> <span class='ocrx_word' id='word_1_60' title='bbox 1346 897 1442 945; x_wconf 87' lang='lat' dir='ltr'>tibi.</span> 
     </span>
    </p>
   </div>
   <div class='ocr_carea' id='block_1_5' title="bbox 1683 924 1745 948">
    <p class='ocr_par' dir='ltr' id='par_1_8' title="bbox 1683 924 1745 948">
     <span class='ocr_line' id='line_1_11' title="bbox 1683 924 1745 948; baseline -0.048 0"><span class='ocrx_word' id='word_1_61' title='bbox 1683 924 1745 948; x_wconf 73' lang='lat' dir='ltr'>loo</span> 
     </span>
    </p>
   </div>
   <div class='ocr_carea' id='block_1_6' title="bbox 322 967 1737 1652">
    <p class='ocr_par' dir='ltr' id='par_1_9' title="bbox 322 967 1737 1652">
     <span class='ocr_line' id='line_1_12' title="bbox 330 967 1555 1039; baseline 0.007 -24"><span class='ocrx_word' id='word_1_62' title='bbox 330 968 483 1031; x_wconf 85' lang='lat' dir='ltr'>Quum</span> <span class='ocrx_word' id='word_1_63' title='bbox 504 967 673 1025; x_wconf 80' lang='lat' dir='ltr'>venieS‚</span> <span class='ocrx_word' id='word_1_64' title='bbox 699 986 908 1034; x_wconf 85' lang='lat' dir='ltr'>remoque</span> <span class='ocrx_word' id='word_1_65' title='bbox 932 987 1078 1029; x_wconf 87' lang='lat' dir='ltr'>move,</span> <span class='ocrx_word' id='word_1_66' title='bbox 1103 972 1287 1039; x_wconf 84' lang='lat' dir='ltr'>veloque</span> <span class='ocrx_word' id='word_1_67' title='bbox 1306 974 1515 1034; x_wconf 85' lang='lat' dir='ltr'>carinam;</span> <span class='ocrx_word' id='word_1_68' title='bbox 1547 1029 1555 1036; x_wconf 53' lang='grc'><em>,</em></span> 
     </span>
     <span class='ocr_line' id='line_1_13' title="bbox 392 1042 1332 1110; baseline 0.007 -19"><span class='ocrx_word' id='word_1_69' title='bbox 392 1045 532 1109; x_wconf 88' lang='lat' dir='ltr'>Inque</span> <span class='ocrx_word' id='word_1_70' title='bbox 555 1054 632 1090; x_wconf 86' lang='lat' dir='ltr'>tuo</span> <span class='ocrx_word' id='word_1_71' title='bbox 653 1042 836 1091; x_wconf 89' lang='lat' dir='ltr'>celerem</span> <span class='ocrx_word' id='word_1_72' title='bbox 857 1042 986 1093; x_wconf 89' lang='lat' dir='ltr'>litore</span> <span class='ocrx_word' id='word_1_73' title='bbox 1008 1046 1113 1095; x_wconf 84' lang='lat' dir='ltr'>siste</span> <span class='ocrx_word' id='word_1_74' title='bbox 1138 1048 1332 1110; x_wconf 86' lang='lat' dir='ltr'>gradum.</span> 
     </span>
     <span class='ocr_line' id='line_1_14' title="bbox 325 1118 1368 1185; baseline 0.005 -15"><span class='ocrx_word' id='word_1_75' title='bbox 325 1122 425 1170; x_wconf 87' lang='lat' dir='ltr'>Sive</span> <span class='ocrx_word' id='word_1_76' title='bbox 449 1119 556 1168; x_wconf 82' lang='lat' dir='ltr'>latet</span> <span class='ocrx_word' id='word_1_77' title='bbox 578 1118 775 1167; x_wconf 89' lang='lat' dir='ltr'>Phoebus</span> <span class='ocrx_word' id='word_1_78' title='bbox 789 1156 800 1177; x_wconf 90' lang='lat'>‚</span> <span class='ocrx_word' id='word_1_79' title='bbox 825 1138 903 1168; x_wconf 93' lang='lat' dir='ltr'>seu</span> <span class='ocrx_word' id='word_1_80' title='bbox 922 1122 1047 1170; x_wconf 87' lang='lat' dir='ltr'>terris</span> <span class='ocrx_word' id='word_1_81' title='bbox 1072 1123 1201 1172; x_wconf 84' lang='lat' dir='ltr'>altior</span> <span class='ocrx_word' id='word_1_82' title='bbox 1223 1138 1342 1175; x_wconf 83' lang='lat' dir='ltr'>extat</span> <span class='ocrx_word' id='word_1_83' title='bbox 1355 1164 1368 1185; x_wconf 86' lang='lat'>,</span> 
     </span>
     <span class='ocr_line' id='line_1_15' title="bbox 389 1196 1448 1260; baseline 0.006 -14"><span class='ocrx_word' id='word_1_84' title='bbox 389 1201 461 1246; x_wconf 92' lang='lat' dir='ltr'>Tu</span> <span class='ocrx_word' id='word_1_85' title='bbox 484 1196 594 1245; x_wconf 89' lang='lat' dir='ltr'>mihi</span> <span class='ocrx_word' id='word_1_86' title='bbox 617 1196 712 1245; x_wconf 92' lang='lat' dir='ltr'>luce</span> <span class='ocrx_word' id='word_1_87' title='bbox 738 1196 888 1256; x_wconf 81' lang='lat' dir='ltr'>dolor,</span> <span class='ocrx_word' id='word_1_88' title='bbox 914 1209 964 1246; x_wconf 88' lang='lat' dir='ltr'>tu</span> <span class='ocrx_word' id='word_1_89' title='bbox 986 1198 1096 1246; x_wconf 91' lang='lat' dir='ltr'>mihi</span> <span class='ocrx_word' id='word_1_90' title='bbox 1120 1213 1270 1260; x_wconf 87' lang='lat' dir='ltr'>nocte,</span> <span class='ocrx_word' id='word_1_91' title='bbox 1296 1203 1418 1251; x_wconf 88' lang='lat' dir='ltr'>venis</span> <span class='ocrx_word' id='word_1_92' title='bbox 1437 1222 1448 1252; x_wconf 76' lang='grc' dir='ltr'>ε</span> 
     </span>
     <span class='ocr_line' id='line_1_16' title="bbox 327 1274 1737 1346; baseline 0.001 -20"><span class='ocrx_word' id='word_1_93' title='bbox 327 1278 468 1327; x_wconf 83' lang='lat' dir='ltr'>Nocte</span> <span class='ocrx_word' id='word_1_94' title='bbox 492 1286 658 1332; x_wconf 89' lang='lat' dir='ltr'>tamen,</span> <span class='ocrx_word' id='word_1_95' title='bbox 686 1294 817 1340; x_wconf 92' lang='lat' dir='ltr'>quam</span> <span class='ocrx_word' id='word_1_96' title='bbox 838 1274 1129 1338; x_wconf 72' lang='lat' dir='ltr'>luce,&#39;magis.</span> <span class='ocrx_word' id='word_1_97' title='bbox 1163 1277 1265 1325; x_wconf 86' lang='lat' dir='ltr'>Nox</span> <span class='ocrx_word' id='word_1_98' title='bbox 1289 1290 1411 1340; x_wconf 82' lang='lat' dir='ltr'>grata</span> <span class='ocrx_word' id='word_1_99' title='bbox 1431 1277 1614 1346; x_wconf 76' lang='lat' dir='ltr'>puellis,</span> <span class='ocrx_word' id='word_1_100' title='bbox 1678 1293 1737 1327; x_wconf 75' lang='lat'>105</span> 
     </span>
     <span class='ocr_line' id='line_1_17' title="bbox 387 1351 1382 1419; baseline 0.002 -17"><span class='ocrx_word' id='word_1_101' title='bbox 387 1355 588 1418; x_wconf 79' lang='lat' dir='ltr'>Quarum</span> <span class='ocrx_word' id='word_1_102' title='bbox 611 1353 867 1419; x_wconf 88' lang='lat' dir='ltr'>suppositus</span> <span class='ocrx_word' id='word_1_103' title='bbox 891 1351 1005 1401; x_wconf 86' lang='lat' dir='ltr'>colla</span> <span class='ocrx_word' id='word_1_104' title='bbox 1026 1353 1212 1403; x_wconf 89' lang='lat' dir='ltr'>lacertus</span> <span class='ocrx_word' id='word_1_105' title='bbox 1235 1354 1382 1404; x_wconf 87' lang='lat' dir='ltr'>habet.</span> 
     </span>
     <span class='ocr_line' id='line_1_18' title="bbox 322 1430 1396 1498; baseline -0.002 -16"><span class='ocrx_word' id='word_1_106' title='bbox 322 1434 537 1498; x_wconf 89' lang='lat' dir='ltr'>Aucupor</span> <span class='ocrx_word' id='word_1_107' title='bbox 558 1432 607 1478; x_wconf 89' lang='lat' dir='ltr'>in</span> <span class='ocrx_word' id='word_1_108' title='bbox 628 1430 743 1479; x_wconf 89' lang='lat' dir='ltr'>lecto</span> <span class='ocrx_word' id='word_1_109' title='bbox 765 1430 994 1479; x_wconf 82' lang='lat' dir='ltr'>mendaces</span> <span class='ocrx_word' id='word_1_110' title='bbox 1018 1430 1167 1480; x_wconf 86' lang='lat' dir='ltr'>caelibe</span> <span class='ocrx_word' id='word_1_111' title='bbox 1186 1450 1366 1480; x_wconf 88' lang='lat' dir='ltr'>somnos</span> <span class='ocrx_word' id='word_1_112' title='bbox 1384 1452 1396 1481; x_wconf 78' lang='grc' dir='ltr'><strong><em>ε</em></strong></span> 
     </span>
     <span class='ocr_line' id='line_1_19' title="bbox 386 1507 1308 1573; baseline 0 -16"><span class='ocrx_word' id='word_1_113' title='bbox 386 1511 506 1557; x_wconf 90' lang='lat' dir='ltr'>Dum</span> <span class='ocrx_word' id='word_1_114' title='bbox 530 1527 654 1556; x_wconf 89' lang='lat' dir='ltr'>careo</span> <span class='ocrx_word' id='word_1_115' title='bbox 678 1507 809 1565; x_wconf 86' lang='lat' dir='ltr'>veris,</span> <span class='ocrx_word' id='word_1_116' title='bbox 836 1507 993 1569; x_wconf 86' lang='lat' dir='ltr'>gaudia</span> <span class='ocrx_word' id='word_1_117' title='bbox 1015 1507 1123 1556; x_wconf 87' lang='lat' dir='ltr'>falsa</span> <span class='ocrx_word' id='word_1_118' title='bbox 1142 1509 1308 1573; x_wconf 88' lang='lat' dir='ltr'>juvant.</span> 
     </span>
     <span class='ocr_line' id='line_1_20' title="bbox 322 1583 1417 1652; baseline -0.001 -17"><span class='ocrx_word' id='word_1_119' title='bbox 322 1586 410 1635; x_wconf 86' lang='lat' dir='ltr'>Sed</span> <span class='ocrx_word' id='word_1_120' title='bbox 433 1598 509 1634; x_wconf 84' lang='lat' dir='ltr'>tua</span> <span class='ocrx_word' id='word_1_121' title='bbox 529 1604 606 1634; x_wconf 89' lang='lat' dir='ltr'>cur</span> <span class='ocrx_word' id='word_1_122' title='bbox 627 1585 761 1632; x_wconf 88' lang='lat' dir='ltr'>nobis</span> <span class='ocrx_word' id='word_1_123' title='bbox 785 1583 953 1650; x_wconf 89' lang='lat' dir='ltr'>pallens</span> <span class='ocrx_word' id='word_1_124' title='bbox 979 1585 1169 1632; x_wconf 87' lang='lat' dir='ltr'>occurrit</span> <span class='ocrx_word' id='word_1_125' title='bbox 1193 1585 1374 1648; x_wconf 82' lang='lat' dir='ltr'>imago?</span> <span class='ocrx_word' id='word_1_126' title='bbox 1415 1650 1417 1652; x_wconf 21' lang='grc' dir='ltr'>Ι</span> 
     </span>
    </p>
   </div>
   <div class='ocr_carea' id='block_1_7' title="bbox 389 1652 1345 1726">
    <p class='ocr_par' dir='ltr' id='par_1_10' title="bbox 389 1652 1345 1726">
     <span class='ocr_line' id='line_1_21' title="bbox 389 1652 1345 1726; baseline -0.002 -15"><span class='ocrx_word' id='word_1_127' title='bbox 389 1664 482 1711; x_wconf 88' lang='lat' dir='ltr'>Cur</span> <span class='ocrx_word' id='word_1_128' title='bbox 501 1661 622 1710; x_wconf 89' lang='lat' dir='ltr'>venit</span> <span class='ocrx_word' id='word_1_129' title='bbox 645 1680 669 1709; x_wconf 87' lang='lat' dir='ltr'>a</span> <span class='ocrx_word' id='word_1_130' title='bbox 691 1660 837 1708; x_wconf 82' lang='lat' dir='ltr'>verbis</span> <span class='ocrx_word' id='word_1_131' title='bbox 860 1659 999 1708; x_wconf 86' lang='lat' dir='ltr'>multa</span> <span class='ocrx_word' id='word_1_132' title='bbox 1023 1660 1200 1726; x_wconf 86' lang='lat' dir='ltr'>querela</span> <span class='ocrx_word' id='word_1_133' title='bbox 1222 1652 1345 1709; x_wconf 69' lang='lat' dir='ltr'>tuis?</span> 
     </span>
    </p>
   </div>
   <div class='ocr_carea' id='block_1_8' title="bbox 310 1789 995 2824">
    <p class='ocr_par' dir='ltr' id='par_1_11' title="bbox 310 1789 995 2759">
     <span class='ocr_line' id='line_1_22' title="bbox 363 1789 995 1837; baseline -0.006 -14"><span class='ocrx_word' id='word_1_134' title='bbox 363 1789 416 1837; x_wconf 81' lang='lat'>93.</span> <span class='ocrx_word' id='word_1_135' title='bbox 441 1789 519 1823; x_wconf 78' lang='lat' dir='ltr'>Sors</span> <span class='ocrx_word' id='word_1_136' title='bbox 539 1799 663 1833; x_wconf 81' lang='lat' dir='ltr'>quoque</span> <span class='ocrx_word' id='word_1_137' title='bbox 682 1789 794 1820; x_wconf 80' lang='lat' dir='ltr'>nescio</span> <span class='ocrx_word' id='word_1_138' title='bbox 811 1798 905 1830; x_wconf 79' lang='lat' dir='ltr'>quem</span> <span class='ocrx_word' id='word_1_139' title='bbox 931 1792 995 1820; x_wconf 89' lang='lat' dir='ltr'>etc.</span> 
     </span>
     <span class='ocr_line' id='line_1_23' title="bbox 321 1837 995 1888; baseline -0.009 -12"><span class='ocrx_word' id='word_1_140' title='bbox 321 1840 543 1888; x_wconf 79' lang='lat' dir='ltr'>Hygin.Fab.</span> <span class='ocrx_word' id='word_1_141' title='bbox 559 1849 627 1873; x_wconf 78' lang='lat'>0111</span> <span class='ocrx_word' id='word_1_142' title='bbox 640 1851 647 1872; x_wconf 91' lang='lat'><strong>:</strong></span> <span class='ocrx_word' id='word_1_143' title='bbox 661 1853 677 1869; x_wconf 91' lang='lat'>«</span> <span class='ocrx_word' id='word_1_144' title='bbox 697 1837 835 1872; x_wconf 85' lang='lat' dir='ltr'>Achivis</span> <span class='ocrx_word' id='word_1_145' title='bbox 847 1837 912 1871; x_wconf 86' lang='lat' dir='ltr'>suit</span> <span class='ocrx_word' id='word_1_146' title='bbox 927 1850 995 1871; x_wconf 87' lang='lat' dir='ltr'>res-</span> 
     </span>
     <span class='ocr_line' id='line_1_24' title="bbox 320 1889 993 1940; baseline -0.009 -11"><span class='ocrx_word' id='word_1_147' title='bbox 320 1907 490 1940; x_wconf 89' lang='lat' dir='ltr'>ponsum,</span> <span class='ocrx_word' id='word_1_148' title='bbox 517 1905 620 1932; x_wconf 84' lang='lat' dir='ltr'>eum,</span> <span class='ocrx_word' id='word_1_149' title='bbox 650 1891 709 1937; x_wconf 88' lang='lat' dir='ltr'>qui</span> <span class='ocrx_word' id='word_1_150' title='bbox 735 1891 868 1936; x_wconf 85' lang='lat' dir='ltr'>primus</span> <span class='ocrx_word' id='word_1_151' title='bbox 892 1889 993 1924; x_wconf 87' lang='lat' dir='ltr'>litora</span> 
     </span>
     <span class='ocr_line' id='line_1_25' title="bbox 319 1942 992 1992; baseline -0.01 -11"><span class='ocrx_word' id='word_1_152' title='bbox 319 1947 558 1992; x_wconf 80' lang='lat' dir='ltr'>Troianorum</span> <span class='ocrx_word' id='word_1_153' title='bbox 575 1944 739 1990; x_wconf 76' lang='lat' dir='ltr'>attigisset</span> <span class='ocrx_word' id='word_1_154' title='bbox 751 1969 760 1986; x_wconf 87' lang='lat'><strong><em>‚</em></strong></span> <span class='ocrx_word' id='word_1_155' title='bbox 786 1942 992 1988; x_wconf 88' lang='lat' dir='ltr'>periturum.</span> 
     </span>
     <span class='ocr_line' id='line_1_26' title="bbox 320 1994 989 2043; baseline -0.01 -10"><span class='ocrx_word' id='word_1_156' title='bbox 320 1999 446 2043; x_wconf 86' lang='lat' dir='ltr'>Quum</span> <span class='ocrx_word' id='word_1_157' title='bbox 460 1997 582 2032; x_wconf 74' lang='lat' dir='ltr'>Achivi</span> <span class='ocrx_word' id='word_1_158' title='bbox 595 1996 714 2031; x_wconf 83' lang='lat' dir='ltr'>classes</span> <span class='ocrx_word' id='word_1_159' title='bbox 729 1994 968 2040; x_wconf 81' lang='lat' dir='ltr'>applicuissent</span> <span class='ocrx_word' id='word_1_160' title='bbox 980 2019 989 2036; x_wconf 91' lang='lat'><strong><em>,</em></strong></span> 
     </span>
     <span class='ocr_line' id='line_1_27' title="bbox 316 2042 994 2091; baseline -0.009 -6"><span class='ocrx_word' id='word_1_161' title='bbox 316 2051 438 2085; x_wconf 85' lang='lat' dir='ltr'>ceteris</span> <span class='ocrx_word' id='word_1_162' title='bbox 451 2049 692 2084; x_wconf 80' lang='lat' dir='ltr'>cunctantibus</span> <span class='ocrx_word' id='word_1_163' title='bbox 701 2074 710 2091; x_wconf 92' lang='lat'>‚</span> <span class='ocrx_word' id='word_1_164' title='bbox 729 2047 842 2081; x_wconf 85' lang='lat' dir='ltr'>Iolaus</span> <span class='ocrx_word' id='word_1_165' title='bbox 851 2073 861 2090; x_wconf 90' lang='lat'>‚</span> <span class='ocrx_word' id='word_1_166' title='bbox 873 2042 994 2091; x_wconf 80' lang='lat' dir='ltr'>Iphicli</span> 
     </span>
     <span class='ocr_line' id='line_1_28' title="bbox 316 2099 991 2145; baseline -0.009 -8"><span class='ocrx_word' id='word_1_167' title='bbox 316 2110 351 2137; x_wconf 86' lang='lat' dir='ltr'>et</span> <span class='ocrx_word' id='word_1_168' title='bbox 366 2101 571 2136; x_wconf 87' lang='lat' dir='ltr'>Diomedeae</span> <span class='ocrx_word' id='word_1_169' title='bbox 581 2101 670 2135; x_wconf 87' lang='lat' dir='ltr'>filius</span> <span class='ocrx_word' id='word_1_170' title='bbox 686 2127 695 2144; x_wconf 92' lang='lat'>,</span> <span class='ocrx_word' id='word_1_171' title='bbox 722 2099 854 2145; x_wconf 86' lang='lat' dir='ltr'>primus</span> <span class='ocrx_word' id='word_1_172' title='bbox 869 2111 888 2133; x_wconf 87' lang='lat' dir='ltr'>e</span> <span class='ocrx_word' id='word_1_173' title='bbox 903 2110 991 2132; x_wconf 87' lang='lat' dir='ltr'>nave</span> 
     </span>
     <span class='ocr_line' id='line_1_29' title="bbox 317 2149 991 2199; baseline -0.009 -10"><span class='ocrx_word' id='word_1_174' title='bbox 317 2154 492 2199; x_wconf 84' lang='lat' dir='ltr'>prosiluit,</span> <span class='ocrx_word' id='word_1_175' title='bbox 511 2154 571 2199; x_wconf 88' lang='lat' dir='ltr'>qui</span> <span class='ocrx_word' id='word_1_176' title='bbox 583 2153 624 2187; x_wconf 84' lang='lat' dir='ltr'>ab</span> <span class='ocrx_word' id='word_1_177' title='bbox 637 2152 791 2186; x_wconf 79' lang='lat' dir='ltr'>Hectore</span> <span class='ocrx_word' id='word_1_178' title='bbox 809 2149 991 2185; x_wconf 80' lang='lat' dir='ltr'>confestim</span> 
     </span>
     <span class='ocr_line' id='line_1_30' title="bbox 315 2201 992 2250; baseline -0.006 -10"><span class='ocrx_word' id='word_1_179' title='bbox 315 2213 366 2240; x_wconf 88' lang='lat' dir='ltr'>est</span> <span class='ocrx_word' id='word_1_180' title='bbox 381 2206 601 2249; x_wconf 84' lang='lat' dir='ltr'>interfectus,</span> <span class='ocrx_word' id='word_1_181' title='bbox 621 2217 727 2250; x_wconf 88' lang='lat' dir='ltr'>quem</span> <span class='ocrx_word' id='word_1_182' title='bbox 742 2202 858 2238; x_wconf 85' lang='lat' dir='ltr'>cuncti</span> <span class='ocrx_word' id='word_1_183' title='bbox 873 2201 992 2248; x_wconf 86' lang='lat' dir='ltr'>appel-</span> 
     </span>
     <span class='ocr_line' id='line_1_31' title="bbox 312 2254 990 2301; baseline -0.007 -9"><span class='ocrx_word' id='word_1_184' title='bbox 312 2257 430 2292; x_wconf 75' lang='lat' dir='ltr'>larunt</span> <span class='ocrx_word' id='word_1_185' title='bbox 437 2259 668 2298; x_wconf 80' lang='lat' dir='ltr'>Protesilaum,</span> <span class='ocrx_word' id='word_1_186' title='bbox 682 2256 849 2301; x_wconf 87' lang='lat' dir='ltr'>quoniam</span> <span class='ocrx_word' id='word_1_187' title='bbox 856 2254 990 2300; x_wconf 88' lang='lat' dir='ltr'>primus</span> 
     </span>
     <span class='ocr_line' id='line_1_32' title="bbox 315 2306 990 2354; baseline -0.006 -11"><span class='ocrx_word' id='word_1_188' title='bbox 315 2323 356 2343; x_wconf 78' lang='lat' dir='ltr'>ex</span> <span class='ocrx_word' id='word_1_189' title='bbox 379 2310 541 2343; x_wconf 88' lang='lat' dir='ltr'>omnibus</span> <span class='ocrx_word' id='word_1_190' title='bbox 570 2309 730 2354; x_wconf 75' lang='lat' dir='ltr'>perierat.</span> <span class='ocrx_word' id='word_1_191' title='bbox 761 2306 870 2352; x_wconf 87' lang='lat' dir='ltr'>Quod</span> <span class='ocrx_word' id='word_1_192' title='bbox 903 2318 990 2340; x_wconf 81' lang='lat' dir='ltr'>uxor</span> 
     </span>
     <span class='ocr_line' id='line_1_33' title="bbox 315 2358 989 2404; baseline -0.006 -8"><span class='ocrx_word' id='word_1_193' title='bbox 315 2361 503 2396; x_wconf 79' lang='lat' dir='ltr'>Laodamia</span> <span class='ocrx_word' id='word_1_194' title='bbox 517 2360 631 2395; x_wconf 84' lang='lat' dir='ltr'>Acasti</span> <span class='ocrx_word' id='word_1_195' title='bbox 642 2360 712 2394; x_wconf 82' lang='lat' dir='ltr'>filia</span> <span class='ocrx_word' id='word_1_196' title='bbox 722 2372 831 2404; x_wconf 88' lang='lat' dir='ltr'>quum</span> <span class='ocrx_word' id='word_1_197' title='bbox 842 2358 989 2393; x_wconf 80' lang='lat' dir='ltr'>audisset</span> 
     </span>
     <span class='ocr_line' id='line_1_34' title="bbox 314 2410 988 2459; baseline -0.006 -11"><span class='ocrx_word' id='word_1_198' title='bbox 314 2427 398 2448; x_wconf 87' lang='lat' dir='ltr'>eum</span> <span class='ocrx_word' id='word_1_199' title='bbox 413 2413 551 2459; x_wconf 87' lang='lat' dir='ltr'>periisse</span> <span class='ocrx_word' id='word_1_200' title='bbox 565 2439 574 2456; x_wconf 87' lang='lat'>,</span> <span class='ocrx_word' id='word_1_201' title='bbox 603 2412 701 2458; x_wconf 84' lang='lat' dir='ltr'>petiit</span> <span class='ocrx_word' id='word_1_202' title='bbox 719 2425 738 2446; x_wconf 89' lang='lat' dir='ltr'>a</span> <span class='ocrx_word' id='word_1_203' title='bbox 752 2411 827 2445; x_wconf 89' lang='lat' dir='ltr'>Diis</span> <span class='ocrx_word' id='word_1_204' title='bbox 839 2438 848 2455; x_wconf 96' lang='lat'>,</span> <span class='ocrx_word' id='word_1_205' title='bbox 873 2417 911 2444; x_wconf 88' lang='lat' dir='ltr'>ut</span> <span class='ocrx_word' id='word_1_206' title='bbox 925 2410 988 2444; x_wconf 81' lang='lat' dir='ltr'>sibi</span> 
     </span>
     <span class='ocr_line' id='line_1_35' title="bbox 314 2464 987 2510; baseline -0.004 -9"><span class='ocrx_word' id='word_1_207' title='bbox 314 2480 395 2501; x_wconf 88' lang='lat' dir='ltr'>curn</span> <span class='ocrx_word' id='word_1_208' title='bbox 412 2479 453 2500; x_wconf 90' lang='lat' dir='ltr'>eo</span> <span class='ocrx_word' id='word_1_209' title='bbox 470 2474 539 2501; x_wconf 86' lang='lat' dir='ltr'>tres</span> <span class='ocrx_word' id='word_1_210' title='bbox 554 2466 656 2500; x_wconf 89' lang='lat' dir='ltr'>horas</span> <span class='ocrx_word' id='word_1_211' title='bbox 678 2464 826 2510; x_wconf 86' lang='lat' dir='ltr'>colloqui</span> <span class='ocrx_word' id='word_1_212' title='bbox 847 2464 965 2500; x_wconf 87' lang='lat' dir='ltr'>liceret</span> <span class='ocrx_word' id='word_1_213' title='bbox 979 2477 987 2498; x_wconf 89' lang='lat'>:</span> 
     </span>
     <span class='ocr_line' id='line_1_36' title="bbox 313 2515 987 2563; baseline -0.004 -11"><span class='ocrx_word' id='word_1_214' title='bbox 313 2531 382 2563; x_wconf 90' lang='lat' dir='ltr'>quo</span> <span class='ocrx_word' id='word_1_215' title='bbox 398 2518 583 2563; x_wconf 88' lang='lat' dir='ltr'>impetrato</span> <span class='ocrx_word' id='word_1_216' title='bbox 599 2530 618 2552; x_wconf 91' lang='lat' dir='ltr'>a</span> <span class='ocrx_word' id='word_1_217' title='bbox 634 2517 812 2551; x_wconf 81' lang='lat' dir='ltr'>Mercurio</span> <span class='ocrx_word' id='word_1_218' title='bbox 825 2515 987 2550; x_wconf 86' lang='lat' dir='ltr'>reductus</span> 
     </span>
     <span class='ocr_line' id='line_1_37' title="bbox 313 2570 986 2605; baseline -0.001 -1"><span class='ocrx_word' id='word_1_219' title='bbox 313 2578 382 2605; x_wconf 88' lang='lat' dir='ltr'>tres</span> <span class='ocrx_word' id='word_1_220' title='bbox 414 2570 516 2605; x_wconf 88' lang='lat' dir='ltr'>horas</span> <span class='ocrx_word' id='word_1_221' title='bbox 537 2583 618 2605; x_wconf 90' lang='lat' dir='ltr'>cum</span> <span class='ocrx_word' id='word_1_222' title='bbox 646 2583 688 2605; x_wconf 86' lang='lat' dir='ltr'>eo</span> <span class='ocrx_word' id='word_1_223' title='bbox 718 2570 884 2605; x_wconf 81' lang='lat' dir='ltr'>collocuta</span> <span class='ocrx_word' id='word_1_224' title='bbox 911 2576 962 2603; x_wconf 89' lang='lat' dir='ltr'>est</span> <span class='ocrx_word' id='word_1_225' title='bbox 979 2582 986 2603; x_wconf 94' lang='lat'>:</span> 
     </span>
     <span class='ocr_line' id='line_1_38' title="bbox 312 2622 986 2668; baseline -0.001 -12"><span class='ocrx_word' id='word_1_226' title='bbox 312 2622 427 2667; x_wconf 87' lang='lat' dir='ltr'>quod,</span> <span class='ocrx_word' id='word_1_227' title='bbox 450 2624 580 2657; x_wconf 85' lang='lat' dir='ltr'>iterum</span> <span class='ocrx_word' id='word_1_228' title='bbox 605 2635 714 2668; x_wconf 90' lang='lat' dir='ltr'>quum</span> <span class='ocrx_word' id='word_1_229' title='bbox 732 2622 868 2656; x_wconf 82' lang='lat' dir='ltr'>obiisset</span> <span class='ocrx_word' id='word_1_230' title='bbox 895 2623 986 2656; x_wconf 88' lang='lat' dir='ltr'>Pro-</span> 
     </span>
     <span class='ocr_line' id='line_1_39' title="bbox 312 2674 986 2720; baseline 0 -12"><span class='ocrx_word' id='word_1_231' title='bbox 312 2674 468 2718; x_wconf 84' lang='lat' dir='ltr'>tesilaus,</span> <span class='ocrx_word' id='word_1_232' title='bbox 499 2674 659 2710; x_wconf 88' lang='lat' dir='ltr'>dolorem</span> <span class='ocrx_word' id='word_1_233' title='bbox 682 2674 752 2720; x_wconf 86' lang='lat' dir='ltr'>pati</span> <span class='ocrx_word' id='word_1_234' title='bbox 776 2686 849 2708; x_wconf 87' lang='lat' dir='ltr'>non</span> <span class='ocrx_word' id='word_1_235' title='bbox 874 2674 986 2719; x_wconf 85' lang='lat' dir='ltr'>potuit</span> 
     </span>
     <span class='ocr_line' id='line_1_40' title="bbox 310 2725 541 2759; baseline -0.009 0"><span class='ocrx_word' id='word_1_236' title='bbox 310 2725 508 2759; x_wconf 83' lang='lat' dir='ltr'>Laodamia.</span> <span class='ocrx_word' id='word_1_237' title='bbox 525 2741 541 2757; x_wconf 82' lang='lat'>&gt;1</span> 
     </span>
    </p>

    <p class='ocr_par' dir='ltr' id='par_1_12' title="bbox 354 2778 988 2824">
     <span class='ocr_line' id='line_1_41' title="bbox 354 2778 988 2824; baseline -0.005 -12"><span class='ocrx_word' id='word_1_238' title='bbox 354 2778 405 2822; x_wconf 76' lang='grc'>98.</span> <span class='ocrx_word' id='word_1_239' title='bbox 418 2780 560 2821; x_wconf 75' lang='lat' dir='ltr'>Jamque</span> <span class='ocrx_word' id='word_1_240' title='bbox 567 2779 742 2824; x_wconf 51' lang='lat' dir='ltr'>salzgalas</span> <span class='ocrx_word' id='word_1_241' title='bbox 750 2779 868 2812; x_wconf 74' lang='lat' dir='ltr'>ultima</span> <span class='ocrx_word' id='word_1_242' title='bbox 877 2780 988 2812; x_wconf 82' lang='lat' dir='ltr'>verse!</span> 
     </span>
    </p>
   </div>
   <div class='ocr_carea' id='block_1_9' title="bbox 1677 1687 1736 1712">
    <p class='ocr_par' dir='ltr' id='par_1_13' title="bbox 1677 1687 1736 1712">
     <span class='ocr_line' id='line_1_42' title="bbox 1677 1687 1736 1712; baseline 0.017 -1"><span class='ocrx_word' id='word_1_243' title='bbox 1677 1687 1736 1712; x_wconf 71' lang='grc' dir='ltr'>ΙΝ</span> 
     </span>
    </p>
   </div>
   <div class='ocr_carea' id='block_1_10' title="bbox 1051 1784 1735 2561">
    <p class='ocr_par' dir='ltr' id='par_1_14' title="bbox 1057 1784 1735 1977">
     <span class='ocr_line' id='line_1_43' title="bbox 1058 1784 1734 1830; baseline 0.006 -12"><span class='ocrx_word' id='word_1_244' title='bbox 1058 1797 1174 1830; x_wconf 86' lang='lat' dir='ltr'>aquas.</span> <span class='ocrx_word' id='word_1_245' title='bbox 1198 1784 1308 1830; x_wconf 87' lang='lat' dir='ltr'>Optat</span> <span class='ocrx_word' id='word_1_246' title='bbox 1325 1785 1513 1821; x_wconf 84' lang='lat' dir='ltr'>Laodamia</span> <span class='ocrx_word' id='word_1_247' title='bbox 1528 1793 1568 1821; x_wconf 89' lang='lat' dir='ltr'>ut</span> <span class='ocrx_word' id='word_1_248' title='bbox 1583 1785 1734 1822; x_wconf 71' lang='lat' dir='ltr'>Graeco-</span> 
     </span>
     <span class='ocr_line' id='line_1_44' title="bbox 1059 1838 1735 1884; baseline 0.004 -13"><span class='ocrx_word' id='word_1_249' title='bbox 1059 1850 1141 1871; x_wconf 87' lang='lat' dir='ltr'>rum</span> <span class='ocrx_word' id='word_1_250' title='bbox 1158 1840 1294 1872; x_wconf 76' lang='lat' dir='ltr'>ultimus</span> <span class='ocrx_word' id='word_1_251' title='bbox 1303 1838 1430 1883; x_wconf 86' lang='lat' dir='ltr'>conjux</span> <span class='ocrx_word' id='word_1_252' title='bbox 1440 1839 1639 1884; x_wconf 75' lang='lat' dir='ltr'>Troianum</span> <span class='ocrx_word' id='word_1_253' title='bbox 1654 1838 1735 1875; x_wconf 81' lang='lat' dir='ltr'>litus</span> 
     </span>
     <span class='ocr_line' id='line_1_45' title="bbox 1058 1890 1733 1936; baseline 0.004 -13"><span class='ocrx_word' id='word_1_254' title='bbox 1058 1895 1176 1935; x_wconf 82' lang='lat' dir='ltr'>tangat</span> <span class='ocrx_word' id='word_1_255' title='bbox 1185 1916 1195 1934; x_wconf 85' lang='lat'><strong>,</strong></span> <span class='ocrx_word' id='word_1_256' title='bbox 1217 1897 1256 1924; x_wconf 88' lang='lat' dir='ltr'>ut</span> <span class='ocrx_word' id='word_1_257' title='bbox 1267 1890 1445 1925; x_wconf 89' lang='lat' dir='ltr'>oraculum</span> <span class='ocrx_word' id='word_1_258' title='bbox 1457 1891 1599 1936; x_wconf 80' lang='lat' dir='ltr'>effugiat</span> <span class='ocrx_word' id='word_1_259' title='bbox 1609 1917 1619 1935; x_wconf 91' lang='lat'>,</span> <span class='ocrx_word' id='word_1_260' title='bbox 1635 1890 1733 1936; x_wconf 87' lang='lat' dir='ltr'>quod</span> 
     </span>
     <span class='ocr_line' id='line_1_46' title="bbox 1057 1941 1456 1977; baseline 0.005 -2"><span class='ocrx_word' id='word_1_261' title='bbox 1057 1949 1210 1976; x_wconf 88' lang='lat' dir='ltr'>mortem</span> <span class='ocrx_word' id='word_1_262' title='bbox 1222 1941 1269 1976; x_wconf 87' lang='lat' dir='ltr'>illi</span> <span class='ocrx_word' id='word_1_263' title='bbox 1280 1942 1435 1976; x_wconf 76' lang='lat' dir='ltr'>minatur</span> <span class='ocrx_word' id='word_1_264' title='bbox 1447 1955 1456 1977; x_wconf 75' lang='grc' dir='ltr'>ε</span> 
     </span>
    </p>

    <p class='ocr_par' dir='ltr' id='par_1_15' title="bbox 1091 1998 1728 2034">
     <span class='ocr_line' id='line_1_47' title="bbox 1091 1998 1728 2034; baseline 0.003 -11"><span class='ocrx_word' id='word_1_265' title='bbox 1091 2000 1146 2032; x_wconf 85' lang='lat' dir='ltr'>Qui</span> <span class='ocrx_word' id='word_1_266' title='bbox 1152 2000 1255 2034; x_wconf 81' lang='lat' dir='ltr'>primus</span> <span class='ocrx_word' id='word_1_267' title='bbox 1265 2000 1384 2024; x_wconf 76' lang='lat' dir='ltr'>Danaum</span> <span class='ocrx_word' id='word_1_268' title='bbox 1395 1999 1498 2024; x_wconf 74' lang='lat' dir='ltr'>Troada</span> <span class='ocrx_word' id='word_1_269' title='bbox 1509 2004 1596 2032; x_wconf 71' lang='lat' dir='ltr'>tangat</span> <span class='ocrx_word' id='word_1_270' title='bbox 1608 1998 1728 2026; x_wconf 77' lang='lat' dir='ltr'>humum.</span> 
     </span>
    </p>

    <p class='ocr_par' dir='ltr' id='par_1_16' title="bbox 1051 2048 1732 2561">
     <span class='ocr_line' id='line_1_48' title="bbox 1104 2048 1730 2094; baseline 0.002 -11"><span class='ocrx_word' id='word_1_271' title='bbox 1104 2048 1223 2083; x_wconf 83' lang='lat'><strong>105-6.</strong></span> <span class='ocrx_word' id='word_1_272' title='bbox 1239 2050 1317 2083; x_wconf 77' lang='lat' dir='ltr'>Noz·</span> <span class='ocrx_word' id='word_1_273' title='bbox 1327 2051 1558 2093; x_wconf 73' lang='lat' dir='ltr'>gratapuellis</span> <span class='ocrx_word' id='word_1_274' title='bbox 1568 2076 1577 2090; x_wconf 87' lang='lat'><strong>,</strong></span> <span class='ocrx_word' id='word_1_275' title='bbox 1594 2061 1730 2094; x_wconf 70' lang='lat' dir='ltr'>quaram</span> 
     </span>
     <span class='ocr_line' id='line_1_49' title="bbox 1055 2101 1732 2145; baseline 0.003 -11"><span class='ocrx_word' id='word_1_276' title='bbox 1055 2104 1245 2145; x_wconf 80' lang='lat' dir='ltr'>suppositus</span> <span class='ocrx_word' id='word_1_277' title='bbox 1258 2103 1347 2135; x_wconf 86' lang='lat' dir='ltr'>colla</span> <span class='ocrx_word' id='word_1_278' title='bbox 1357 2104 1504 2135; x_wconf 83' lang='lat' dir='ltr'>lacertus</span> <span class='ocrx_word' id='word_1_279' title='bbox 1512 2103 1622 2135; x_wconf 77' lang='lat' dir='ltr'>babet.</span> <span class='ocrx_word' id='word_1_280' title='bbox 1639 2101 1732 2137; x_wconf 86' lang='lat' dir='ltr'>Sua-</span> 
     </span>
     <span class='ocr_line' id='line_1_50' title="bbox 1053 2152 1729 2198; baseline 0.001 -11"><span class='ocrx_word' id='word_1_281' title='bbox 1053 2153 1104 2188; x_wconf 83' lang='lat' dir='ltr'>vis</span> <span class='ocrx_word' id='word_1_282' title='bbox 1121 2160 1172 2187; x_wconf 87' lang='lat' dir='ltr'>est</span> <span class='ocrx_word' id='word_1_283' title='bbox 1187 2152 1376 2187; x_wconf 88' lang='lat' dir='ltr'>admodum</span> <span class='ocrx_word' id='word_1_284' title='bbox 1393 2153 1526 2198; x_wconf 87' lang='lat' dir='ltr'>pictura</span> <span class='ocrx_word' id='word_1_285' title='bbox 1544 2152 1618 2188; x_wconf 85' lang='lat' dir='ltr'>haec</span> <span class='ocrx_word' id='word_1_286' title='bbox 1639 2152 1729 2188; x_wconf 82' lang='lat' dir='ltr'>dor—</span> 
     </span>
     <span class='ocr_line' id='line_1_51' title="bbox 1055 2204 1728 2250; baseline 0.001 -11"><span class='ocrx_word' id='word_1_287' title='bbox 1055 2205 1194 2240; x_wconf 87' lang='lat' dir='ltr'>mientis</span> <span class='ocrx_word' id='word_1_288' title='bbox 1223 2205 1339 2239; x_wconf 84' lang='lat' dir='ltr'>minus</span> <span class='ocrx_word' id='word_1_289' title='bbox 1352 2231 1362 2248; x_wconf 86' lang='lat'>,</span> <span class='ocrx_word' id='word_1_290' title='bbox 1389 2217 1495 2250; x_wconf 85' lang='lat' dir='ltr'>quam</span> <span class='ocrx_word' id='word_1_291' title='bbox 1525 2204 1728 2241; x_wconf 76' lang='lat' dir='ltr'>somniantis</span> 
     </span>
     <span class='ocr_line' id='line_1_52' title="bbox 1055 2256 1729 2302; baseline 0.001 -11"><span class='ocrx_word' id='word_1_292' title='bbox 1055 2257 1177 2302; x_wconf 87' lang='lat' dir='ltr'>puellae</span> <span class='ocrx_word' id='word_1_293' title='bbox 1190 2283 1199 2300; x_wconf 89' lang='lat'><em>,</em></span> <span class='ocrx_word' id='word_1_294' title='bbox 1221 2264 1256 2291; x_wconf 89' lang='lat' dir='ltr'>et</span> <span class='ocrx_word' id='word_1_295' title='bbox 1271 2256 1455 2291; x_wconf 84' lang='lat' dir='ltr'>meditanti</span> <span class='ocrx_word' id='word_1_296' title='bbox 1469 2257 1586 2292; x_wconf 86' lang='lat' dir='ltr'>similis</span> <span class='ocrx_word' id='word_1_297' title='bbox 1596 2283 1605 2300; x_wconf 90' lang='lat'><strong><em>‚</em></strong></span> <span class='ocrx_word' id='word_1_298' title='bbox 1619 2257 1729 2302; x_wconf 82' lang='lat' dir='ltr'>capite</span> 
     </span>
     <span class='ocr_line' id='line_1_53' title="bbox 1054 2308 1727 2344; baseline 0.001 -2"><span class='ocrx_word' id='word_1_299' title='bbox 1054 2312 1089 2342; x_wconf 78' lang='lat' dir='ltr'>in</span> <span class='ocrx_word' id='word_1_300' title='bbox 1121 2311 1280 2343; x_wconf 69' lang='lat' dir='ltr'>lacertum</span> <span class='ocrx_word' id='word_1_301' title='bbox 1311 2308 1464 2343; x_wconf 82' lang='lat' dir='ltr'>molliter</span> <span class='ocrx_word' id='word_1_302' title='bbox 1490 2308 1666 2344; x_wconf 86' lang='lat' dir='ltr'>reclinato.</span> <span class='ocrx_word' id='word_1_303' title='bbox 1684 2326 1727 2335; x_wconf 89' lang='lat'>—-·</span> 
     </span>
     <span class='ocr_line' id='line_1_54' title="bbox 1054 2360 1726 2406; baseline -0.003 -10"><span class='ocrx_word' id='word_1_304' title='bbox 1054 2361 1179 2396; x_wconf 87' lang='lat' dir='ltr'>Nescio</span> <span class='ocrx_word' id='word_1_305' title='bbox 1194 2361 1269 2406; x_wconf 86' lang='lat' dir='ltr'>quis</span> <span class='ocrx_word' id='word_1_306' title='bbox 1279 2363 1557 2395; x_wconf 77' lang='lat' dir='ltr'>man&#39;lilacertum</span> <span class='ocrx_word' id='word_1_307' title='bbox 1567 2387 1575 2400; x_wconf 94' lang='lat'>,</span> <span class='ocrx_word' id='word_1_308' title='bbox 1592 2360 1726 2395; x_wconf 83' lang='lat' dir='ltr'>intelli-</span> 
     </span>
     <span class='ocr_line' id='line_1_55' title="bbox 1054 2411 1726 2458; baseline -0.001 -11"><span class='ocrx_word' id='word_1_309' title='bbox 1054 2413 1208 2458; x_wconf 85' lang='lat' dir='ltr'>gendum</span> <span class='ocrx_word' id='word_1_310' title='bbox 1221 2411 1473 2447; x_wconf 78' lang='lat' dir='ltr'>contendebat!</span> <span class='ocrx_word' id='word_1_311' title='bbox 1492 2411 1567 2456; x_wconf 84' lang='lat' dir='ltr'>Qui</span> <span class='ocrx_word' id='word_1_312' title='bbox 1579 2425 1662 2446; x_wconf 86' lang='lat' dir='ltr'>vero</span> <span class='ocrx_word' id='word_1_313' title='bbox 1678 2412 1726 2447; x_wconf 83' lang='lat' dir='ltr'>sic</span> 
     </span>
     <span class='ocr_line' id='line_1_56' title="bbox 1051 2463 1724 2510; baseline -0.001 -11"><span class='ocrx_word' id='word_1_314' title='bbox 1051 2464 1322 2510; x_wconf 83' lang='lat' dir='ltr'>interpretatur,</span> <span class='ocrx_word' id='word_1_315' title='bbox 1345 2470 1484 2509; x_wconf 85' lang='lat' dir='ltr'>poetam</span> <span class='ocrx_word' id='word_1_316' title='bbox 1504 2477 1539 2499; x_wconf 87' lang='lat' dir='ltr'>se</span> <span class='ocrx_word' id='word_1_317' title='bbox 1567 2463 1724 2498; x_wconf 74' lang='lat' dir='ltr'>occidisse</span> 
     </span>
     <span class='ocr_line' id='line_1_57' title="bbox 1051 2515 1723 2561; baseline -0.001 -11"><span class='ocrx_word' id='word_1_318' title='bbox 1051 2517 1178 2551; x_wconf 83' lang='lat' dir='ltr'>merito</span> <span class='ocrx_word' id='word_1_319' title='bbox 1194 2516 1380 2561; x_wconf 80' lang='lat' dir='ltr'>jactaverit.</span> <span class='ocrx_word' id='word_1_320' title='bbox 1406 2515 1588 2551; x_wconf 86' lang='lat' dir='ltr'>Notandus</span> <span class='ocrx_word' id='word_1_321' title='bbox 1609 2515 1647 2549; x_wconf 82' lang='lat' dir='ltr'>in</span> <span class='ocrx_word' id='word_1_322' title='bbox 1661 2527 1723 2549; x_wconf 87' lang='lat' dir='ltr'>se-</span> 
     </span>
    </p>
   </div>
   <div class='ocr_carea' id='block_1_11' title="bbox 1047 2568 1461 2613">
    <p class='ocr_par' dir='ltr' id='par_1_17' title="bbox 1047 2568 1461 2613">
     <span class='ocr_line' id='line_1_58' title="bbox 1047 2568 1461 2613; baseline -0.002 -12"><span class='ocrx_word' id='word_1_323' title='bbox 1047 2568 1172 2613; x_wconf 82' lang='lat' dir='ltr'>quenti</span> <span class='ocrx_word' id='word_1_324' title='bbox 1185 2594 1194 2612; x_wconf 89' lang='lat'>,</span> <span class='ocrx_word' id='word_1_325' title='bbox 1212 2570 1319 2601; x_wconf 78' lang='lat' dir='ltr'>lectus</span> <span class='ocrx_word' id='word_1_326' title='bbox 1332 2569 1461 2601; x_wconf 79' lang='lat' dir='ltr'>caelebs.</span> 
     </span>
    </p>
   </div>
   <div class='ocr_carea' id='block_1_12' title="bbox 1049 2619 1721 2821">
    <p class='ocr_par' dir='ltr' id='par_1_18' title="bbox 1049 2619 1721 2821">
     <span class='ocr_line' id='line_1_59' title="bbox 1098 2619 1721 2667; baseline -0.005 -14"><span class='ocrx_word' id='word_1_327' title='bbox 1098 2632 1170 2667; x_wconf 84' lang='lat'><strong>¹⁰9·</strong></span> <span class='ocrx_word' id='word_1_328' title='bbox 1186 2621 1255 2654; x_wconf 85' lang='lat' dir='ltr'>Sed</span> <span class='ocrx_word' id='word_1_329' title='bbox 1265 2624 1326 2654; x_wconf 81' lang='lat' dir='ltr'>tua</span> <span class='ocrx_word' id='word_1_330' title='bbox 1335 2632 1397 2653; x_wconf 78' lang='lat' dir='ltr'>cut</span> <span class='ocrx_word' id='word_1_331' title='bbox 1408 2620 1504 2652; x_wconf 77' lang='lat' dir='ltr'>nobis</span> <span class='ocrx_word' id='word_1_332' title='bbox 1510 2619 1644 2662; x_wconf 79' lang='lat' dir='ltr'>pallens</span> <span class='ocrx_word' id='word_1_333' title='bbox 1657 2622 1721 2651; x_wconf 84' lang='lat' dir='ltr'>etc.</span> 
     </span>
     <span class='ocr_line' id='line_1_60' title="bbox 1052 2667 1721 2716; baseline -0.009 -10"><span class='ocrx_word' id='word_1_334' title='bbox 1052 2672 1175 2707; x_wconf 79' lang='lat' dir='ltr'>Nescio</span> <span class='ocrx_word' id='word_1_335' title='bbox 1187 2670 1271 2716; x_wconf 83' lang='lat' dir='ltr'>quid</span> <span class='ocrx_word' id='word_1_336' title='bbox 1282 2671 1364 2705; x_wconf 84' lang='lat' dir='ltr'>mali</span> <span class='ocrx_word' id='word_1_337' title='bbox 1372 2669 1528 2716; x_wconf 70' lang='lat' dir='ltr'>praesagit</span> <span class='ocrx_word' id='word_1_338' title='bbox 1539 2683 1548 2710; x_wconf 67' lang='grc' dir='ltr'>ς</span> <span class='ocrx_word' id='word_1_339' title='bbox 1566 2667 1721 2713; x_wconf 78' lang='lat' dir='ltr'>praesagit</span> 
     </span>
     <span class='ocr_line' id='line_1_61' title="bbox 1049 2719 1721 2766; baseline -0.006 -9"><span class='ocrx_word' id='word_1_340' title='bbox 1049 2730 1168 2758; x_wconf 85' lang='lat' dir='ltr'>tamen</span> <span class='ocrx_word' id='word_1_341' title='bbox 1179 2750 1189 2766; x_wconf 91' lang='lat'>,</span> <span class='ocrx_word' id='word_1_342' title='bbox 1213 2730 1249 2758; x_wconf 92' lang='lat' dir='ltr'>et</span> <span class='ocrx_word' id='word_1_343' title='bbox 1263 2722 1361 2758; x_wconf 80' lang='lat' dir='ltr'>valde</span> <span class='ocrx_word' id='word_1_344' title='bbox 1385 2722 1553 2757; x_wconf 84' lang='lat' dir='ltr'>turbatur.</span> <span class='ocrx_word' id='word_1_345' title='bbox 1579 2719 1721 2766; x_wconf 73' lang='lat' dir='ltr'>Expres-</span> 
     </span>
     <span class='ocr_line' id='line_1_62' title="bbox 1049 2773 1596 2821; baseline -0.007 -10"><span class='ocrx_word' id='word_1_346' title='bbox 1049 2789 1127 2811; x_wconf 82' lang='lat' dir='ltr'>sum</span> <span class='ocrx_word' id='word_1_347' title='bbox 1142 2789 1222 2812; x_wconf 83' lang='lat' dir='ltr'>vere</span> <span class='ocrx_word' id='word_1_348' title='bbox 1239 2789 1256 2810; x_wconf 78' lang='lat' dir='ltr'>e</span> <span class='ocrx_word' id='word_1_349' title='bbox 1274 2776 1380 2821; x_wconf 79' lang='lat' dir='ltr'>genio</span> <span class='ocrx_word' id='word_1_350' title='bbox 1395 2773 1596 2809; x_wconf 82' lang='lat' dir='ltr'>amantium.</span> 
     </span>
    </p>
   </div>
  </div>
 </body>
</html>
