1884 3112
302 273 398 308 xxn
821 260 1207 308 PRAEFATIO.

291 373 408 416 tem.
428 361 503 410 An
518 379 611 409 non
628 360 746 410 dicas
768 361 1052 428 interpretes,
1078 363 1131 411 de
1157 361 1319 429 quibus
1335 360 1409 411 hic
1429 378 1594 422 sermo,
1625 375 1720 413 om³⁴

305 449 381 497 nia
394 486 407 508 ,
432 460 484 496 ut
500 448 635 497 Plinii
652 448 796 497 verbis
818 461 933 507 utar,
952 450 1013 497 ad
1030 450 1349 507 ostentationem,
1375 449 1434 498 ad
1448 448 1735 499 conscientian*-

307 548 453 584 autem
466 555 588 602 paene
603 535 716 583 nihil
730 536 960 585 retulisse?
977 537 1101 601 Quid
1116 537 1231 586 enim
1242 537 1328 585 sibi
1342 535 1577 585 voluerunt
1587 535 1718 595 aliud,

306 623 412 671 dum
443 624 528 670 toti
559 609 606 670 in
638 623 912 672 cumulandis
945 623 1156 690 exemplis
1169 662 1180 682 ,
1212 636 1256 671 et
1283 623 1394 672 locis
1427 622 1722 690 undequaque

307 709 539 758 evocandis
551 747 564 768 ,
589 710 657 759 vel
679 730 815 777 quum
831 710 946 759 nihil
967 729 1149 778 prorsus
1169 712 1336 761 faciunt
1356 712 1411 760 ad
1432 711 1583 761 locum
1598 709 1724 760 illus-‘-

305 798 513 848 trandum
525 837 536 857 ,
555 799 642 847 nisi
660 811 710 847 ut
723 837 735 858 ,
761 818 842 866 qua
858 799 957 847 data
963 811 1106 866 porta,
1130 813 1278 848 rueret
1294 812 1526 849 ventosum
1545 817 1721 863 agmen,

307 887 429 954 quod
437 887 647 936 lectorem
663 899 971 954 auctoremque
984 888 1133 936 eadem
1147 887 1277 935 simul
1289 888 1415 936 ruina
1429 887 1725 954 opprimeret?

370 975 577 1024 Sterilem
598 975 711 1023 hanc
738 988 783 1023 et
804 976 1108 1042 intempestive
1139 975 1435 1025 luxuriantem
1463 960 1724 1025 eruditionis

306 1061 574 1128 proluviem,
601 1082 652 1111 eo
670 1063 809 1125 magis
828 1063 1190 1129 compescendam
1208 1063 1375 1121 curavi,
1401 1082 1490 1130 quo
1506 1081 1724 1112 senseram

307 1150 466 1199 melius
488 1149 601 1198 nihil
618 1151 721 1199 inde
743 1151 948 1199 utilitatis
968 1151 1228 1217 scriptorem
1243 1189 1254 1210 ,
1290 1151 1498 1199 lectorem
1511 1150 1626 1198 nihil
1640 1168 1726 1199 un-

309 1256 440 1305 quam
454 1237 714 1303 percepisse.
737 1259 759 1280 «
773 1237 866 1285 Sibi
876 1238 1006 1295 enim,
1019 1257 1097 1285 non
1115 1238 1270 1304 legenti,
1289 1251 1418 1286 notas
1431 1239 1506 1286 isti
1518 1237 1724 1286 videntur

308 1325 593 1391 compegisse.
616 1346 639 1368 >›
656 1325 811 1390 Neque
826 1344 908 1388 ego
920 1325 1026 1383 haec,
1047 1325 1125 1373 sed
1143 1324 1319 1373 ClariSS.
1345 1327 1580 1384 HEYNIUS,
1597 1326 1723 1391 cujus

307 1411 612 1461 auctoritatem
638 1411 788 1460 nullus
820 1424 888 1460 est
916 1431 1018 1460 sane
1046 1412 1160 1459 inter
1188 1423 1444 1478 praestantes
1475 1411 1722 1462 eruditione

307 1500 427 1548 viros
443 1499 519 1565 qui
538 1511 729 1558 recuset,
745 1499 814 1547 vel
830 1499 987 1548 debeat
1004 1517 1217 1547 recusare.
1244 1499 1346 1546 Scio
1363 1492 1480 1547 enim
1491 1518 1586 1547 non
1601 1518 1724 1566 aeque

307 1587 428 1654 apud
447 1606 598 1635 omnes
620 1587 770 1635 audire
789 1587 931 1635 virum
946 1624 958 1645 ,
986 1586 1063 1652 qui
1086 1605 1246 1634 novam
1267 1577 1593 1652 interpretandi.
1610 1588 1724 1636 viam

309 1694 448 1741 quum
476 1674 723 1740 aperuerit,
756 1692 837 1721 nec
862 1673 1104 1721 doctiorem
1134 1692 1179 1721 se
1198 1711 1210 1732 ,
1242 1674 1320 1722 sed
1352 1673 1534 1722 doctum
1565 1673 1724 1723 melius

308 1763 474 1811 caeteris
492 1761 764 1828 probaverit,
783 1780 834 1809 eo
849 1761 950 1827 ipso
966 1760 1088 1827 quod
1105 1772 1271 1809 tentata
1286 1774 1354 1809 res
1368 1760 1553 1810 feliciter
1569 1761 1723 1810 admo-

310 1850 415 1899 dum
430 1862 635 1908 cesserat,
656 1850 842 1898 istorum
860 1867 998 1911 genus
1014 1867 1142 1897 omne
1158 1849 1206 1896 in
1223 1868 1267 1897 se
1286 1849 1520 1897 concitavit
1531 1849 1723 1916 ,quibus

307 1939 449 1987 tutius
470 1937 612 1987 multo
638 1949 682 1985 et
703 1935 873 1985 facilius
895 1947 987 1984 erat
1010 1936 1124 1983 tritis
1151 1935 1407 2000 jamdudum
1429 1937 1625 2000 vestigiis
1653 1937 1723 1984 in·—

307 2026 461 2075 sistere
475 2063 487 2083 ,
527 2044 658 2091 quam
680 2025 764 2073 iter
791 2043 1026 2091 operosum
1049 2023 1194 2072 moliri
1217 2024 1263 2071 in
1284 2023 1547 2086 regionibus<
1567 2042 1676 2090 quas
1697 2043 1721 2073 e

306 2112 554 2179 longinquo
581 2125 751 2160 tantum
780 2123 1097 2178 prospexerant
1115 2148 1128 2168 ,
1165 2111 1384 2177 nobisque
1416 2123 1722 2177 praemonstra-

304 2217 457 2255 verant
489 2204 697 2271 Micyllus
712 2242 722 2260 ,
756 2204 966 2254 Ciofanus
987 2215 1032 2251 et
1058 2202 1132 2252 alii
1157 2202 1335 2270 quidam
1355 2203 1552 2269 ejusdem
1581 2204 1723 2253 aetatis

305 2294 543 2359 scriptores
567 2291 800 2358 philologi.
1581 2277 1582 2280 Ἴ

369 2382 474 2429 Non
496 2378 728 2427 defuerunt
745 2379 883 2441 igitur
909 2379 1084 2445 Heynio
1107 2377 1250 2426 laudis
1270 2397 1358 2427 suae
1386 2362 1693 2427 detrectatores
1707 2396 1729 2435 ,ν

303 2467 380 2516 sed
392 2467 507 2515 inter
526 2467 866 2515 conviciantium
885 2465 1096 2515 clamores
1110 2465 1371 2524 malevolos,
1389 2465 1547 2514 clarior
1560 2465 1607 2511 in
1625 2463 1725 2512 dies>

307 2556 467 2602 summi
485 2554 567 2603 viri
595 2554 707 2602 fama
729 2556 955 2620 Europam
976 2572 1148 2601 omnem
1170 2552 1492 2619 perlustrabat;
1527 2563 1572 2599 et
1598 2551 1721 2599 VIR-

306 2653 484 2689 GILIUM
513 2641 637 2706 quasi
660 2641 921 2699 redivivum,
948 2658 1116 2706 suoque
1135 2640 1224 2705 jam
1249 2638 1480 2706 splendore
1499 2636 1724 2686 collucen-

305 2739 394 2779 tem
417 2728 640 2778 certabant
663 2727 846 2795 populi,
872 2728 971 2795 quis
991 2728 1224 2792 magnifico
1248 2727 1386 2791 magis
1408 2725 1643 2792 adparatu,
1675 2736 1723 2772 et
