1884 3112
567 290 876 337 CYDIPPE
918 272 1261 337 AGON'r'lo.
1544 291 1632 352 337

195 384 412 438 Protinus
433 403 640 450 egressae,
666 386 873 454 Superis,
900 385 1068 453 quibus
1090 384 1238 434 insula
1259 402 1381 434 sacra
1403 395 1491 443 est,

260 464 396 515 Flava
414 463 616 514 salutatis
641 476 743 514 tura
766 483 1026 531 merumque
1052 463 1239 522 damus·;

198 544 410 610 Dumque
430 561 592 610 parens
615 561 711 593 aras
736 542 887 591 votivo
907 541 1123 605 sanguine
1146 540 1305 604 tingit,

265 621 484 688 Festaque
504 619 694 669 fumosis
716 619 880 684 ingerit
900 629 999 668 exta
1020 617 1156 675 focis;

200 698 366 750 Sedula
387 717 458 748 me
481 698 635 747 nutrix
658 697 766 747 alias
790 712 971 765 quoque
992 695 1117 744 ducit
1139 695 1189 742 in
1208 694 1321 743 aedes
1337 707 1354 754 ‚⁴
1594 710 1640 756 95

268 779 569 844 Erramusque
589 795 702 839 vago
726 794 808 843 per
825 774 922 824 loca
944 793 1066 823 sacra
1087 772 1231 840 pede3

201 855 266 905 Et
285 854 423 904 modo
446 853 700 922 porticibus
723 853 916 920 spatior,
941 852 1077 901 modo
1102 870 1290 901 munera
1309 870 1466 915 regum

262 932 439 1001 ·Miror;
457 943 506 990 et
524 931 573 980 in
597 931 770 981 cunctis
794 931 958 980 stantia
982 931 1110 996 signa
1130 922 1255 980 locis.

205 1010 356 1060 Miror
377 1021 424 1060 et
443 1008 691 1058 innumeris
711 1020 926 1058 structam
947 1009 1002 1058 de
1025 1009 1242 1058 cornibus
1266 1027 1386 1057 aram
1400 1046 1414 1068 ‚

270 1090 333 1138 Et
355 1087 412 1137 de
435 1106 526 1154 qua
546 1087 725 1154 pariens
749 1087 909 1137 arbore
927 1087 1032 1137 nixa
1055 1088 1152 1136 Dea
1174 1099 1268 1146 est;
1587 1111 1649 1135 100

203 1170 270 1220 Et
292 1186 392 1236 quae
412 1178 626 1235 praeterea
647 1169 822 1232 (neque
846 1166 964 1215 enim
986 1165 1242 1224 meminive,
1264 1163 1429 1215 libetve
1439 1179 1455 1225 ,·

275 1246 516 1315 Quidquid
538 1246 606 1296 ibi
627 1245 742 1305 vidi,
769 1244 944 1308 dicere)
968 1242 1109 1293 Delos
1129 1243 1280 1292 habet.

207 1326 420 1376 Forsitan
441 1325 535 1375 haec
556 1335 788 1392 spectans,
816 1342 843 1372 a
865 1335 908 1372 te
933 1321 1190 1390 spectabar‚
1215 1320 1381 1371 Aconti
1396 1334 1415 1380 ;'

275 1403 475 1471 Visaque
496 1402 758 1470 simplicitas
781 1414 850 1451 est
869 1420 967 1451 mea
987 1420 1120 1469 posse
1144 1400 1258 1469 capi.

210 1484 267 1533 In
290 1482 509 1550 templum
529 1481 663 1531 redeo
690 1480 904 1545 gradibus
928 1478 1120 1529 sublime
1144 1478 1301 1528 Dianae
1320 1496 1332 1526 :
1589 1491 1652 1527 m5

277 1560 443 1610 Tutior
462 1560 551 1609 hoc
573 1559 727 1626 ecquis
751 1558 909 1607 debuit
931 1577 1026 1607 esse
1049 1557 1202 1606 locus.
1191 1558 1213 1593 Ρ

211 1639 418 1690 Mittitur
438 1649 541 1688 ante
564 1636 703 1705 pedes
725 1629 914 1695 malum,
942 1655 1044 1686 cum
1065 1623 1259 1685 carmine
1284 1631 1376 1683 tali.

254 1785 438 1835 91.Sacm.
452 1785 567 1820 Gmla
577 1782 762 1819 Mediceus
770 1790 806 1818 et
818 1783 898 1819 Sar—

212 1837 313 1883 ravii,
321 1849 386 1884 pro
392 1836 488 1872 varia
495 1836 663 1872 lectione:
672 1842 708 1871 et
714 1843 808 1871 certe
815 1849 899 1871 mox

212 1893 292 1927 loca
303 1902 406 1926 sacra
418 1888 588 1936 sequitur.
598 1888 736 1925 Eadem
751 1889 899 1925 varietas

214 1942 296 1979 alibi
306 1943 522 1979 observatur.
532 1941 615 1977 Vid.
623 1953 655 1986 1,
668 1942 765 1977 Pont
777 1952 837 1987 111,
845 1942 899 1976 80.

259 1997 314 2046 94.
335 1997 503 2041 ststaeque
512 1994 664 2040 fumosis·
681 1997 805 2038 ingerit
818 1997 902 2028 exta

207 2048 317 2096 ῥοὴ.
328 2046 736 2095 Sectaquescrlbendum,
744 2059 782 2081 m
771 2045 902 2081 fallor

220 2102 312 2138 Fast.
324 2111 383 2146 ιν,
400 2099 492 2135 638:

251 2157 424 2194 Sectaque&
425 2158 506 2184 mosis
493 2162 575 2184 sext·
585 2157 679 2183 dedere
692 2156 733 2182 soc
745 2165 766 2182 ι.
745 2157 888 2184 urhun.

263 2221 319 2257 99.
329 2209 388 2244 De
402 2209 566 2243 comibus.
578 2207 662 2242 Non
672 2219 738 2252 ego
750 2205 906 2242 hocloco

221 2259 339 2307 plura,
356 2271 466 2306 quam
479 2271 557 2306 quae
574 2257 769 2294 Politianus
785 2257 831 2292 de
847 2270 907 2292 ara

221 2311 319 2348 Delii
331 2312 504 2359 Apollinis
514 2325 556 2348 ex
566 2312 731 2348 cornibus
741 2313 831 2347 facta
841 2312 908 2347 sre-

222 2365 411 2412 quentibus
419 2392 429 2410 ,
440 2363 568 2400 addam
578 2379 587 2407 ς
597 2364 640 2399 ad
651 2365 751 2399 illum
764 2364 908 2410 diligen—

221 2424 298 2453 tem
327 2417 497 2455 lectorem
524 2417 730 2463 relegamus.
762 2416 908 2452 Eoum.

222 2469 316 2505 Vide
333 2468 537 2505 Callimach.
551 2468 662 2516 Hym.
678 2468 780 2515 Apol.
794 2469 837 2503 68
849 2494 859 2513 ,
873 2475 910 2504 et

221 2535 297 2569 sqq.
305 2522 387 2558 etin
395 2521 476 2557 Del.
488 2522 573 2570 3193
585 2529 621 2557 et
631 2522 678 2557 ibi
688 2522 908 2568 interpretes.

270 2587 345 2610 100.
367 2576 420 2610 Et
428 2576 473 2610 de
485 2588 551 2621 qua
558 2577 698 2620 patiens
711 2581 776 2610 etc.
793 2573 910 2610 Calli-

222 2627 357 2674 mach.‚'
367 2627 505 2677 Hymn.
517 2628 554 2663 in
566 2628 699 2664 Delum
708 2654 718 2673 ,
732 2632 910 2677 209,'sqq.:

224 2682 350 2718 Λύσατο
365 2682 400 2717 δι’
411 2683 510 2725 ζώνῃν
521 2707 531 2727 ,
549 2682 608 2717 ἀπὸ
623 2685 656 2717 δὲ
668 2683 764 2723 exlio„
782 2685 911 2727 ’ίμκαλιν

316 2750 412 2779 upote

226 2790 358 2826 §uticum
382 2791 453 2823 «oei
472 2788 599 2835 κρίμνον
613 2811 624 2831 ,
645 2788 827 2833 ingentu
858 2788 913 2823 ³223

319 2844 428 2891 λυγρῆς

962 1781 1140 1834 Τείρομένη·
1147 1783 1242 1822 uiuo»,-
1252 1786 1284 1818 οἳ
1294 1783 1349 1818 διὰ
1356 1782 1444 1832 χροός
1450 1783 1544 1832 ’ἔῤῥεεν
1553 1782 1655 1832 ἷῶρὦς.

962 1834 1008 1862 -’
1020 1836 1162 1871 Arbore.
1185 1835 1299 1871 Olivae
1322 1835 1516 1881 pahnaeqne
1544 1835 1654 1869 arbo-

963 1901 1042 1924 rem
1052 1915 1062 1933 ,
1075 1889 1131 1924 cui
1143 1888 1279 1923 Latona
1291 1888 1430 1934 pariens
1446 1887 1566 1922 innixa
1581 1894 1634 1922 est
1643 1914 1654 1932 ,

965 1942 1084 1976 innuit
1099 1941 1171 1987 ipse
1186 1967 1196 1985 ,
1214 1940 1271 1975 lib.
1284 1950 1325 1975 VI
1335 1967 1345 1983 ,
1361 1940 1511 1975 Metam.
1526 1939 1610 1975 335:

966 2002 1026 2027 Inie
1037 2000 1190 2027 incumbens
1202 2010 1263 2026 eum
1273 2000 1388 2025 Pau-dis
1401 2000 1492 2031 arbore
1502 2000 1596 2034 puimu
1605 2019 1615 2032 ,

967 2051 1060 2078 Edidit
1072 2051 1155 2077 invita
1166 2051 1284 2083 geminos
1295 2050 1398 2075 Latona
1407 2057 1528 2074 noverca.

1019 2100 1092 2135 103.
1119 2102 1280 2135 Forsitan
1306 2101 1378 2134 boec
1403 2103 1565 2144 spectans
1592 2106 1657 2135 etc.

970 2153 1055 2190 Non
1073 2153 1215 2197 Ovidii,
1234 2151 1296 2188 sed
1311 2150 1484 2188 Ovidium
1510 2164 1657 2198 operose

970 2206 1144 2242 studentis
1159 2207 1292 2242 referre
1307 2219 1450 2241 versum
1469 2205 1566 2240 huuc
1584 2217 1659 2240 esse

970 2259 1193 2296 crediderim.
1203 2258 1372 2304 Videant,
1387 2259 1446 2305 qui
1456 2258 1661 2294 nasutiores.

1020 2313 1093 2356 104.
1111 2313 1180 2347 Est
1189 2324 1266 2347 mea
1272 2322 1378 2357 posse
1389 2315 1478 2356 capi.
1490 2311 1661 2347 Francius

971 2364 1132 2411 legebat,
1148 2366 1219 2399 Est
1227 2377 1304 2399 mea
1315 2366 1420 2409 digna
1431 2367 1520 2410 capi.

1021 2431 1034 2452 1
1040 2429 1095 2463 07.
1102 2417 1340 2452 Mintur-ante
1342 2418 1451 2462 pedes
1460 2418 1587 2451 malum
1596 2422 1661 2451 etc.

974 2470 1069 2505 Rern
1081 2469 1130 2505 sic
1146 2476 1292 2505 venuste
1311 2469 1455 2515 exponit
1467 2468 1662 2504 Aristenae-

974 2529 1057 2557 tus:
1071 2518 1186 2558 Ᾱυτίκα
1208 2529 1279 2567 γοῦν
1299 2524 1379 2558 κατὰ
1393 2524 1427 2558 τὲ
1454 2514 1661 2569 Apustium,

976 2576 1042 2614 ὦςε
1033 2575 1142 2610 εἐθασω
1161 2576 1389 2633 προκαθημένην
1410 2580 1465 2615 τὴν
1487 2577 1593 2625 x'v'fnv,
1613 2589 1665 2609 του

975 2631 1070 2668 κήπου
1093 2633 1148 2668 τῖς
1161 2619 1347 2677 Δγροὸῖτης
1369 2629 1514 2662 κυδώνιον
1535 2627 1665 2671 ε’κλεξέ-

976 2696 1032 2725 μεν
1035 2695 1064 2718 ος
1072 2680 1205 2724 μῆλον,’
1190 2695 1308 2720 ακατης
1320 2681 1402 2728 burgo
1408 2679 1664 2730 xepeyeyp'oipnxoeg

977 2735 1071 2777 λάχον·
1089 2737 1142 2768 καὶ
1157 2733 1251 2782 λάθρα
1269 2734 1440 2772 δίεκυλισας
1455 2734 1512 2783 «ρό
1533 2739 1594 2767 τῶν
1610 2739 1666 2772 τῆς

977 2790 1166 2835 ,θεραπαίνης
1189 2789 1299 2820 ποδῶν.
1324 2789 1340 2827 ἦ
1362 2789 1394 2820 δε
1414 2801 1448 2821 το
1463 2787 1586 2830 μέγεθος
1608 2789 1665 2820 καὶ

978 2844 1034 2881 τὴν
1045 2841 1153 2890 χροιὰν
1163 2843 1391 2884 καταπλαγεῖσαι
1401 2865 1410 2883 ,
1420 2838 1572 2885 ἇνῇρπασε
1575 2854 1589 2872 ν
1599 2852 1666 2880 «μοι
