1884 3112
617 239 972 311 PENELOPE
1003 267 1222 316 UL1x1.
1584 286 1627 312 ιι

271 347 394 406 Dum
414 368 565 424 parat,
584 358 736 407 invitis
761 359 972 409 omnibus
986 398 998 419 ,
1017 360 1082 410 ire
1104 360 1263 429 Pylon.

1572 387 1634 410 100

207 434 269 483 Di
291 454 449 502 precor
468 435 557 485 hoc
577 436 786 503 jubeant,
805 450 881 497 ut,
901 439 1112 488 euntibus
1136 439 1290 488 ordine
1311 438 1440 499 fatis,

272 512 353 563 Ille
374 533 498 564 meos
521 514 675 564 oculos
699 516 984 583 comprimat,
1005 516 1078 566 ille
1104 520 1228 567 tuos!

209 590 310 639 Hoc
330 591 498 640 faciunt
518 603 757 658 custosque
777 592 918 642 boum
931 631 943 652 ‚
963 593 1249 664 longaevaque
1271 596 1450 655 nutrix;

273 668 452 718 Tertius
465 706 478 728 ,
496 669 740 728 immundae,
759 690 864 719 cura
885 670 1028 720 fidelis
1051 673 1182 723 harae.

209 745 299 794 Sed
319 764 463 814 neque
485 747 684 806 Laertes,
706 759 759 796 ut
782 748 860 815 qui
884 748 943 797 sit
963 749 1135 802 inutilis
1158 751 1290 802 armis
1303 789 1323 822 ‚-

1573 767 1634 801 105

273 823 495 873 Hostibus
517 823 564 872 in
587 823 743 873 mediis
765 844 902 889 regna
925 837 1072 877 tenere
1094 827 1221 877 valet.

205 899 470 951 Telemacho
492 902 661 961 veniet,
680 903 798 952 vivat
819 904 956 952 modo
969 943 981 963 ‚
1001 905 1164 954 fortior
1187 917 1317 955 aetas:

270 979 401 1028 Nunc
424 991 518 1028 erat
540 979 713 1029 auxiliis
736 980 813 1029 illa
836 981 1000 1030 tuenda
1022 983 1175 1049 patris.

204 1056 298 1105 Nec
316 1056 428 1105 mihi
450 1069 556 1106 sunt
578 1057 692 1106 vires
715 1058 922 1108 inimicos
944 1058 1107 1126 pellere
1133 1060 1273 1109 tectis.

269 1135 342 1183 Tu
365 1135 495 1184 citius
517 1136 688 1195 venias,
710 1147 869 1203 portus
894 1149 938 1185 et
961 1157 1035 1186 ara
1058 1138 1159 1186 tuis.

1574 1163 1635 1185 110

205 1214 290 1262 Est
310 1213 394 1262 tibi
407 1252 419 1272 ‚
442 1214 587 1281 sitque
608 1233 788 1281 precor,
808 1226 940 1263 natus
953 1252 965 1273 ,
987 1215 1065 1281 qui
1088 1214 1301 1263 mollibus
1325 1214 1453 1263 annis

271 1291 326 1338 In
343 1290 509 1357 patrias
531 1302 645 1339 artes
666 1290 934 1339 erudiendus
956 1303 1060 1339 erat.

208 1366 398 1433 Respice
421 1368 609 1416 Laerten
638 1387 648 1416 ε
672 1379 725 1416 ut
742 1368 831 1433 jam
855 1387 934 1416 sua
958 1367 1126 1417 lumina
1149 1369 1338 1429 condas,

272 1447 532 1494 Extremum
554 1445 634 1494 fati
657 1445 848 1494 sustinet
870 1445 943 1494 ille
969 1446 1098 1512 diem.

207 1615 271 1652 sul)
282 1614 344 1650 fin.
356 1621 392 1650 et
403 1621 429 1651 Π
444 1641 454 1659 ,
468 1603 558 1658 3¹21.)
571 1627 655 1660 quas
666 1626 790 1650 omnes
801 1614 884 1650 Pal-

204 1667 290 1703 ladis
305 1680 371 1714 ope
384 1673 421 1702 et
433 1666 557 1702 auxilio
571 1667 700 1702 vitavit.

253 1733 327 1755 101.
348 1721 516 1754 Euntibus
534 1721 650 1754 ordine
659 1719 763 1764 satis.
788 1719 885 1754 Tur-

204 1773 308 1808 batur
324 1771 451 1819 quippe
465 1772 620 1807 satorum
634 1771 722 1806 ordo
735 1799 745 1817 ,
773 1775 884 1818 quum

206 1825 267 1860 filii
297 1831 378 1860 ante
407 1831 523 1871 patres
551 1825 764 1859 moriuntur.
795 1824 884 1859 Inde

206 1877 366 1921 Tacitus,
382 1877 509 1912 Annal.
527 1889 591 1912 xw
606 1903 616 1922 ,
634 1879 675 1921 4:
694 1892 711 1907 α
726 1877 885 1912 Servavit

205 1931 352 1964 ordinem
377 1930 519 1964 fortuna
534 1944 544 1972 ;
562 1943 601 1964 ac
621 1929 740 1964 senior
763 1929 857 1975 prius
872 1956 882 1974 ‚

206 1989 284 2018 tum
293 1981 349 2018 cui
359 1981 472 2029 prima
481 1988 561 2017 aetas
570 2008 580 2026 ,
589 1981 842 2028 extinguuntur
856 1996 884 2016 ».

253 2035 326 2070 103.
349 2036 428 2070 Hoc
430 2035 575 2080 facc'unt
587 2042 651 2070 ete.
667 2034 767 2079 Quid
780 2034 807 2069 si
820 2047 885 2080 pro

206 2088 270 2122 hoc
280 2087 441 2132 faciunt,
464 2087 620 2134 legamus
637 2089 703 2121 buc
715 2086 882 2132 faciunt,·

207 2139 242 2174 id
257 2147 308 2175 est
320 2167 330 2184 ,
342 2139 404 2175 has
418 2147 533 2186 partes
545 2146 743 2186 sequuntur
755 2154 763 2181 ;
778 2139 862 2174 mihi
875 2166 884 2181 ,

209 2192 343 2228 Laertae
355 2200 391 2228 et
405 2192 617 2228 Telemacho
628 2199 750 2227 contra
764 2204 886 2238 procos

209 2245 347 2280 favent:
366 2244 532 2289 (Cicero,
547 2244 590 2279 ad
607 2245 764 2279 Atticum
778 2272 787 2290 ,
804 2256 859 2279 vn
874 2272 883 2289 ,

211 2295 276 2342 Ep.
292 2297 323 2331 3.
347 2311 364 2327 «
377 2297 516 2333 Omnes
536 2297 740 2342 damnatos,
762 2310 885 2333 omnes

208 2349 400 2395 ignominia
414 2349 565 2385 adfectos
575 2377 584 2395 ,
598 2363 721 2385 omnes
737 2350 886 2386 damna-

208 2402 302 2437 ti0ne
315 2402 576 2448 ignominiaque
597 2402 719 2448 dignos
731 2405 814 2438 illuc
818 2403 886 2448 sa·-

206 2467 281 2488 cete
290 2468 320 2488 ».
333 2453 373 2488 ld
387 2461 457 2498 est,
469 2453 511 2488 ad
522 2461 635 2500 partes
647 2454 792 2490 Caesaris
805 2469 886 2490 conv

204 2506 341 2552 sugere)
354 2505 409 2540 vel
424 2506 520 2540 hunc
532 2519 697 2541 versuum
708 2507 883 2552 ordinem,

205 2558 384 2592 turbatum
410 2557 602 2592 admodum
615 2585 624 2601 ,
638 2559 686 2593 sic
702 2560 885 2594 constitua-

205 2623 284 2645 mus
294 2637 303 2654 ,
317 2610 411 2656 quod
422 2617 458 2645 et
470 2610 680 2656 jampridem
691 2618 884 2648 tentaverat

206 2662 299 2697 Dan.
314 2663 438 2698 Heius.

205 2722 255 2748 Sed
270 2732 354 2757 neque
363 2723 470 2748 Laertes
480 2743 489 2755 ,
508 2729 536 2748 ut
548 2724 594 2757 qui
609 2724 642 2748 sit
659 2724 759 2750 inutilis
770 2727 848 2751 armis
858 2746 866 2758 ‚

255 2771 384 2796 Hostibus
398 2772 425 2797 in
438 2771 528 2797 mediis
540 2781 616 2805 regna
624 2778 711 2798 tenere
722 2774 800 2799 valet.

207 2820 360 2848 Telemacho
372 2821 458 2848 veniet
470 2822 556 2854 (vivat
567 2822 657 2856 modo)
668 2821 759 2849 sortior
769 2828 828 2849 πως
842 2832 849 2847 2

998 1615 1076 1641 Nunc
1090 1620 1146 1641 erat
1156 1616 1262 1641 auxiliis
1275 1616 1320 1641 illa
1331 1616 1427 1642 tuenda
1439 1616 1529 1649 patris.

949 1664 1007 1689 Hoc
1019 1664 1120 1689 faciunt
1127 1665 1137 1698 (
1143 1665 1335 1690 Telemachum
1336 1684 1347 1698 ‚
1354 1671 1380 1690 te
1389 1665 1508 1698 absente,
1512 1666 1634 1698 tuentur)

1016 1715 1162 1748 canosque
1172 1713 1263 1746 boum,
1274 1707 1445 1748 longaevaque‘
1453 1714 1543 1740 nutrix
1550 1720 1601 1739 etc.

948 1763 1006 1789 Nec
1016 1763 1081 1789 mihi
1095 1770 1155 1789 sunt
1164 1765 1233 1790 vires
1242 1769 1292 1789 etc.
1307 1765 1380 1790 LEN-

950 1812 1084 1848 Omnia
1101 1813 1176 1849 haec
1193 1827 1213 1848 a
1228 1814 1326 1848 sonte
1344 1813 1457 1848 alieno
1475 1812 1631 1855 detorta;

950 1873 1075 1912 sponte
1090 1866 1176 1901 :fluit
1192 1867 1435 1912 interpretatio
1453 1879 1460 1900 :
1478 1868 1554 1900 Hoc
1558 1866 1632 1911 sa—

948 1921 1061 1960 ciunt,
1095 1926 1160 1954 etc.
1189 1918 1226 1953 id
1254 1926 1305 1953 est
1321 1947 1330 1963 ,
1364 1918 1460 1953 idem
1491 1931 1632 1953 mecum

943 1975 1138 2016 precantur,
1162 1971 1231 2006 scil.
1249 1978 1288 2005 ut
1306 1973 1360 2005 Di
1362 1971 1526 2015 jubeant,
1546 1977 1610 2006 etc.

998 2038 1010 2057 1
1021 2036 1069 2057 ιο.
1085 2026 1207 2058 Portus
1216 2027 1253 2057 et
1259 2036 1322 2058 ara
1333 2027 1409 2057 tuis.
1419 2022 1634 2058 Constanter

950 2076 1060 2110 nostri
1076 2103 1085 2120 ,
1095 2080 1214 2121 portus
1225 2080 1263 2110 et
1271 2090 1364 2110 aura.
1381 2075 1549 2111 Ciosanus
1562 2088 1632 2110 no·-

949 2134 1000 2162 tat
1018 2141 1035 2162 e
1052 2129 1121 2162 suis
1133 2155 1142 2172 ‚
1160 2132 1279 2172 portus
1299 2133 1337 2162 ct
1353 2139 1440 2171 ara,·
1460 2128 1554 2174 quod
1570 2142 1634 2163 ve—

949 2193 1031 2214 rum
1052 2188 1126 2225 est,
1144 2181 1260 2227 sicque
1275 2181 1547 2216 restituendum.
1572 2181 1630 2216 De

950 2234 1056 2268 Pont.
1073 2246 1102 2269 11
1117 2261 1128 2278 ,
1145 2234 1243 2280 Eleg‚
1257 2246 1329 2270 v111
1344 2260 1354 2278 ,
1375 2235 1429 2269 58.

1008 2298 1061 2321 Vos
1073 2295 1146 2320 eritis
1159 2301 1252 2320 nostrae
1259 2301 1352 2330 portus
1364 2302 1390 2320 et
1400 2304 1451 2319 ara
1462 2294 1538 2327 sugae.

953 2347 1078 2382 Cicero
1092 2345 1129 2380 in
1147 2346 1300 2380 Verrem
1315 2372 1325 2389 ,
1342 2344 1386 2379 de
1401 2344 1521 2390 suppl.
1545 2358 1563 2374 «ι
1577 2343 1634 2378 hic

944 2403 1063 2444 portus
1075 2425 1084 2440 ‚
1119 2397 1193 2433 hoec
1218 2410 1276 2432 arx
1289 2423 1299 2441 ,
1332 2396 1407 2432 haec
1432 2410 1494 2431 ara
1519 2397 1634 2431 socio-

950 2465 1032 2485 rum
1046 2466 1073 2484 ».
1095 2450 1229 2485 HEINS.

999 2519 1011 2538 1
1022 2505 1069 2547 14.
1086 2504 1281 2537 Extremum
1286 2501 1372 2546 sati.
1386 2503 1485 2536 Fatis
1497 2507 1631 2547 septem

950 2556 1066 2601 scripti
1082 2582 1092 2599 ‚
1116 2555 1209 2589 sorte
1239 2561 1333 2589 recte
1348 2581 1358 2598 ‚
1390 2560 1431 2588 ut
1463 2554 1634 2600 intelligat

950 2609 1046 2643 diem
1066 2622 1085 2642 a
1100 2607 1177 2642 satis
1191 2607 1369 2653 scriptum.
1384 2607 1535 2641 Sustinet
1548 2619 1632 2641 vero

950 2668 1001 2696 est
1015 2688 1024 2705 ,
1041 2661 1162 2706 dtsfint
1172 2659 1252 2694 ideo
1263 2686 1273 2703 ,
1286 2666 1326 2694 ut
1340 2659 1486 2694 veniens
1502 2658 1634 2694 condas

950 2714 1025 2758 eius
1040 2713 1183 2748 lumina.
1207 2713 1355 2748 Metam.
1372 2723 1417 2755 x,
1440 2712 1519 2746 188:

949 2774 1028 2800 Nunc
1034 2774 1146 2800 animam
1153 2774 1264 2801 admotis
1270 2774 1410 2807 fugientem
1420 2772 1625 2799 sustinetlmrbis.

948 2825 1047 2850 meax.
