1884 3112
337 239 426 324 446

623 271 712 317 AD
746 273 1004 320 LIVIAM
1041 274 1135 320 AU
1151 277 1442 325 GUSTAM

342 361 464 425 Quid
486 374 671 412 mortem
693 366 777 413 tibi
796 378 949 415 moesta
971 367 1123 431 rogas3
1149 369 1431 439 amplexaque
1454 384 1584 425 natos
1598 411 1612 433 ‚

408 438 600 500 Pignora
623 440 675 488 de
700 442 847 490 Druso
873 443 966 492 sola
984 445 1138 495 relicta
1162 450 1312 497 tenes?
1615 461 1618 465 '

345 514 404 561 Et
425 515 558 563 modo
581 535 660 582 per
678 537 858 568 somnos
882 521 1060 583 agitaris
1083 523 1270 585 imagine
1294 524 1428 584 falsa,
1482 556 1490 564 =

408 591 557 656 Teque
582 604 659 641 tuo
682 594 879 644 Drusum
903 598 1043 646 credis
1067 598 1230 648 habere
1254 600 1386 650 sinu?

1687 542 1752 577 325

344 667 403 712 Et
426 667 575 715 subito
596 681 824 737 tentasque
847 692 1001 733 manu,
1028 694 1263 742 sperasque
1284 689 1533 743 receptum3

410 745 582 808 Quaeris
606 760 650 796 et
672 748 718 797 in
741 751 865 799 vacui
887 764 1011 818 parte
1034 753 1183 818 priore
1208 754 1330 802 tori?

342 819 421 869 Ille
445 822 541 887 pio,
568 825 605 872 si
621 844 712 873 non
739 838 895 877 temere
917 829 1007 878 haec
1032 830 1291 890 creduntur,
1317 832 1364 879 in
1387 827 1490 881 arro

407 901 528 948 Inter
550 902 789 952 honoratos
814 907 1055 973 excipietur
1078 927 1204 966 avos;

1672 939 1675 941 >
1691 911 1757 961 asaf,

343 975 595 1044 Magnaque
618 982 829 1030 maternis
846 984 1111 1049 majoribus,
1132 1003 1254 1051 aequa
1272 986 1464 1050 paternis

411 1051 582 1112 Gloria,
609 1057 881 1123 quadrijugis
905 1079 1063 1109 aureus
1087 1061 1174 1109 ibit
1193 1061 1318 1127 equis
1340 1081 1352 1119 ;

342 1127 585 1194 Regalique
609 1131 788 1191 habitu,
814 1154 1031 1203 curruque
1057 1139 1275 1204 superbus
1299 1138 1471 1186 eburno
1488 1176 1500 1197 ‚

407 1205 579 1255 Fronde
599 1209 854 1276 triumphali
878 1225 1076 1280 tempora
1099 1215 1273 1263 vinctus
1296 1215 1393 1263 erit.

345 1282 609 1348 Accipient
595 1305 797 1350 juvenem
823 1291 1078 1341 Germanica
1101 1292 1226 1355 signa
1245 1292 1457 1341 ferentem

410 1359 652 1409 Consulis'
640 1366 824 1428 lmperio
848 1368 1224 1436 conspicuumque
1250 1369 1415 1422 decus;
1450 1386 1453 1389 ’

1695 1306 1760 1340 335

351 1426 702 1503 Gaudebuntque
725 1458 813 1487 suae
834 1441 992 1488 merito
1017 1441 1279 1504 cognomine
1306 1442 1503 1504 gentis,
1500 1434 1503 1435 ⁷

413 1514 547 1577 Quod
572 1515 716 1564 solum
740 1517 909 1565 domito
934 1518 1075 1566 victor
1097 1519 1152 1566 ab
1177 1519 1304 1567 hoste
1330 1518 1446 1566 tulit.

348 1589 431 1637 Vix
456 1591 632 1640 credent
657 1605 829 1642 tantum
852 1613 998 1643 rerum
1022 1594 1189 1660 cepisse
1213 1605 1282 1642 tot
1304 1613 1474 1643 annos:

414 1669 579 1730 Magna
599 1669 682 1716 viri
706 1669 843 1717 latum
868 1689 1056 1735 quaerere
1080 1670 1192 1719 facta
1216 1670 1375 1718 locum.

350 1829 568 1872 sicpotmnda
575 1835 610 1863 et
616 1828 738 1863 similia
745 1828 837 1874 apud
848 1828 1027 1864 Ovidium.

397 1881 471 1914 325.
495 1881 649 1924 Agitatis
658 1884 804 1925 imagine
806 1880 917 1924 salta.
933 1881 1029 1915 Tur-

353 1932 444 1967 baris
457 1945 519 1977 per
534 1944 674 1967 somnos
689 1940 724 1966 et
740 1932 1030 1977 inquietarisima-

350 1988 430 2028 gine
441 2011 450 2025 ‚
464 1997 541 2029 quae
554 1990 654 2019 tuum
669 1997 827 2020 amorem
839 1983 944 2027 ludit,
959 1984 1030 2018 ina-

355 2049 440 2070 nem
463 2036 526 2070 tibi
548 2036 705 2071 Drusum
727 2037 877 2070 offerens
888 2061 898 2079 ‚
924 2047 1031 2080 quem

355 2088 482 2123 frustra
498 2088 621 2133 quaeris
636 2092 672 2123 in
686 2092 791 2123 vacui
796 2091 897 2132 parte
914 2090 986 2121 lon'.

401 2140 477 2173 330.
493 2142 590 2175 Inter
599 2142 779 2175 honoratos
790 2147 855 2175 etc.
870 2140 1030 2184 Propert.

358 2191 415 2226 lib.
433 2202 472 2226 1v
485 2218 494 2235 ,
512 2191 607 2237 Eleg.
624 2203 663 2227 XI
675 2218 685 2235 ,
702 2205 790 2227 vers.
805 2192 865 2227 ult.
879 2204 888 2226 ε

389 2246 471 2278 Cujus
483 2247 615 2271 honoratis
627 2255 684 2271 0⁵⁵1·
694 2246 822 2271 vehuntur
834 2248 896 2272 aris.

364 2294 457 2338 Quae
472 2294 574 2328 lectio
588 2294 818 2329 Brouckhusii
833 2301 884 2329 est
897 2308 908 2337 ·,
926 2307 1036 2340 quum

361 2353 443 2380 ante
459 2358 581 2380 omnes
594 2371 604 2388 ,
627 2350 720 2390 equis
736 2353 795 2380 aut
810 2350 906 2391 aquis
921 2346 1035 2381 habe-

361 2404 450 2447 rent.
467 2397 638 2432 Innuerat
655 2398 840 2441 Heinsius„
856 2399 1034 2442 struatur,

362 2462 436 2484 non
468 2456 587 2483 autem
614 2449 780 2493 fruantur
794 2477 803 2491 ,
849 2457 935 2485 teste
963 2450 1036 2495 ipso

363 2501 535 2536 Brouckh.
553 2508 593 2535 ut
608 2501 698 2536 male
713 2502 883 2537 Burman.
900 2502 1015 2536 editio.

407 2554 481 2587 333.
505 2555 688 2598 Begalt‘que
700 2555 816 2588 habitu
831 2562 895 2588 etc.
911 2554 1035 2589 Recte:

363 2617 446 2639 nam
458 2618 564 2650 quem
576 2618 670 2640 mors
687 2606 803 2640 Druso
814 2606 1039 2651 praeripuerat

366 2658 584 2702 triumphum
595 2684 604 2702 ,
622 2661 658 2692 in
671 2671 754 2693 arvo
760 2661 821 2703 pio
837 2664 938 2703 poeta
952 2670 1039 2692 con-

365 2708 456 2743 cedit
470 2735 479 2753 ‚
502 2709 671 2755 fingitque
693 2711 734 2745 ab
757 2711 826 2745 avis
847 2710 1038 2744 honorifice

358 2767 543 2806 exceptum
559 2787 568 2806 ,
586 2763 644 2807 qui
652 2765 821 2807 gaudent,
842 2762 935 2808 quod
948 2775 1039 2797 unus

1700 1648 1764 1730 34e

1093 1843 1112 1863 e
1142 1829 1210 1864 suis
1237 1831 1434 1864 Germanici
1459 1828 1591 1874 primus
1617 1832 1767 1864 men'tum

1093 1893 1290 1926 cognomen
1314 1881 1514 1916 Drusorum
1533 1887 1569 1915 et
1593 1879 1767 1916 Claudio-

1093 1945 1174 1966 rum
1190 1932 1327 1966 nomini
1343 1931 1525 1967 addiderit.

1138 1984 1213 2031 339.
1253 1986 1321 2019 Vix
1344 1985 1482 2018 cmdent
1509 1987 1638 2018 tantum
1664 1995 1769 2019 mum

1094 2038 1224 2080 cepis-se
1245 2039 1298 2069 lot
1318 2048 1439 2071 annos«
1466 2035 1534 2070 vix
1550 2035 1771 2070 credent—tot

1097 2093 1279 2132 tantasque
1294 2099 1348 2122 res
1359 2112 1369 2130 ‚
1394 2093 1465 2121 tam
1480 2086 1576 2122 brevi
1590 2097 1766 2121 annorum

1095 2139 1208 2184 spatio
1223 2139 1348 2174 confici
1364 2139 1525 2184 potuisse.
1536 2155 1582 2166 —
1602 2140 1686 2179 Tot,
1707 2151 1771 2184 pro

1099 2190 1233 2235 paucis,
1250 2191 1389 2235 vulgare
1405 2190 1495 2236 apud
1513 2197 1640 2236 poetas.
1654 2192 1709 2224 De
1722 2195 1774 2229 tot

1098 2245 1280 2284 sororibus,
1299 2242 1382 2277 dixit
1396 2241 1501 2277 ovid.
1517 2243 1605 2277 Met.
1618 2253 1670 2285 lv,
1685 2240 1749 2286 418
1760 2268 1771 2286 ‚

1101 2307 1211 2339 quum
1226 2296 1268 2328 de
1283 2297 1389 2329 tribus
1402 2293 1510 2328 modo
1525 2294 1581 2328 hic
1595 2301 1724 2339 agatur.

1143 2347 1218 2390 340.
1251 2349 1382 2391 Magna
1404 2350 1475 2380 viri
1499 2348 1606 2381 latum
1634 2357 1773 2390 querere

1091 2400 1198 2443 facta
1233 2402 1349 2434 locum.
1399 2398 1574 2443 Quamvis
1605 2396 1774 2432 concedat

1101 2451 1223 2485 Burm.
1252 2457 1287 2485 et
1312 2450 1475 2495 exemplis
1502 2449 1621 2484 firmet
1632 2475 1642 2493 ‚
1666 2451 1774 2483 locum

1101 2517 1165 2549 pro
1183 2504 1347 2549 temporis
1367 2502 1515 2549 spatium
1531 2502 1622 2537 sumi
1648 2513 1744 2547 posse
1761 2526 1772 2543 ‚

1101 2563 1207 2601 negat
1217 2563 1335 2590 tamen
1346 2558 1452 2589 latum
1464 2557 1572 2589 locam
1582 2581 1591 2595 ‚
1608 2565 1673 2599 pro
1683 2560 1775 2587 tem-

1102 2608 1194 2653 poris
1207 2608 1316 2653 spatio
1333 2606 1491 2652 ampliori
1507 2619 1578 2641 esse
1593 2605 1649 2640 hic
1663 2603 1772 2639 intel-

1101 2659 1304 2705 ligendum;
1327 2659 1535 2703 conjicitque
1551 2668 1560 2690 ε

1101 2715 1198 2746 Magna
1212 2714 1262 2739 viri
1272 2714 1364 2739 laetum
1375 2722 1487 2746 quarere
1498 2712 1566 2738 saeta
1576 2711 1693 2736 modam.

1104 2762 1175 2805 Ut,
1193 2762 1327 2807 inquit,
1350 2763 1467 2797 modus
1489 2763 1582 2795 lalus
1609 2757 1774 2803 temporis
