1884 3112
567 272 928 318 PENELOPE
960 275 1180 320 ULIXI.

1563 368 1566 371 ’
1565 277 1589 318 0«

159 363 260 412 Sive
281 363 583 413 Menoetiaden
605 364 728 414 falsis
750 366 958 416 cecidisse
981 367 1066 416 sub
1091 368 1222 416 armis
1237 406 1248 426 ‚

221 438 405 489 Flebam
427 461 633 491 successu
654 462 786 510 posse
810 463 954 493 carere
977 443 1120 492 dolos.

156 516 383 580 Sanguine
401 518 687 587 Tlepolemus
707 521 886 587 Lyciam
906 519 1171 586 tepefecerat
1192 519 1390 577 hastam3

219 593 467 662 Tlepolemi
489 596 579 646 leto
601 617 706 646 cura
724 608 887 646 novata
905 615 1003 644 mea
1025 608 1103 644 est.
1542 623 1584 644 20

155 670 384 738 Denique,
409 674 615 741 quisquis
634 686 727 723 erat
749 673 905 722 castris
926 672 1157 739 jugulatus
1179 672 1390 729 Achivis,

219 748 442 811 Frigidius
465 750 600 814 glacie
621 763 776 818 pectus
801 751 988 804 amantis
1010 761 1123 799 erat.v

153 824 243 874 Sed
263 827 377 879 bene
399 828 625 878 consuluit
648 841 768 878 casto
792 830 917 879 Deus
941 848 1096 896 aequus
1117 828 1257 876 amori
1277 816 1296 876 :f
1323 855 1326 857 Δ

215 905 355 955 Versa
375 918 442 956 est
463 907 511 956 in
532 908 722 957 cinerem
744 909 913 976 sospite
936 908 1073 974 Troja
1090 907 1200 955 viro.

148 981 349 1045 Argolici
367 984 534 1034 rediere
560 985 722 1035 duces:
745 986 898 1035 altaria
918 985 1114 1035 fumant:

213 1060 405 1110 Ponitur
425 1062 672 1130 ad'patrios
692 1063 885 1112 barbara
905 1062 1056 1129 praeda
1077 1064 1213 1109 Deos.

152 1137 288 1187 Grata
309 1139 459 1189 serunt
480 1141 697 1208 Nymphae
718 1160 803 1207 pro
827 1138 958 1188 salvis
981 1138 1099 1186 dona
1118 1136 1286 1185 maritis
1302 1157 1315 1184 ;

211 1215 284 1264 Illi
305 1217 420 1266 victa
440 1218 532 1266 su'is
551 1219 690 1266 Troia
710 1218 800 1266 fata
821 1228 999 1265 canunt.

146 1293 374 1344 Mirantur
390 1296 588 1362 justique
611 1315 737 1345 senes
750 1334 762 1355 ,
783 1295 1054 1362 trepidaeque
1075 1293 1233 1361 puellae
1255 1314 1265 1340 :

146 1469 229 1491 cum
243 1460 360 1492 timore
372 1456 438 1492 suit
451 1462 675 1492 commutata.
696 1455 828 1490 BURM.

194 1523 244 1556 17.
260 1510 502 1544 Menaett'aden.
519 1507 740 1550 Patroclum,
751 1507 828 1541 Me-

145 1561 244 1597 noetii
265 1560 388 1596 filium.
419 1561 568 1595 Homer.
594 1559 633 1594 11.
658 1566 713 1603 n,.
733 1559 796 1604 827
816 1573 825 1601 ;

144 1613 279 1660 Hygin.
290 1613 321 1649 F
321 1613 373 1648 ab.
386 1622 458 1648 cvl.
466 1615 631 1647 ——Falsfir
641 1616 700 1647 sub
712 1617 824 1647 annis.

143 1664 226 1703 Non
260 1665 332 1700 suis
343 1691 363 1709 ,„
379 1663 440 1700 sed
474 1664 616 1700 Achillis
629 1692 638 1710 ,
668 1665 728 1710 qui
763 1679 825 1701 sua

141 1717 258 1752 oranti
269 1715 314 1752 ad
321 1716 565 1764 propellendos
573 1717 746 1763 Troianos
758 1725 824 1753 tra-

141 1767 290 1805 diderat.
307 1769 396 1805 Ibid.
410 1771 464 1814 4ο.

188 1835 238 1870 ¹9·
251 1822 424 1870 Lyciam...
431 1824 578 1857 hastam.
585 1823 737 1869 Propter
745 1823 824 1858 Sar-

140 1872 318 1920 pedonem
333 1874 447 1921 Lyciae
462 1888 582 1920 regem
592 1901 601 1918 ,
616 1876 676 1921 qui
691 1876 825 1922 Tlepo-

138 1924 274 1962 lemum
285 1926 461 1962 interfecit
475 1953 485 1971 ,
502 1927 542 1962 Il.
556 1922 588 1963 E'
598 1954 607 1971 ,
623 1928 688 1963 268
703 1942 711 1970 ;
731 1941 749 1962 a
763 1929 827 1963 Pa-

138 1978 250 2014 troclo
275 1978 347 2025 ipse
371 1985 489 2025 postea
519 1979 723 2015 interfectus
733 2007 751 2024 „
769 1976 802 2016 11'
812 2007 822 2024 ,

141 2031 216 2065 501.
233 2030 320 2076 Ejus
336 2030 484 2067 cadaver
500 2031 538 2067 in
553 2032 695 2081 Lyciam
718 2033 822 2069 dela-

139 2088 217 2118 tum
225 2082 586 2128 describitHomerus,
598 2084 685 2119 Ibid.
694 2085 768 2132 667.
784 2084 826 2121 C-

183 2147 228 2170 20
266 2136 454 2180 Tlepolemi
476 2138 546 2170 leto
567 2143 632 2170 etc.
661 2132 826 2182 Tlepole—

139 2199 238 2230 mus,
249 2186 412 2223 Herculis
422 2201 463 2223 ex
471 2187 645 2235 Astyoche
658 2188 748 2224 filius
757 2216 766 2233 ,
779 2190 824 2224 ob

139 2238 365 2286 Lycimnium
377 2266 393 2284 ,,
402 2240 566 2276 Herculis
586 2242 797 2277 avunculum
807 2269 816 2286 ,

140 2303 247 2336 quem
263 2291 468 2337 imprudens
489 2292 663 2328 occiderat
674 2320 684 2337 ,
701 2294 778 2328 exul
799 2307 819 2328 e

139 2343 250 2389 patria
263 2370 275 2387 ,
290 2343 447 2380 Rhodios
461 2344 558 2380 duxit
572 2344 615 2380 ad
630 2345 749 2391 Trojae
762 2346 819 2380 ob-

138 2394 323 2430 sidionem.
347 2395 387 2432 Il.
403 2402 426 2431 B
439 2422 448 2440 ,
464 2397 543 2432 653.

1024 1458 1059 1482 Et
1072 1457 1166 1481 mulier
1175 1457 1308 1489 peregrina
1318 1458 1396 1482 vertit

989 1508 993 1516 ¹
1025 1506 1062 1530 In
1072 1504 1218 1538 pulverem.
1237 1506 1344 1531 umus.

936 1556 990 1589 25.
1012 1555 1171 1598 Argolici
1179 1556 1308 1589 rediens·
1319 1556 1432 1589 duces.
1448 1555 1579 1592 Nestor

893 1607 1037 1653 quidem
1046 1633 1055 1650 ‚
1067 1606 1315 1653 Agamemnon
1326 1614 1361 1641 et
1369 1607 1554 1644 Menelaus
1564 1624 1574 1651 3

891 1660 988 1699 uude
1012 1659 1154 1695 sollicita
1181 1660 1290 1706 magis
1319 1660 1496 1706 Penelope
1528 1661 1574 1696 de

890 1720 984 1748 sorte
1000 1711 1159 1758 conjugis
1169 1738 1178 1755 ,
1193 1712 1271 1756 qui,
1282 1711 1404 1747 decem
1418 1713 1490 1758 jam
1508 1726 1573 1747 an-

890 1766 944 1800 nis
975 1772 1052 1811 post
1080 1763 1227 1799 excisam
1250 1765 1397 1809 Troiam
1422 1766 1570 1809 exactis,

892 1818 1049 1853 Ithacam
1064 1816 1227 1851 nondum
1246 1817 1373 1851 revisit.

935 1884 987 1917 27.
1015 1871 1125 1903 Grata
1136 1869 1259 1913 serunt
1271 1871 1443 1915 Nymphae.
1464 1871 1572 1916 lVym-

884 1924 965 1966 phae
976 1921 1156 1966 aliquoties
1168 1920 1258 1966 apud
1272 1929 1433 1955 nostrum
1446 1920 1571 1955 dicun-

890 1981 949 2009 tur
961 1973 1092 2009 heroici
1108 1972 1274 2018 temporis
1290 1972 1412 2018 puellae
1425 1998 1434 2015 ,
1451 1984 1571 2018 eaeque

889 2026 1078 2061 nobiliores
1093 2052 1102 2068 ,
1131 2038 1214 2060 cum
1240 2032 1359 2070 nuptae
1373 2051 1383 2068 ,
1409 2031 1486 2059 tum
1511 2026 1570 2060 in-

890 2085 1019 2124 nuptae.
1030 2078 1099 2112 Hic
1110 2077 1216 2123 igitur
1224 2077 1464 2124 intelligantur
1472 2078 1568 2112 viro-

890 2144 971 2164 rum
987 2129 1135 2165 Graeciae
1150 2129 1347 2175 principum
1365 2142 1403 2164 ac
1419 2130 1570 2164 nobilio-

889 2196 971 2217 rum
1004 2195 1127 2217 uxores
1142 2208 1151 2225 ,
1178 2194 1260 2217 cum
1293 2194 1444 2227 quarum
1480 2181 1570 2216 felici

888 2243 982 2270 sorte
1008 2248 1107 2269 suam
1130 2234 1337 2270 viduitatem
1366 2242 1445 2279 apte
1469 2247 1569 2270 com-

885 2296 984 2333 parat
1007 2286 1194 2332 Penelope.
1212 2287 1303 2321 Lim.

928 2341 980 2374 28.
1010 2342 1111 2375 Victa
1126 2342 1208 2374 suis.
1225 2338 1337 2383 Fatis,
1355 2339 1491 2375 scilieet.

928 2406 981 2439 29.
1017 2393 1172 2436 Justique
1198 2404 1296 2426 senes
1311 2419 1320 2433 ,
1366 2395 1566 2439 trepidoeque

181 2449 236 2492 24.
265 2450 372 2483 Versa
383 2452 440 2483 est
451 2452 488 2483 ιἰι
500 2451 653 2484 cinerem.
669 2449 727 2484 Sic
741 2449 819 2484 libri
878 2447 1013 2489 puella.
1032 2446 1132 2478 Juslt‘
1142 2457 1256 2486 senes,
1276 2444 1355 2490 quia
1370 2458 1492 2479 rerum
1504 2459 1566 2480 ex-

138 2506 274 2546 septem
287 2526 296 2544 ,
318 2513 393 2535 non
411 2503 448 2535 in
461 2503 613 2543 cine-neu
631 2509 667 2536 et
685 2502 820 2537 rectius.

139 2550 268 2587 Noster
279 2579 290 2597 ,
309 2552 457 2588 Metam.
471 2565 500 2587 11
511 2579 520 2597 ,
536 2553 622 2588 216:
787 2597 792 2603 K

139 2612 259 2646 cunque
272 2613 326 2638 suis
343 2618 410 2639 totas
429 2613 533 2647 populis
550 2613 667 2639 incendi·
679 2619 765 2647 gentes

144 2661 183 2687 In
197 2661 312 2687 cineram
322 2667 439 2687 vertunt.

140 2709 196 2745 Ita
212 2717 249 2746 et
265 2711 435 2747 Horatius
448 2738 458 2757 ‚
481 2724 526 2747 111
542 2739 552 2756 ,
567 2711 624 2747 od.
642 2713 672 2747 3.
691 2726 722 2748 v.
739 2713 786 2748 18.

467 2774 536 2798 Ilion
544 2792 553 2806 ,
572 2773 640 2798 nion
652 2792 660 2805 ,

273 2823 371 2849 Fatalis
388 2823 553 2858 incestusque
564 2823 641 2855 jud-‘x
650 2839 657 2851 ‚

885 2496 1055 2542 perientia
1074 2495 1210 2541 edocti,
1239 2510 1300 2531 suo
1319 2509 1465 2542 quaeque
1487 2511 1563 2543 pre-

885 2549 935 2583 tio
948 2548 1132 2592 aestimant,
1145 2555 1181 2583 et
1192 2561 1231 2583 ea
1239 2553 1561 2595 miranturtantum,

887 2614 963 2647 quae
989 2615 1070 2636 vere
1095 2601 1263 2636 miranda.
1290 2602 1420 2637 Puellae
1445 2610 1564 2637 autem

885 2656 1064 2699 trepidant,
1070 2655 1149 2700 quia
1157 2654 1206 2689 vis
1215 2654 1429 2701 imaginandi
1437 2656 1562 2699 acrior,

885 2720 947 2742 seu
961 2714 1100 2742 aetatem
1113 2733 1122 2750 ‚
1141 2719 1203 2742 seu
1216 2720 1336 2742 sexum
1360 2707 1474 2753 ipsum
1496 2720 1564 2742 res-

887 2760 1042 2806 pexeris,
1066 2759 1172 2795 veluti
1203 2760 1429 2806 praesentibus
1443 2787 1452 2805 ,
1479 2772 1565 2795 nar-

889 2812 972 2848 ratis
987 2812 1066 2848 facit
1080 2813 1256 2848 interesse.
