1884 3112
0 1479 7 1517 -v-
0 1410 11 1474 q——pv

0 1347 8 1397 ›21-
0 1322 5 1326 ν
0 1296 2 1306 ν
0 1250 2 1253 -
0 1198 5 1213 π
0 1128 13 1150 κ
0 1070 10 1106 agg
0 1030 6 1044 -Α
0 990 15 1010 ἦ

505 285 863 334 DEJANIRA
899 283 1226 332 HERCULI.
1492 282 1573 326 185

215 381 374 432 Invitis
395 379 534 430 oculis
558 379 841 448 adspicienda
861 379 1006 437 venit3

149 461 244 512 Nec
266 459 388 510 venit
409 458 610 518 incultis,
635 470 861 525 captarum
883 476 1026 516 more,
1049 454 1246 523 capillis.
1511 466 1572 502 125

215 539 462 588 Fortunam
483 536 633 586 vultus
655 537 771 585 fassa
793 534 984 598 tegendo
1009 553 1127 583 suos.

151 615 408 680 Ingreditur
426 613 515 664 late
536 613 628 662 lato
652 610 906 680 spectabilis
929 629 1066 667 auro;

218 691 424 757 Qualiter
445 692 493 740 in
516 690 710 758 Phrygia
731 701 782 738 tu
807 706 984 755 quoque
1008 685 1155 735 cultus
1179 699 1292 735 eras.

150 769 243 819 Dat
265 767 438 818 vultum
459 766 630 841 populo
655 765 844 815 sublime
869 765 953 839 st
979 763 1170 813 Hercule
1193 764 1338 813 victo:

217 846 476 896 OEchaliam
493 846 594 895 vivo
618 856 733 893 stare
755 853 936 910 parente
955 853 1099 909 putes.
1514 852 1575 887 130

147 924 354 974 Forsitan
376 922 559 992 expulsa
579 919 775 971 AEtolide
799 919 1032 977 Deianira,

207 1001 401 1051 Nomine
425 999 631 1068 deposito
653 996 846 1066 pellicis,
870 1015 985 1045 uxor
1007 995 1119 1053 erit;

147 1077 477 1146 Eurytidosque
500 1075 616 1126 Ioles
630 1113 643 1136 ‚
654 1133 657 1136 s
668 1087 801 1142 atque
824 1073 970 1123 insani
991 1071 1162 1122 Alcidae

145 1204 314 1244 spectant,
326 1210 404 1244 que
416 1210 514 1233 nunc
524 1195 695 1242 Deianira
710 1194 826 1230 invitis

145 1249 296 1287 videbat.
311 1250 444 1285 Bunn.

193 1302 266 1337 125.
271 1303 452 1338 Fortunam
456 1303 569 1336 vultus
568 1300 677 1346 fassa
687 1300 829 1344 tegendo

145 1366 236 1390 suos.
264 1353 307 1390 ld
329 1360 402 1399 est,
425 1355 568 1399 tegendo
595 1364 668 1399 prae
694 1351 828 1397 pudore

146 1408 261 1441 vultus
278 1418 375 1448 suos,
398 1405 515 1451 sicque
532 1405 709 1450 fhrtunam
734 1416 829 1439 suam

148 1457 216 1494 hoc
230 1459 306 1505 ipso
311 1459 420 1504 fassa
437 1471 447 1493 .·
467 1458 524 1493 vel
539 1459 654 1504 ipsum
676 1456 830 1502 corporis

147 1511 308 1547 habitum
322 1511 500 1558 presentis
514 1511 665 1545 fortunae
678 1508 829 1544 humili—

147 1565 210 1600 tati
219 1563 497 1600 accommodans.
506 1563 592 1609 Quo
601 1561 743 1609 quidem
752 1574 829 1596 sen-

145 1630 189 1653 su
200 1642 210 1661 ‚
228 1616 316 1652 nihil
330 1616 454 1652 clarius
473 1629 482 1652 ε
504 1615 559 1651 vix
578 1622 696 1650 tamen
713 1613 829 1650 credi-

145 1667 227 1713 bite,
235 1676 322 1715 quot
328 1668 441 1704 modis
450 1668 567 1704 locum
575 1668 670 1703 hunc
679 1666 828 1702 Codices

145 1721 294 1767 antiqui,
304 1727 340 1757 et
351 1721 410 1767 qui
419 1720 608 1756 emendare
619 1719 735 1755 conati
743 1726 827 1754 sunt

133 1772 368 1820 interpretes,
380 1773 588 1809 vexaverint.
598 1772 718 1817 Major
728 1771 825 1806 enim

142 1838 223 1872 pars
232 1826 403 1862 librorum
419 1826 606 1871 :fortunam
618 1825 827 1870 vultusassa

141 1879 286 1923 tegendo
301 1891 406 1914 suam.
442 1878 515 1914 Sed
544 1877 629 1924 quid
656 1877 720 1913 sibi
751 1877 826 1912 vult

133 1930 311 1976 ⁸fortunam
326 1933 422 1966 vultu
443 1935 572 1976 tegere,
592 1936 629 1965 et
654 1942 760 1975 quem
784 1942 826 1964 ex

143 1995 188 2018 eo
214 1995 358 2018 sensum
379 1982 519 2019 elicias?
553 1982 630 2024 alii;
647 1983 824 2027 fortunam

142 2037 269 2070 vultum
290 2036 399 2081 sassa
426 2038 569 2081 tegendo
593 2048 696 2070 suum.
731 2035 824 2080 Quae

143 2086 247 2123 lectio
273 2101 352 2123 rara
374 2087 566 2123 admodum
587 2087 747 2123 felicitate
764 2100 824 2122 re-

143 2147 253 2186 cepte
274 2154 370 2177 nunc
386 2148 421 2176 et
434 2139 642 2188 plaudendae
662 2139 822 2184 lectioni,

145 2192 380 2237 proeludebat:

176 2248 319 2274 Fortun-m
330 2249 419 2274 vultus
430 2248 498 2274 susa
510 2248 619 2281 tegendo
629 2257 699 2274 suos.

191 2310 263 2343 ¹²7·
279 2298 470 2342 Ingreditur
480 2301 551 2333 late
566 2301 670 2333 multo
685 2302 823 2343 specta-

143 2350 224 2384 bila&
242 2362 334 2384 auro.
363 2349 460 2385 Libri
478 2358 631 2395 veteres,
652 2353 723 2385 late
750 2354 823 2386 lato

142 2404 340 2446 spectabiltlr
348 2413 444 2443 auro;
460 2410 495 2438 et
501 2410 608 2447 recte,
617 2410 656 2437 ut
667 2403 739 2448 jam
749 2416 823 2438 mo-

142 2453 216 2488 nui.
233 2454 355 2489 Posset
368 2454 595 2490 nihilominus
608 2457 702 2490 lauto
716 2456 822 2491 etiam

140 2518 223 2541 oum
238 2505 324 2552 legi3
350 2506 412 2542 sed
436 2513 575 2553 praestat
598 2508 702 2553 prius.
725 2509 821 2544 Pers.

141 2557 214 2594 Sat.
228 2569 288 2593 1v:
307 2559 379 2593 Sed
387 2561 460 2593 lato
475 2562 608 2594 balteus
621 2573 702 2595 auro
718 2563 821 2595 Proe—

142 2614 249 2656 tegih·
269 2610 361 2656 quod
379 2624 419 2645 ex
434 2610 492 2645 illo
510 2612 687 2657 Maronis,
704 2612 761 2648 lib.
777 2625 819 2659 v,

141 2675 174 2698 v.
189 2663 274 2708 312,
292 2663 561 2700 adumbratum:

142 2735 174 2743 ..-
188 2719 254 2744 Luto
262 2727 341 2753 quam
351 2719 574 2753 circumplectitur
585 2728 650 2745 auro
656 2720 771 2746 Balteus.
780 2722 817 2746 11.

188 2780 259 2815 ¹²9-
282 2769 359 2802 Dat
381 2771 508 2804 vultum
528 2772 651 2814 populo
678 2773 819 2805 sublime

142 2820 203 2852 sub
219 2820 364 2856 Hercule
379 2824 479 2856 victo.
501 2822 645 2857 Suble’me
660 2825 721 2858 sub
739 2825 821 2859 Hera

893 1194 968 1228 cule
992 1195 1084 1227 victo
1108 1197 1308 1226 constanter
1334 1188 1451 1235 scripti
1477 1200 1485 1223 ε
1508 1187 1575 1224 nisi

897 1244 992 1290 quod
1009 1245 1045 1279 in
1062 1244 1171 1279 altero
1187 1243 1407 1278 Menteliano
1425 1242 1490 1286 sit,
1508 1255 1575 1276 su·-

895 1300 1009 1332 blinu's
1023 1299 1067 1331 ab
1087 1298 1232 1331 Hercule
1246 1307 1258 1338 ‚⁰
1284 1295 1345 1331 sed
1361 1298 1500 1330 sublime
1514 1296 1576 1329 sub

895 1350 1042 1384 Hercule
1058 1362 1121 1384 cur
1131 1348 1329 1394 rejiciamus
1341 1375 1350 1391 ‚
1366 1347 1453 1382 nihil
1465 1359 1576 1383 causae

895 1408 947 1436 est
958 1414 967 1435 :
980 1402 1028 1437 sic
1041 1403 1181 1436 sublime
1187 1401 1283 1446 ferre
1291 1428 1299 1442 ‚
1313 1413 1377 1446 pro
1388 1404 1425 1435 ιἰι
1435 1402 1577 1434 sublima

896 1460 956 1488 aut
966 1455 1159 1494 sublimiter,
1174 1453 1299 1500 passim
1310 1453 1444 1487 Poetae:
1460 1452 1508 1486 ita
1523 1465 1576 1486 su-

894 1506 1093 1550 blimefern'
1105 1505 1268 1540 Lucretio
1278 1532 1287 1549 ,
1306 1512 1342 1539 et
1360 1507 1500 1539 sublime
1513 1518 1576 1539 vo-

893 1561 975 1594 lare.
990 1559 1135 1594 Sublime
1149 1561 1290 1602 'mk-are,
1308 1557 1521 1592 Germanico
1537 1557 1573 1591 in

894 1609 1063 1654 Arataeis;
1082 1617 1118 1645 et
1141 1609 1279 1645 Avieno
1292 1636 1301 1654 ,
1319 1612 1460 1644 sublime
1481 1613 1574 1653 erigi.

894 1662 1032 1698 Multus
1054 1670 1106 1699 est
1127 1662 1192 1699 hac
1211 1662 1248 1702 in
1266 1675 1349 1697 voce
1373 1662 1477 1698 Silius
1495 1662 1575 1697 Ita-

892 1715 988 1751 licus.
999 1716 1133 1752 Hlmts.
1149 1715 1274 1751 Nescio
1286 1722 1405 1750 tamen
1419 1741 1429 1759 ,
1445 1728 1489 1750 an
1500 1727 1574 1750 non

891 1768 1018 1804 rectius
1029 1795 1039 1812 ,
1055 1770 1209 1803 sublimn
1231 1770 1276 1802 ab
1297 1769 1443 1803 Hercule
1460 1771 1572 1809 victo,

891 1833 934 1855 ex
950 1820 1170 1856 Menteliano
1193 1833 1202 1855 ε
1225 1819 1343 1855 similis
1359 1833 1460 1855 error
1482 1819 1575 1866 apud

891 1872 952 1908 Sil.
968 1885 1007 1908 ΧῙ
1019 1899 1030 1918 ,
1054 1873 1138 1918 α46;
1156 1873 1217 1908 ubi
1235 1885 1300 1919 pro
1315 1875 1485 1918 victorque
1499 1876 1572 1906 im-

890 1938 989 1960 mane
1014 1928 1075 1960 sub
1099 1929 1151 1960 ira
1178 1926 1352 1970 infremuit
1364 1937 1377 1969 ,·
1405 1924 1573 1960 Heinsius

889 1978 1045 2013 rescribit
1066 1981 1224 2013 immanis
1253 1981 1297 2013 ab
1327 1980 1390 2011 ira.
1414 1977 1572 2012 Macrob.

889 2044 918 2066 c.
928 2042 970 2075 11,
984 2033 1004 2075 4
1021 2043 1029 2066 :
1045 2032 1202 2066 Sublimis
1215 2033 1259 2065 ab
1271 2030 1421 2066 Actiaca
1429 2032 1573 2064 victoria

888 2086 1121 2119 revertebatur.
1145 2084 1203 2119 Ab
1217 2090 1336 2118 autem
1355 2082 1411 2117 hic
1433 2094 1497 2128 pro
1510 2084 1570 2123 ob,

882 2140 1039 2181 propter,
1066 2136 1226 2171 sumitur.
1253 2135 1334 2170 Vid.
1352 2135 1509 2171 Gronov.
1527 2133 1571 2169 ad

893 2189 1017 2224 Senec.
1034 2200 1047 2223 1
1061 2215 1070 2232 ,
1092 2188 1136 2223 de
1157 2187 1333 2223 Clement.
1352 2200 1405 2222 20.
1428 2186 1546 2221 Livius
1560 2211 1571 2230 ‚

887 2241 909 2276 l.
921 2252 979 2285 111,
991 2242 1030 2276 61
1045 2242 1267 2277 :Ferociorab
1277 2254 1311 2276 n·
1319 2243 1402 2275 bene
1409 2244 1520 2284 gesta.
1528 2238 1570 2273 Β.

935 2294 1007 2329 131.
1036 2295 1193 2329 Forsitan
1211 2296 1363 2339 expulsa.
1399 2294 1450 2327 Et
1467 2295 1571 2337 pulsa

887 2347 1088 2382 Puteaneus
1105 2357 1113 2380 ε
1129 2353 1236 2391 recte,
1253 2347 1309 2382 lib.
1324 2357 1368 2390 11,
1380 2346 1470 2381 Met.
1484 2347 1547 2380 525
1561 2358 1570 2379 :

887 2408 940 2432 Cur
952 2417 1003 2433 non
1018 2413 1043 2432 et
1056 2407 1131 2441 pulsa
1146 2408 1219 2433 ducit
1230 2408 1332 2433 lunone
1344 2407 1359 2432 'l

886 2457 1008 2492 Douza
1033 2456 1183 2492 malebat
1206 2459 1336 2492 Forsan
1350 2461 1388 2491 et
1396 2458 1539 2500 expulsa
1556 2468 1567 2489 .-

885 2509 963 2544 vide
981 2510 1023 2544 ad
1044 2510 1151 2555 Epist.
1174 2520 1247 2554 ΧΠ,
1273 2510 1344 2544 135.
1360 2508 1541 2543 Mediceus
1555 2535 1565 2552 ‚

886 2563 1019 2597 Eom‘de
1027 2575 1036 2596 :
1044 2561 1138 2596 unde
1148 2563 1237 2596 sorte
1249 2575 1345 2607 posse
1355 2561 1420 2607 legi
1426 2562 1567 2595 OEnez'de

886 2615 1054 2649 Heinsius
1068 2614 1250 2658 credebat,
1269 2614 1349 2660 quia
1365 2613 1474 2648 OEnei
1497 2613 1567 2647 filia

885 2667 1196 2713 chanira.Melius
1206 2667 1311 2702 etiam
1320 2679 1400 2701 cum
1407 2666 1567 2711 sequenti

884 2721 1127 2767 patronymico
1143 2722 1325 2766 Eurytidos
1340 2721 1449 2760 Ioles,
1471 2731 1566 2753 con-

884 2780 1034 2819 grueret.
1066 2772 1248 2809 Notandus
1280 2785 1419 2818 quoque
1450 2783 1567 2806 versus

884 2825 1015 2861 ironice
1031 2825 1254 2872 spondaicus;
1278 2828 1398 2860 insani
1409 2825 1543 2859 Alcida·
1556 2824 1566 2857 .'
