1884 3112
658 233 1135 280 CONSOLA'rlo.
1513 238 1594 295 431

177 317 330 377 Sidera
348 326 459 394 quin
478 327 611 377 etiam
634 326 740 376 eaelo
763 327 932 391 fugisse
953 326 1184 386 feruntur3
1537 345 1602 388 κρῆ

240 404 418 454 Lucifer
441 416 486 453 et
507 403 662 453 solitas
684 403 936 453 destituisse
955 403 1060 453 vias.

176 481 355 532 Lucifer
376 483 424 531 in
448 494 545 532 toto
567 481 683 532 nulli
704 482 954 550 comparuit
973 481 1081 531 orbe
1097 519 1110 540 ,

242 559 304 608 Et
324 559 446 608 venit
466 558 594 610 stella
616 579 711 608 non
732 570 957 627 praeeunte
973 558 1087 607 dies.

179 635 346 686 Sideris
367 636 455 686 hoc
479 637 632 686 obitus
657 637 786 687 terris
809 637 972 686 instare
995 635 1230 694 monebat;

241 715 303 762 Et
324 715 464 778 mergi
489 715 647 783 Stygia
662 714 816 765 nobile
838 715 989 764 lumen
1013 732 1140 780 aqua.
1545 731 1611 774 410

180 791 243 840 At
266 802 339 850 tu,
366 793 445 859 qui
466 811 648 861 superes
671 804 838 843 moestae
861 791 1021 841 solatia
1042 789 1201 848 matri,

246 869 540 937 Compreeor,
564 869 632 919 illi
652 871 740 938 ipsi
760 869 1032 936 conspiciare
1058 886 1205 917 senex.

181 947 354 1014 Perque
377 967 518 997 annos
543 948 782 997 diuturnus
806 967 879 997 eas
901 947 1140 1013 fratrisque
1170 957 1381 1012 tuosque3

246 1027 308 1075 Et
327 1025 444 1075 vivat
465 1037 571 1075 nato
592 1046 693 1075 cum
717 1045 820 1075 sene
843 1037 984 1074 mater
1007 1043 1133 1074 anus.

182 1104 407 1152 Eventura
428 1122 587 1170 precor
606 1124 616 1152 ε
642 1105 766 1153 Deus
790 1122 995 1153 excusare
1018 1102 1168 1169 priora
1541 1117 1606 1161 [μς

250 1181 372 1230 Dum
392 1181 533 1241 volet,
555 1201 580 1231 a
604 1182 755 1231 Druso
777 1194 921 1231 cetera
942 1179 1041 1229 laeta
1062 1179 1201 1227 dabit.

184 1258 257 1308 Tu
281 1270 427 1308 tamen
449 1278 555 1309 ausa
575 1270 707 1327 potes
733 1270 859 1308 tanto
883 1257 1119 1320 indulgere
1144 1255 1314 1314 dolori,

250 1337 451 1401 Longius
472 1349 525 1386 ut
545 1336 685 1396 nolis,
710 1337 798 1386 heu
821 1336 933 1394 male
950 1336 1080 1385 fortis
1094 1373 1107 1394 ‚
1132 1334 1203 1384 ali.

186 1414 276 1464 Vix
298 1415 429 1464 etiam
452 1415 598 1464 fueras
622 1434 785 1483 paucas
807 1413 952 1463 vitalis
975 1414 1025 1461 in
1046 1413 1182 1461 horas
1195 1450 1208 1472 ,

253 1493 438 1543 Obtulit
458 1486 605 1542 invit'ae
628 1512 767 1560 quum
791 1492 875 1541 tibi
899 1479 1047 1541 Caesar
1069 1510 1200 1558 opem
1220 1511 1230 1538 :
1546 1506 1614 1551 420

191 1613 253 1650 sed
268 1626 394 1661 parum
411 1612 500 1649 adeo
514 1611 661 1648 feliciter
673 1638 684 1657 ,
701 1618 742 1647 ut
753 1611 871 1647 fatea-

191 1673 252 1701 tur
279 1665 403 1701 Burm.
431 1664 703 1711 exspectandum
734 1676 808 1699 esse
847 1675 872 1697 a

189 1721 287 1754 libris
317 1720 509 1754 melioribus
534 1719 699 1751 auxilium
730 1726 741 1748 .·
776 1714 870 1762 quod

193 1783 306 1818 quum
339 1770 441 1806 nobis
476 1769 640 1805 nondum
673 1768 838 1815 obtigerit
859 1794 870 1811 ‚

193 1823 414 1870 desperatam
429 1822 534 1858 tantis
550 1822 633 1857 viris
655 1822 873 1858 curationem

194 1889 270 1912 non
285 1876 519 1922 suscipiemus.
541 1874 668 1919 Neque
689 1874 738 1908 ita
759 1886 873 1919 repu-

196 1935 281 1976 gnat
292 1928 352 1974 qui
362 1940 397 1963 se
409 1941 445 1963 se
454 1926 611 1973 primum
620 1926 724 1960 offert
733 1938 853 1960 sensus
863 1938 874 1967 3

195 1984 329 2017 domum
349 1980 478 2016 scilicet
500 1979 653 2015 Junonis
669 2005 679 2023 ,
702 1978 876 2012 Minervae

197 2041 236 2070 et
267 2033 414 2069 Cauris
431 2059 441 2077 ,
473 2036 573 2067 nocte
597 2034 713 2076 gnavi,
737 2029 773 2064 id
802 2036 875 2073 est,

198 2087 358 2122 ominosa
369 2112 380 2130 ,
397 2085 538 2120 exitiosa
549 2110 559 2129 ,
575 2082 723 2118 fulmine
738 2082 841 2117 simul
857 2095 877 2116 a

199 2139 290 2175 Jove
309 2142 414 2174 ictam
440 2137 553 2173 fuisse.
591 2137 725 2171 Forsan
750 2141 787 2169 et
811 2137 878 2169 tn‘a

199 2191 275 2227 hac
283 2203 356 2226 esse
366 2189 508 2235 templa,
517 2188 560 2223 de
573 2188 698 2234 quibus
710 2185 881 2233 superiori

199 2256 303 2279 versu
318 2243 454 2279 locutus
470 2248 522 2277 est
534 2267 545 2285 ,
573 2239 669 2276 credi
682 2245 805 2285 potest.

245 2298 322 2340 411.
342 2296 396 2331 At
408 2299 464 2336 Iu,
488 2297 692 2340 quisupeoes
711 2298 775 2327 etc.
795 2290 882 2326 Ser-

201 2360 264 2383 mo
278 2360 376 2383 nunc
392 2346 434 2382 ad
452 2345 636 2382 Tiberium
653 2356 849 2379 conversus.

247 2401 323 2445 414.
333 2401 384 2434 Et
396 2403 491 2435 vivat
498 2402 582 2433 nato
594 2410 670 2432 cum
683 2409 764 2431 sene
777 2401 888 2430 mater

203 2465 300 2488 anus.
317 2452 414 2487 Vixit
434 2451 578 2497 quidem
601 2462 688 2485 anus
707 2449 824 2491 Livia,
847 2455 884 2484 et

204 2518 278 2541 cum
292 2509 375 2540 nato
388 2510 561 2550 provectae
575 2503 648 2548 jam
672 2502 802 2543 aetatis;
822 2500 883 2536 sed

205 2570 290 2593 eum
310 2563 451 2603 experta
464 2583 474 2601 ,
499 2563 538 2591 ut
552 2556 667 2591 multo
685 2555 717 2590 ei
743 2554 884 2601 praesti-

206 2611 302 2646 iisset
316 2635 326 2653 ‚
359 2616 548 2655 antequam
574 2608 734 2643 Tiberius
765 2607 884 2653 impe-

206 2670 321 2706 raret,
338 2655 517 2697 interiisse.
536 2660 627 2696 Vide
644 2661 790 2695 Sueten.
807 2660 884 2694 Tib.

205 2727 304 2762 capp.
322 2718 365 2750 50
384 2722 419 2749 et
440 2717 492 2749 51.

252 2770 327 2813 415.
365 2770 461 2803 Deus
485 2779 648 2802 excusare
668 2769 783 2810 pn'ora
809 2765 887 2799 dum

939 1613 1034 1646 volet
1056 1617 1121 1646 etc.
1159 1611 1236 1647 Nec
1261 1623 1350 1646 vana
1382 1624 1530 1657 precor;
1562 1612 1624 1648 Dii

938 1664 1036 1699 enim
1049 1690 1059 1707 ‚
1087 1670 1128 1698 ut
1143 1663 1275 1698 illatam
1297 1663 1407 1698 Drusi
1430 1672 1546 1700 morte
1564 1678 1623 1700 ca-

938 1717 1131 1751 lamitatem
1158 1715 1395 1760 imminuant,
1435 1717 1523 1752 nihil
1548 1730 1624 1752 non

938 1768 1018 1804 felix
1039 1782 1078 1803 ac
1099 1778 1309 1814 prosperum
1327 1768 1433 1803 matri
1457 1769 1623 1816 deinceps

939 1827 976 1857 et
996 1820 1095 1856 fratri
1113 1820 1320 1856 concedent.
1445 1819 1449 1822 ’

983 1877 1058 1920 4ι7.
1101 1876 1152 1909 Tu
1178 1879 1291 1908 lamen
1319 1887 1407 1909 ausa
1430 1879 1531 1920 poles
1559 1882 1625 1911 etc.

940 1928 1077 1963 Liviam
1104 1928 1287 1974 increpat,
1327 1941 1405 1973 quae
1438 1929 1486 1963 ita
1512 1928 1625 1964 dolori

941 1980 1096 2026 primum
1111 1979 1251 2014 videtur
1266 1979 1446 2014 indulsisse
1458 2006 1468 2024 ‚
1493 1986 1532 2014 ut
1545 1982 1623 2014 lon-

938 2034 1016 2076 gius
1038 2033 1094 2065 uli
1113 2030 1295 2073 noluerit3
1327 2031 1451 2076 vixque
1469 2035 1632 2076 precanti

942 2091 977 2118 et
985 2084 1129 2129 jubenti
1147 2083 1253 2119 etiam
1271 2083 1431 2129 Augusto
1442 2110 1452 2128 ‚
1479 2083 1536 2119 cui
1557 2097 1625 2118 non

944 2139 1054 2170 minor
1075 2142 1150 2170 erat
1175 2147 1282 2181 quam
1305 2135 1378 2170 filio
1405 2135 1624 2181 (Tiberio),

943 2200 1028 2224 cura
1039 2186 1218 2223 servandae
1227 2187 1393 2234 parentis,
1405 2188 1513 2222 vitam
1525 2201 1626 2223 suam

945 2239 1164 2276 concesserit.
1202 2240 1290 2275 Haec
1319 2240 1430 2275 Poeta
1453 2251 1462 2272 ε
1490 2240 1627 2276 Seneca

945 2305 1042 2336 vero,
1057 2290 1236 2327 Consolat.
1249 2291 1293 2327 ad
1305 2292 1418 2328 Marc.
1434 2303 1472 2327 ιν
1485 2306 1494 2328 z
1508 2307 1526 2324 «
1544 2293 1605 2328 Illa
1617 2320 1627 2338 ‚

945 2345 1061 2391 inquit
1081 2371 1092 2389 ,
1122 2345 1159 2379 in
1183 2344 1297 2390 primo
1320 2345 1457 2380 sex-vore
1472 2372 1481 2387 ,
1516 2358 1629 2391 quum

947 2397 1096 2433 maxime
1129 2397 1352 2442 impatientes
1375 2424 1385 2442 ,
1425 2398 1628 2444 ferocesque

948 2457 1029 2486 sunt
1043 2449 1190 2484 miseriae
1199 2476 1209 2493 ,
1225 2462 1261 2484 se
1270 2449 1519 2484 consolandam
1531 2451 1629 2485 Areo

949 2501 1154 2549 philosopho
1185 2502 1361 2548 praebuit3
1408 2508 1443 2536 et
1474 2502 1628 2537 multum

950 2566 1029 2588 eam
1044 2566 1121 2588 rem
1135 2554 1301 2600 profuisse
1314 2553 1378 2588 sibi
1394 2555 1548 2588 confessa
1561 2561 1630 2589 est:

949 2605 1025 2653 plus
1057 2619 1163 2652 quam
1195 2606 1366 2652 populum
1400 2606 1603 2641 Romanum
1619 2634 1629 2651 ,

951 2671 1058 2704 quem
1080 2658 1223 2693 nolebat
1244 2659 1379 2693 tristem
1406 2658 1543 2693 tristitia
1568 2673 1631 2694 sua

950 2712 1063 2746 facere
1081 2720 1090 2742 t
1107 2710 1299 2756 plusquam
1311 2710 1510 2756 Augustum
1521 2738 1530 2754 ,
1547 2712 1605 2756 qui
1619 2738 1629 2755 ,

951 2763 1122 2798 subducto
1133 2763 1243 2798 altero
1258 2762 1483 2807 adminiculo,
1503 2764 1632 2798 tituba-
