1884 3112
384 259 775 305 LAODAMIA
818 260 1292 307 PROTESILAO.

1463 265 1551 327 237

185 355 247 404 Et
267 372 348 403 sua
374 352 450 403 det
468 352 620 402 reduci
639 352 708 401 vir
728 371 853 402 meus
880 373 998 403 arma
1020 354 1136 404 Jovi.
1506 373 1549 407 50

121 434 212 484 Sed
234 433 397 492 time03
437 432 702 499 quotiesque
724 432 850 480 subit
869 432 1118 481 miserabile
1134 431 1322 492 bellum,

187 514 319 563 More
340 511 456 560 nivis
477 510 666 560 lacrimae
693 509 786 560 sole
803 510 1043 569 madentis,
1069 522 1189 560 eunt.

123 591 242 642 Ilion
265 605 310 641 et
328 589 562 648 Tenedos,
588 588 842 655 Simoisque
856 625 868 647 ‚
893 599 938 637 et
961 588 1196 650 Xanthus,
1223 602 1268 639 et
1288 591 1384 651 Ide,

188 668 384 719 Nomina
406 677 516 715 sunt
537 666 638 733 ipso
661 683 786 732 paene
810 665 1006 715 timenda
1027 684 1154 715 sono.

123 749 218 799 Nec
240 765 396 816 rapere
422 763 632 803 ausuruS‚
657 743 747 792 nisi
768 762 814 792 se
840 742 1074 793 defendere
1097 756 1273 812 posset,
1515 761 1556 794 55
1596 752 1599 755 ’

194 825 377 892 Hospes
401 833 493 872 erat
513 841 531 869 :-
543 821 659 870 vires
680 831 868 870 noverat
886 820 961 871 ille
983 841 1098 871 suas.

126 903 344 959 Venerat,
369 911 424 948 ut
445 899 560 948 fama
584 909 673 957 est,v
695 897 839 946 multo
861 897 1118 965 spectabilis
1139 918 1267 958 auro,

191 977 375 1045 Quique
399 995 482 1025 suo
506 975 724 1043 Phrygias
746 995 934 1043 corpore
959 975 1094 1026 ferret
1115 995 1250 1044 opes;

128 1054 280 1106 Classe
300 1053 495 1121 virisque
515 1064 676 1120 potens
691 1090 703 1111 ‚
731 1072 813 1120 per
835 1073 933 1121 quae
956 1053 1049 1103 fera
1071 1053 1190 1103 bella
1215 1067 1431 1118 geruntur
1452 1075 1462 1113 3

196 1135 259 1183 Et
277 1132 480 1200 sequitur
499 1132 628 1196 regni
650 1150 754 1199 pars
780 1143 1095 1198 quotacunque
1120 1132 1203 1180 sui.
1520 1149 1566 1181 (ὴ)

127 1211 213 1261 His
236 1229 320 1275 ego
345 1222 389 1259 te
409 1210 592 1266 victam,
619 1228 806 1258 consors
831 1209 989 1258 Ledaea
1011 1208 1228 1273 gemellis,

193 1290 438 1357 Suspicor:
463 1288 565 1368 paee<
582 1288 750 1337 Danais
772 1307 906 1356 posse
925 1307 1083 1338 nocere
1106 1300 1233 1356 puto.

174 1394 228 1428 50.
242 1394 360 1428 Etsua
368 1393 429 1427 det
434 1393 612 1427 reducivtr
619 1404 711 1427 meus
720 1405 817 1427 arma

130 1447 221 1482 Jon'.
238 1445 421 1481 Homerus
433 1471 445 1489 ‚
473 1444 571 1480 Iliad.
601 1451 625 1481 H
638 1471 648 1489 ,
673 1445 715 1479 82
732 1471 742 1489 ‚
770 1444 814 1480 de

131 1498 287 1533 Hectore
302 1524 313 1542 ‚
346 1496 407 1544 qui
434 1497 582 1544 Ajacem
614 1496 815 1532 interficere

130 1550 312 1597 cupiebat:

128 1607 254 1650 Τεύχεα
272 1607 425 1647 συλήσας,
443 1607 518 1639 οἴσω
533 1607 622 1646 προτὶ
631 1598 710 1639 sim
727 1605 814 1652 ἱρὴν,

132 1659 352 1708 Κκὶκρεμὸὼι·
406 1654 817 1697 ὶνηᾶνἈπίλλωνοςέκάτ-οιο.

132 1707 180 1744 Et
194 1708 286 1744 infra
297 1708 337 1743 in
431 1707 504 1754 ipsa
515 1706 688 1754 Epistola:

309 1783 340 1792 ...
358 1765 467 1792 Referu
479 1765 528 1790 ista
538 1765 596 1791 sack
604 1773 678 1790 um
688 1765 759 1790 Jovi.

132 1814 226 1851 Vide
244 1822 282 1852 et
304 1816 499 1851 Horatium
522 1813 632 1861 Epist.
655 1826 670 1850 1
684 1841 693 1859 ,
718 1813 776 1849 lib.
792 1825 816 1848 1.

132 1868 302 1905 Solebam
328 1868 456 1904 milites
469 1894 480 1912 ‚
511 1867 672 1903 consecto
696 1866 788 1902 bello
805 1893 815 1910 ,

133 1933 212 1967 que
220 1927 397 1968 gesserant
410 1932 508 1956 arma
518 1919 561 1954 ad
570 1919 667 1954 Deos
678 1932 818 1965 suspen-

133 1973 230 2009 dere.
237 1972 344 2009 ovid.
354 1972 413 2008 lib.
422 1983 475 2008 1v.
487 1972 594 2008 Trist.
611 1971 666 2006 El.
677 1972 711 2015 8,
719 1985 751 2006 v.
759 1984 817 2006 22:

133 2033 213 2060 mile·
224 2033 271 2059 nbi
283 2033 398 2060 emeriti·
407 2042 462 2060 uon
470 2037 510 2058 est
519 2033 583 2058 ntis
598 2032 671 2058 utilis
684 2041 759 2057 sums
771 2050 779 2063 ,

132 2093 136 2097 ·
165 2083 286 2111 Ponit-d
296 2082 419 2117 antiquos
431 2090 491 2117 qua
507 2082 569 2107 tulit
581 2091 653 2107 mna
666 2082 742 2106 lares.
771 2081 801 2107 c.

132 2133 191 2168 Ut
201 2146 266 2168 sua
281 2134 356 2175 dee,
374 2131 510 2167 Donzae
529 2138 699 2178 excerpta.

181 2187 235 2221 ⁵1.
268 2186 339 2221 Sed
361 2188 462 2220 {tineo
475 2211 484 2229 ,
515 2187 705 2230 quotiesque
730 2185 824 2218 subit

137 2240 328 2273 mirer-abile
335 2239 466 2273 beilum.
475 2237 572 2272 Libri
579 2244 726 2281 veteres,
735 2248 821 2283 ρη-

132 2297 193 2326 ·ter
208 2303 324 2325 unum
338 2291 551 2326 Vaticanum
563 2317 573 2334 ,
596 2296 818 2325 constanter:

138 2343 210 2378 Sed
231 2346 331 2378 timeo
355 2346 485 2389 quoties
506 2345 619 2377 subiit.
650 2342 821 2377 Existimo

136 2395 364 2432 scribendum
376 2422 386 2439 ‚
405 2397 475 2430 Sed
485 2397 610 2430 mnidae
623 2399 752 2440 quoties
763 2408 824 2429 su-

139 2450 204 2483 biit
214 2476 223 2491 ‚
241 2447 297 2483 vel
309 2449 486 2491 tamidam;
501 2454 540 2482 ut
559 2447 650 2482 Fast.
666 2458 696 2482 11
709 2474 718 2491 ,
739 2448 823 2493 753:

332 2525 363 2534 ...
381 2507 491 2541 Quotiu
503 2507 641 2541 pugnantis
656 2507 741 2540 imngo

139 2557 186 2584 Me
201 2558 283 2584 subit.
615 2556 725 2582 Harus-

141 2606 214 2644 Sed
241 2607 445 2654 simpliciter
475 2609 585 2641 subire
610 2606 718 2642 etiam
741 2605 825 2642 dixit

139 2659 222 2695 insr.
238 2673 326 2695 vers.
345 2660 407 2694 123
426 2673 436 2695 τ
453 2672 561 2708 quare
577 2658 665 2694 nihil
681 2665 793 2694 muto.

189 2713 242 2757 54.
279 2714 450 2748 Timenda.
478 2714 678 2748 ‘Ta-menda
706 2711 828 2747 mallet

141 2764 321 2800 Francius.

142 2830 146 2834 ’
190 2817 242 2852 58.
270 2819 399 2863 Quique
421 2830 483 2854 suo
504 2819 669 2865 Phrygias
694 2830 827 2863 corpote

872 1393 986 1438 ferte!
997 1406 1087 1438 opes.
1104 1393 1239 1429 Notum
1255 1393 1418 1429 omnibus
1431 1401 1466 1429 et
1481 1394 1566 1430 vul-

881 1453 1002 1492 gaturn
1018 1458 1125 1491 quam
1141 1446 1195 1481 sui
1211 1446 1367 1482 curiosus
1387 1454 1422 1482 et
1439 1454 1566 1482 osten—

881 1504 1073 1533 tatoresset
1090 1499 1189 1534 Paris
1205 1511 1213 1533 :
1230 1512 1336 1544 quam
1348 1499 1566 1535 muliebriter

881 1557 1000 1586 cutem
1016 1557 1052 1586 et
1068 1557 1278 1586 ornamenta
1301 1559 1450 1586 curaret.
1474 1552 1565 1587 Vide

882 1603 1007 1649 quibus
1023 1612 1107 1638 eum
1122 1603 1236 1639 verbis
1262 1603 1450 1651 indignans
1468 1605 1570 1640 Hec-

882 1662 939 1691 tor
954 1657 1139 1703 increpitet
1152 1684 1161 1701 ,
1186 1656 1283 1692 Iliad.
1301 1664 1333 1702 l,
1355 1658 1396 1692 58
1413 1665 1450 1693 et
1465 1671 1539 1706 sqq.

927 1710 981 1757 59.
997 1711 1066 1744 Per
1075 1723 1156 1756 quae.
1173 1710 1299 1745 Malim
1311 1723 1377 1755 per
1392 1724 1475 1756 quos
1492 1725 1502 1746 :
1529 1719 1569 1746 ut

882 1761 1010 1797 milites
1021 1761 1281 1809 intelligantur:
1292 1762 1354 1798 sed
1365 1763 1443 1798 vide
1453 1764 1571 1799 Vossii

881 1827 970 1861 opus
981 1814 1276 1860 Grammaticum,
1290 1816 1378 1851 libro
1391 1816 1433 1851 de
1452 1815 1570 1852 Cons-

882 1867 1059 1902 tructione
1077 1894 1086 1912 ‚
1106 1881 1178 1914 cap.
1194 1879 1243 1903 ιν.
1262 1868 1397 1904 Hmns.

927 1919 982 1954 60.
1007 1922 1058 1954 Et
1076 1923 1227 1965 sequitur
1247 1925 1346 1965 regni
1363 1934 1448 1965 pars
1467 1926 1571 1967 quola

880 1984 1041 2017 quemque
1056 1975 1119 2006 sui.
1136 1972 1246 2007 Recte
1257 1977 1486 2019 quotacunque
1502 1974 1571 2009 Pu-

884 2030 1026 2068 teaneo,
1040 2037 1105 2070 pro
1117 2023 1251 2060 diversa
1267 2026 1428 2060 lectione.
1446 2026 1572 2062 Sarra-

885 2076 1008 2113 viarius
1017 2081 1267 2123 quotaquoeque,
1285 2077 1340 2112 vel
1354 2082 1574 2124 quolaquam—

886 2143 949 2176 que
966 2143 976 2164 :
994 2135 1229 2176 quotaquaeque
1252 2130 1358 2165 etiam
1384 2131 1486 2166 multi
1516 2132 1573 2166 alii

887 2197 928 2219 ex
941 2184 1085 2230 scriptis.
1103 2179 1291 2219 fimus-4·—
1308 2185 1413 2228 Quem'
1426 2187 1578 2230 sequitur

888 2236 996 2272 etiam
1013 2236 1182 2272 Francius
1197 2236 1405 2282 conjiciebat
1420 2249 1428 2271 ε
1443 2241 1572 2282 quota—

888 2302 1020 2336 ‘quaeque
1035 2301 1120 2324 vero
1128 2296 1222 2324 recte
1234 2303 1243 2332 ;
1257 2295 1292 2324 et
1307 2288 1497 2335 legendum
1510 2302 1573 2335 per

886 2342 1214 2389 interrogationem.
1230 2342 1285 2376 Ita
1302 2340 1449 2388 Quinct.
1474 2341 1573 2377 Decl.

890 2404 1058 2431 cccxxxv
1075 2408 1083 2430 :
1100 2396 1192 2430 Dum
1209 2397 1357 2430 membra
1372 2395 1549 2440 sufficiunt
1562 2422 1571 2437 ,

889 2450 967 2483 dum
987 2451 1024 2482 in
1053 2446 1167 2495 officio
1187 2451 1275 2482 vires
1301 2451 1382 2483 sunl
1399 2459 1413 2490 ‚·
1438 2452 1573 2494 quotam

889 2515 1050 2548 quamque
1065 2505 1200 2546 partem
1214 2502 1323 2535 habeo
1338 2504 1510 2537 viventis?
1532 2501 1574 2535 Β.

934 2555 974 2589 61
982 2581 989 2589 .
1000 2555 1147 2589 Consors
1158 2554 1283 2588 Ledaea
1286 2556 1450 2598 gemellis.
1462 2555 1581 2589 zedaei

891 2619 1019 2642 censeo
1044 2605 1285 2653 castigandum
1305 2633 1314 2650 ‚
1346 2613 1385 2641 ut
1409 2613 1444 2641 et
1475 2605 1576 2641 initio

888 2658 1057 2706 Epistolae
1074 2658 1221 2694 Paridis.
1240 2658 1371 2694 Grecis
1393 2658 1489 2694 enim
1506 2672 1575 2704 pa-

892 2712 1098 2760 tronymicis
1109 2711 1267 2757 impense
1282 2711 1474 2748 delectatur
1484 2712 1578 2749 Nos-

893 2771 959 2801 ter.
980 2765 1039 2800 sic
1052 2764 1109 2799 lib.
1121 2775 1136 2798 1
1150 2791 1159 2809 ‚
1179 2764 1268 2799 Met.
1284 2765 1372 2808 504:

893 2821 1019 2856 Nympha
1026 2839 1035 2852 ,
1049 2830 1154 2854 luc-⁴:01⁴,
1165 2819 1243 2847 Penei
1254 2829 1338 2845 mnne.
