1884 3112
0 2319 5 2373 «ν-
0 2284 5 2306 -”ν
0 2218 9 2269 w*
0 2172 8 2209 w
6 2159 10 2163 ,

569 257 879 303 CYDIPPE
913 257 1259 304 ACONTIO.
1552 258 1634 319 39¹

197 349 324 418 Saepe
347 350 572 399 coronatis
595 348 768 400 stillant
787 363 1018 415 unguenta
1042 350 1239 419 capillis,

265 429 328 476 Et
350 427 542 477 trahitur
562 427 706 478 multo
732 428 967 496 splendida
988 428 1108 496 palla
1130 428 1276 478 eroco.

200 504 357 570 Quum
379 505 528 568 tetigit
550 504 686 555 limen
700 542 713 564 ,
738 505 940 555 lacrimas
961 507 1211 574 mortisque
1234 506 1438 555 timorem

267 585 444 643 Cernit,
470 595 517 633 et
537 603 564 633 a
575 583 713 634 cultu
732 584 874 633 multa
890 596 1063 634 remota
1081 603 1178 634 suo.

200 661 388 728 Projicit
410 662 507 730 ipse
533 680 615 711 sua
638 661 851 712 deductas
873 662 1019 712 fionte
1044 680 1255 721 coronas,
1581 677 1643 713 165

267 740 591 808 Spissaquerde
614 740 771 789 nitidis
796 741 932 804 tergit
955 758 1128 790 amoma
1152 740 1315 799 comis3

199 818 262 866 Et
282 817 424 885 pudet
445 817 494 866 in
518 812 635 866 tristi
658 816 808 866 laetum
831 831 1101 881 consurgere
1125 817 1290 866 turba:

267 896 451 963 Quique
474 896 643 945 erdtzin
667 895 811 963 palla,
835 896 997 945 transit
1019 897 1068 944 in
1093 915 1172 945 ora
1191 896 1348 945 rubor.

200 973 264 1023 At
281 972 416 1032 mihi,
435 991 500 1022 vae
520 972 716 1023 miserae!
743 978 971 1024 torrentur
990 974 1197 1024 febribus
1222 987 1346 1024 artus
1363 993 1375 1033 3

267 1053 331 1101 Et
353 1052 530 1116 gravius
550 1052 674 1118 justo
695 1052 833 1120 pallia
854 1053 1035 1120 pondus
1054 1053 1238 1102 habent.
1587 1079 1648 1115 170

199 1130 454 1196 Nostraque
476 1128 708 1196 plorantes
728 1129 862 1179 video
884 1149 1020 1197 super
1038 1149 1117 1179 ora
1138 1142 1345 1197 parentes
1366 1149 1378 1179 τ

227 1252 229 1259 .
268 1208 351 1266 Et,
376 1207 470 1257 face
494 1224 579 1274 pro
604 1206 810 1266 thalami,
835 1207 908 1256 fax
928 1207 1040 1258 mihi
1062 1208 1222 1256 mortis
1246 1208 1386 1257 adest.

201 1286 340 1336 Parce
363 1285 613 1344 laborantis,
638 1286 760 1353 picta
782 1287 880 1335 Dea
902 1285 1001 1335 laeta
1023 1285 1253 1352 pharetra3
1273 1302 1276 1307 ·

269 1365 438 1432 Daque·
454 1363 835 1431 salutiferam'jam
857 1364 970 1413 mihi
992 1363 1144 1414 fratris
1166 1383 1299 1431 opem
1318 1365 1330 1411 ἱ

203 1443 356 1510 Turpe
381 1443 467 1492 tibi
491 1455 578 1501 est,
601 1441 731 1492 illum
753 1461 908 1492 causas
933 1441 1153 1510 depellere
1178 1442 1287 1502 leti;
1589 1458 1650 1504 175

269 1523 335 1571 Te
361 1534 518 1571 eontra
541 1521 723 1571 titulum
745 1521 903 1570 mortis
921 1521 1240 1573 habeoemeae.
1315 1528 1318 1531 '

204 1598 459 1667 Numquid,
483 1599 533 1648 iu
554 1599 769 1648 umbroso
794 1617 935 1666 quum
957 1597 1102 1650 velles,
1115 1598 1245 1650 fonte.
1268 1596 1406 1649 lavari
1422 1634 1439 1656 ,

265 1674 540 1744 Imprudens
559 1675 713 1741 vultus
732 1675 788 1726 ad
811 1688 889 1725 tua
911 1676 1046 1727 labra?
1056 1674 1140 1729 tuli
1160 1677 1180 1725 ἐ’
1200 1703 1215 1722 -;
1260 1706 1263 1710 ·

202 1754 462 1804 Praeteriine
486 1754 665 1804 tuassde
690 1765 762 1803 tot
782 1753 1038 1806 caelestibus.
1055 1760 1153 1808 aras
1170 1753 1203 1806 ᾖ

204 1865 258 1895 tat
280 1858 325 1894 ad
352 1859 587 1903 latinitatem,
613 1871 690 1894 non
717 1858 848 1904 video,
866 1859 896 1895 si

208 1910 422 1956 Columella,
434 1910 479 1946 de
492 1911 546 1946 Re
559 1911 661 1946 Rust.
677 1922 791 1954 nvn,
804 1911 827 1944 6
837 1936 848 1954 ,
859 1917 905 1945 et.

205 1975 266 2000 nv
276 1991 287 2010 ,
305 1965 344 2009 3,
362 1966 404 2010 4,
420 1971 517 2000 reete
532 1963 618 1999 dixit
637 1966 748 1999 olivas
760 1990 769 2005 ,
787 1976 896 2007 napos

204 2017 509 2063 acetoinsundeoe,
529 2029 594 2052 cur
606 2028 682 2051 non
697 2022 791 2051 recte
808 2015 905 2051 Nos:

204 2078 261 2107 ter
274 2073 405 2107 lumina
418 2073 494 2106 oleo
507 2069 636 2116 infusa.
654 2070 817 2104 mem’.

251 2121 325 2158 162.
348 2122 534 2168 splendida
546 2123 648 2167 palla
665 2130 775 2156 cmco.
799 2121 895 2155 Puto

194 2178 391 2222 flammeum
402 2174 569 2222 intelligi,
582 2169 678 2220 quod
692 2182 794 2209 novae
805 2186 895 2219 nup-

205 2238 252 2266 tae
267 2229 436 2278 gerebant
449 2242 458 2265 ε
470 2228 506 2270 id
525 2228 622 2273 enim
639 2223 756 2262 crocei
769 2226 895 2262 coloris

205 2288 292 2319 er'at.
307 2283 470 2319 Lucanus
491 2285 617 2318 luteum
634 2288 737 2317 vocat
751 2294 760 2317 z
777 2288 818 2316 ut
835 2281 893 2316 lih.

208 2348 240 2373 11
253 2363 264 2382 ,
282 2337 345 2372 261
361 2350 371 2373 ε

207 2393 296 2419 Lutea
306 2393 435 2418 demtum
447 2391 717 2427 velaruntslammaea
726 2388 827 2416 vultus.
851 2391 893 2417 M.

261 2442 334 2478 165.
363 2441 511 2486 ijicil
533 2444 607 2486 ipse
632 2444 717 2475 s'uas
728 2441 896 2475 ‘deduz-ta

197 2495 320 2541 smnte
341 2507 494 2529 coronas.
521 2488 699 2538 Legebam
715 2519 726 2537 ,
744 2494 896 2528 adducta

196 2548 340 2593 [νηπίη
358 2546 426 2581 hoc
441 2553 493 2581 est
509 2551 691 2581 contracta
704 2544 748 2579 'et
767 2557 895 2591 rugosa

206 2603 325 2637 fronte
339 2627 348 2646 ,
366 2599 460 2646 quod
477 2598 649 2641 mdes'titiae
664 2597 805 2645 signum
823 2605 893 2643 est,

208 2659 245 2688 et
274 2665 293 2687 a
317 2651 479 2697 sequenti
506 2650 663 2698 proxime
689 2644 895 2686 hexametro

207 2705 460 2741 confirmatur:
473 2715 690 2750 quamquam
702 2710 739 2738 et
749 2704 897 2739 deducta

200 2758 321 2803 smus,
340 2769 412 2803 quo
434 2756 544 2791 modo
569 2757 718 2791 deducta
741 2769 810 2790 vox
823 2768 834 2790 ,·
849 2755 893 2792 de

210 2822 279 2855 qua
290 2809 449 2846 Macrob.
458 2808 578 2855 lib.v1‚
590 2807 766 2845 saturnal.
783 2821 855 2855 cap.
864 2809 894 2853 4.

940 1852 943 1855 ’
961 1842 1117 1902 Seneca,
1134 1858 1245 1904 Epist.
1262 1868 1375 1893 LVIII:
1391 1859 1512 1904 Itaque
1525 1861 1564 1892 et
1577 1859 1648 1892 vul-

949 1917 1031 1947 -tum
1047 1917 1070 1946 ὰ
1094 1914 1196 1954 ducet
1208 1912 1260 1962 fd
1269 1914 1445 1946 tnlttitiam
1456 1937 1465 1951 ‚
1484 1915 1522 1944 et
1535 1912 1653 1945 inhor-

949 1963 1055 2010 ³resce
1082 1965 1133 1998 ad
1141 1965 1256 1998 subita
1265 1989 1274 2004 ‚
1285 1967 1322 1997 et
1331 1964 1511 2013 caltjqabitss
1524 1965 1652 1997 sivos-

940 2021 1032 2050 -tam
1063 2016 1278 2051 amtuamtm
1307 2016 1508 2060 despexen‘t.
1551 2015 1651 2051 Suet.

961 2069 1081 2104 Tiber.
1097 2070 1141 2103 68
1153 2081 1161 2103 :
1173 2071 1361 2103 Incedebat
1374 2071 1503 2103 cervice
1517 2070 1630 2113 rigida
1638 2095 1647 2110 ,

959 2126 998 2156 et
1010 2123 1146 2166 obstipa
1155 2148 1164 2163 ,
1182 2120 1418 2165 adductosbte
1433 2123 1539 2155 vultu.
1566 2121 1652 2156 Ad-

960 2177 1080 2209 ducere
1094 2180 1130 2209 et
1143 2175 1264 2222 ducere
1270 2173 1423 2218 frontem
1446 2173 1573 2208 modus
1588 2173 1651 2208 10-ss

961 2227 1094 2273 (suendi
1102 2227 1254 2274 elegans;
1265 2226 1360 2272 quod
1370 2226 1442 2262 aliis
1451 2229 1650 2263 contrahere

950 2281 1122 2325 frontem,
1145 2279 1238 2326 apud
1254 2279 1467 2315 Juvenalem
1484 2281 1650 2315 obducere

949 2328 1195 2379 frontemsat.
1206 2343 1263 2376 tx,
1278 2346 1304 2367 1.
1316 2332 1451 2367 Hssms.
1469 2331 1546 2378 Ego
1556 2332 1649 2367 mal-

960 2384 1033 2419 lem
1054 2397 1139 2418 cum
1157 2384 1308 2419 Fta'ncio
1320 2410 1329 2428 ,
1347 2385 1513 2418 deductas
1528 2384 1649 2428 smnle

959 2449 1122 2478 coronas,
1140 2435 1413 2480 vel-,detructum
1437 2443 1474 2471 et
1495 2436 1544 2471 ita
1567 2449 1649 2472 cum

959 2490 1122 2536 sequenti
1135 2503 1238 2525 versu
1252 2489 1378 2525 melius
1393 2489 1624 2525 cohaererent.

1008 2557 1020 2578 1
1029 2557 1080 2590 72·
1094 2545 1154 2585 Et,
1159 2544 1246 2588 face
1252 2556 1316 2588 pm
1329 2545 1550 2580 tbalamietc.
1562 2545 1652 2580 Ver-

959 2595 1069 2630 batim
1098 2596 1171 2630 fere
1199 2595 1432 2631 Aristenaetus
1455 2608 1462 2629 :
1486 2600 1551 2632 Καὶ
1581 2600 1651 2643 πρὸς

961 2650 1085 2698 &foedio
1099 2673 1109 2691 ‚
1127 2648 1198 2683 ἄντί
1212 2652 1428 2695 νυμφαγωγίας
1441 2673 1451 2692 ,
1472 2651 1503 2684 οἱ
1521 2651 1650 2688 τεκὸντες

961 2703 1069 2748 ἑώρων.

1010 2755 1082 2800 ¹74·
1104 2756 1247 2789 Fratris.
1275 2752 1468 2800 Apollinis,
1496 2754 1647 2797 scilicet;

963 2807 1023 2853 qui
1039 2808 1112 2853 ipse
1124 2834 1133 2852 ,
1147 2807 1190 2844 de
1207 2820 1243 2843 se
1258 2807 1333 2854 ipso
1343 2835 1353 2852 ,
1366 2808 1515 2844 Metam.
1526 2818 1556 2843 11
1566 2835 1576 2853 ,
1591 2810 1652 2843 52:
