1884 3112
505 218 900 267 HYPSIPYLE
935 221 1152 268 JASON
1169 225 1208 268 Ῑ.

1491 242 1572 289 127

221 310 474 377 Quaerimus
491 332 501 361 ε
521 312 740 365 alternant
762 333 951 384 spesque
971 316 1189 384 timorque
1208 316 1352 366 fidem.

105 427 109 430 .
158 382 343 452 Singula
365 388 471 438 dum
493 403 664 452 narrat,
690 392 838 443 studio
861 413 1080 462 cursuque
1100 393 1336 461 loquendi,

219 464 402 529 Detegit
421 466 601 531 ingenio
623 468 805 520 vulnera
826 469 939 522 facta
963 483 1057 521 tuo.
1416 479 1419 481 ’
1531 486 1575 532 40

157 542 280 592 Heu!
303 544 385 593 ubi
404 557 534 612 pacta
553 545 693 599 fides?
714 549 795 598 ubi
819 548 1105 600 connubialia
1123 549 1256 614 jura?

220 620 399 688 Faxque
421 622 507 672 sub
525 641 702 672 arsuros
724 623 901 687 dignior
921 623 984 672 ire
1007 625 1177 687 rogos?

155 695 262 746 Non
283 717 368 762 ego
391 717 491 749 sum
511 698 633 748 furto
655 700 741 749 tibi
764 700 955 765 cognita.
987 701 1202 750 Pronuba
1220 702 1343 751 Juno

219 774 401 834 Adfuit,
424 787 470 826 et
488 777 618 826 sertis
639 788 840 845 tempora
862 778 1037 828 vinctus
1060 779 1249 846 Hymen.

153 850 217 900 At
236 851 348 900 mihi
368 870 449 902 nec
468 852 612 912 Juno,
634 873 716 904 nec
742 857 939 921 Hymen,
965 856 1044 905 sed
1067 856 1206 905 tristis
1228 856 1421 925 Erinnys
1532 874 1576 918 45

216 927 419 978 Praetulit
441 927 655 979 infaustas
680 931 1023 996 sanguinolenta
1042 932 1170 981 faces.

152 1006 279 1071 Quid
298 1007 411 1055 mihi
434 1026 534 1057 cum
555 1008 752 1075 Minyis?
776 1009 886 1076 quid
909 1029 1011 1059 cum
1027 1010 1261 1060 Tritonide
1285 1012 1432 1079 pinu?

214 1083 341 1149 Quid
363 1084 450 1134 tibi
471 1104 571 1135 cum
587 1086 754 1153 patria,
778 1088 924 1137 navita
946 1088 1118 1156 Tiphy,
1143 1091 1270 1138 mea?

149 1229 294 1276 dentes,
322 1236 360 1266 et
379 1243 423 1268 ex
445 1231 488 1268 iis
517 1238 669 1268 armatos
690 1233 784 1269 viros
807 1246 830 1269 e

149 1288 245 1318 terra
259 1289 383 1327 natos,
410 1296 493 1319 mox
511 1297 532 1319 a
556 1298 593 1321 se
617 1291 743 1320 mutuo
765 1285 830 1320 in—

151 1340 338 1377 teremtos;
356 1342 534 1382 postremo
556 1343 592 1372 et
609 1344 830 1384 serpentem,

150 1386 223 1421 sive
239 1386 430 1424 draconem
447 1388 634 1425 devictum.
650 1389 768 1436 Atque
785 1390 834 1425 ibi

150 1444 272 1475 tamen
305 1453 372 1486 ego
399 1441 531 1476 iterum
567 1442 709 1488 quaesivi
742 1449 806 1478 etc.
822 1456 831 1485 ;

149 1491 212 1526 sed
233 1491 310 1529 hac
332 1506 408 1529 non
430 1494 479 1529 ita
504 1495 623 1541 magni
648 1495 833 1529 momenti.

149 1543 244 1579 Mihi
272 1549 393 1580 tamen
423 1545 552 1580 Aldina
586 1546 692 1581 lectio
721 1547 832 1593 magis

148 1596 326 1642 probatur.
348 1597 489 1632 Mica.
596 1614 599 1617 *

190 1647 246 1696 39.
269 1649 389 1684 &adio
412 1661 573 1694 cursuque
599 1651 765 1695 loquendi.
786 1651 829 1687 Id

145 1704 199 1734 eet
209 1724 220 1743 ‚
235 1699 395 1735 narranti
411 1700 564 1736 studiose
581 1714 658 1747 quae
674 1703 804 1739 feceras
817 1731 828 1749 ,

144 1750 270 1787 excidit
286 1758 327 1787 ut
341 1765 383 1787 ea
398 1751 579 1800 detegeret
595 1766 671 1800 quae
688 1762 828 1791 tantum

143 1802 234 1839 mihi
241 1803 402 1840 dolorem
412 1812 514 1840 erant
526 1806 680 1842 allatura.
688 1827 733 1835 —
749 1812 828 1845 Vul-

142 1868 245 1900 nem;
263 1857 431 1904 injuriam
446 1871 488 1893 ex
505 1859 645 1895 Medeae
665 1868 769 1907 raptu
782 1862 827 1897 il-

141 1906 252 1943 latam
271 1909 454 1956 siguificat.

186 1961 242 2004 41.
253 1962 332 1996 Heu
338 1964 508 2007 ubipacio
504 1964 610 2008 fides.
622 1966 728 2007 Heus,
746 1967 826 2012 qui-

142 2009 227 2046 dam
241 2012 387 2049 codices.
402 2013 615 2061 Aprosianus
629 2029 638 2051 z
654 2019 725 2052 Dic
738 2022 801 2053 ubi
809 2031 823 2062 ,-

142 2063 204 2098 sed
222 2063 311 2100 nihil
326 2073 436 2102 muta.
451 2067 532 2102 Vid.
549 2068 591 2103 ad
604 2068 668 2115 Ep.
682 2081 733 2114 w,
751 2073 826 2107 150.

187 2117 240 2159 42.
259 2119 398 2164 Faxque
413 2122 475 2154 sub
489 2133 623 2156 arsums
634 2124 770 2167 dignior
776 2127 825 2159 ire

140 2180 250 2212 meos.
259 2168 421 2216 Dignior,
429 2185 506 2218 quae
514 2173 707 2219 funeribus,
718 2189 824 2222 quam

143 2220 274 2265 nuptiis
287 2222 464 2268 prefuerit
479 2251 490 2268 ,
515 2232 636 2272 utpote
658 2240 735 2273 quae
750 2236 823 2265 tam

143 2271 334 2309 infaustum
350 2274 577 2323 hymeneum
588 2283 808 2317 consecrarit.

186 2324 240 2368 43.
255 2327 393 2363 Furtim.
409 2328 572 2366 Scriverii
587 2358 597 2375 ,
615 2333 824 2369 Francosur-

142 2376 268 2422 tensis,
288 2385 324 2414 et
340 2387 490 2426 quatuor
513 2383 567 2418 aiii
581 2383 701 2428 sudo,
727 2388 823 2432 quod

140 2428 296 2475 recipere
316 2445 390 2467 non
408 2433 642 2471 dubitavimus
655 2463 664 2480 ‚
690 2439 770 2483 quia
785 2439 822 2475 id

141 2479 331 2527 elegantius
342 2511 352 2529 ,
377 2492 414 2520 et
426 2485 527 2522 bonis
541 2490 739 2526 auctoribus
757 2492 822 2528 usi·

140 2537 254 2568 tatum
274 2537 455 2581 novimus;
485 2540 545 2574 sed
561 2553 650 2587 saepe
668 2555 732 2578 vox
747 2543 822 2580 haec

141 2595 162 2618 a
175 2584 321 2622 librariis
335 2589 411 2625 loco
426 2598 534 2627 mota.
552 2593 604 2628 Ita
621 2594 711 2640 apud
728 2597 820 2631 Vir-

141 2635 199 2681 gil.
212 2647 266 2682 lv,
279 2639 357 2687 337,
374 2654 416 2676 ex
432 2645 572 2690 optimis
587 2647 820 2685 membranis:

274 2717 298 2725 .-
309 2719 317 2726 .
337 2701 394 2727 Nec
407 2712 455 2735 ego
467 2703 533 2729 bane
548 2705 788 2742 nbwmdtnsum

141 2746 267 2781 Speravi,
283 2758 316 2776 ue
330 2750 415 2784 finge,
433 2752 531 2787 sugam-

894 1233 942 1268 Et
956 1232 1068 1269 Statio
1081 1233 1234 1269 reddidit
1247 1233 1408 1270 Bernart.
1424 1246 1449 1270 1.
1460 1234 1573 1270 Theb.

895 1286 958 1320 312
974 1312 983 1329 ‚
1008 1285 1067 1331 qui
1086 1286 1241 1331 pluribus
1258 1286 1301 1321 de
1323 1299 1363 1321 ea
1381 1299 1464 1322 voce
1498 1288 1578 1334 agit.

899 1337 1000 1373 Idem
1028 1338 1158 1373 Statius
1179 1349 1217 1382 v,
1241 1339 1306 1386 494
1326 1350 1334 1373 :
1357 1341 1455 1384 Vaga
1477 1342 1579 1374 litora

886 1390 986 1435 furio
1000 1391 1206 1425 Incomitata
1220 1402 1359 1436 sequor,·
1379 1391 1438 1426 ubi
1455 1391 1578 1428 itidem

898 1442 953 1476 alii
969 1442 1104 1478 codices
1108 1443 1243 1488 sudim.
1260 1443 1390 1478 BURM.

940 1495 994 1540 47»
1019 1495 1113 1539 Quid
1121 1497 1208 1529 mihi
1221 1507 1294 1529 cum
1311 1495 1476 1543 M'nyin?
1501 1495 1578 1531 Cur

894 1547 1024 1593 M‘nyoe
1053 1559 1074 1581 a
1098 1547 1210 1592 poetis
1235 1546 1448 1593 Argonautae
1473 1549 1577 1595 vulgo

894 1598 1140 1643 nominentur,
1155 1611 1229 1634 non
1243 1600 1323 1634 satis
1334 1607 1469 1636 constat
1483 1602 1577 1636 inter

892 1651 1210 1698 veteres.Apollon.
1221 1652 1336 1697 enim,
1353 1664 1367 1687 1
1377 1679 1387 1697 ,
1402 1667 1468 1702 229
1480 1680 1489 1698 ,
1505 1667 1576 1688 no-

893 1715 978 1737 men
994 1703 1088 1738 ducit
1106 1717 1124 1738 a
1143 1705 1269 1752 Mynia
1286 1705 1439 1750 quodam
1450 1732 1459 1750 ,
1477 1707 1576 1753 cujus

894 1754 1087 1803 Alcymede
1105 1756 1175 1791 filia
1189 1757 1314 1792 AEsoni
1330 1765 1514 1804 nupserat,
1539 1766 1576 1794 et

891 1807 916 1841 J
918 1808 1031 1846 asonis
1037 1815 1150 1843 mater
1158 1808 1306 1844 fuit.Alii
1313 1823 1431 1854 ver0‚a
1440 1811 1576 1857 populis

892 1859 951 1904 qui
968 1860 1152 1906 regionem
1178 1861 1273 1896 Iolco
1294 1863 1444 1897 vicinam
1467 1864 1574 1898 inco-

890 1910 1029 1953 lebant;
1048 1912 1103 1947 alii
1117 1913 1269 1958 denique
1282 1940 1292 1958 ,
1311 1914 1353 1948 ab
1370 1915 1443 1961 ipso
1460 1916 1573 1961 urbis,

889 1963 945 1998 vel
975 1963 1071 1998 fluvii
1104 1965 1287 2010 cujusdam
1315 1967 1461 2002 nomine
1475 1982 1483 2010 3
1510 1969 1572 2003 sed

889 2015 1069 2060 probanda
1085 2017 1194 2062 magis
1212 2017 1326 2063 Apoll.
1343 2019 1471 2064 opinio.
1490 2020 1573 2056 Vid.

890 2067 1046 2102 Scoliast.
1062 2068 1103 2102 ad
1123 2069 1239 2103 locum
1255 2070 1410 2107 citatum.

933 2120 986 2164 48.
1017 2122 1110 2164 Quid
1127 2124 1194 2156 tibi
1210 2135 1284 2157 cum
1298 2127 1430 2167 patn'a,
1455 2128 1574 2160 nauita

894 2173 1015 2219 Tiphy,
1031 2186 1107 2207 mea
1118 2174 1138 2208 ?
1155 2173 1252 2221 Argo
1264 2175 1344 2210 navi
1361 2176 1574 2222 gubernator

887 2225 1090 2270 praepositus
1102 2226 1248 2274 Tiphys,
1260 2227 1365 2274 Agnii
1378 2229 1467 2264 filius
1476 2230 1572 2275 juxta

888 2276 1073 2322 Apollod.;
1092 2277 1303 2315 Phorbantis
1314 2293 1420 2325 vero,
1441 2282 1468 2316 si
1482 2282 1571 2330 Hy-

887 2329 970 2375 gino
990 2329 1085 2365 fides.
1114 2331 1197 2366 Non
1219 2331 1279 2367 Dii
1301 2341 1568 2379 concesserunt,

886 2388 926 2416 ut
946 2395 1017 2428 quo
1034 2382 1243 2428 tenderent,
1267 2384 1487 2431 Argonautas
1505 2387 1570 2421 Ti-

885 2433 973 2482 phys
1005 2434 1194 2471 deduceret
1210 2451 1219 2478 ;
1247 2437 1308 2472 sed
1341 2451 1451 2483 quum
1477 2438 1569 2484 apud

886 2486 1140 2535 Mariandynos
1149 2489 1373 2535 adpulissent,
1387 2491 1433 2525 ibi
1442 2491 1568 2525 morbo

885 2540 1081 2583 consectus,
1099 2541 1136 2575 in
1164 2542 1318 2588 regenda
1335 2543 1415 2577 navi
1431 2555 1567 2577 succes—

883 2603 1000 2626 sorem
1017 2591 1138 2628 habuit
1154 2594 1325 2630 Ancaeum
1337 2621 1347 2638 ,
1364 2602 1404 2630 ut
1420 2594 1564 2640 quidam

882 2644 1006 2678 volunt
1023 2658 1031 2685 ;
1070 2645 1244 2692 Erginum
1279 2660 1361 2682 vero
1373 2672 1382 2689 ‚
1412 2647 1566 2693 plurimi.

883 2694 998 2741 Orph.
1015 2697 1177 2743 Apollod.
1187 2710 1230 2743 11,
1248 2699 1322 2734 860.
1334 2699 1427 2747 Hyg.
1440 2701 1498 2744 14,
1514 2699 1562 2734 18.

883 2747 1002 2783 valer.
1019 2749 1129 2785 Flacc.
1146 2761 1170 2786 v
1181 2776 1191 2795 ,
1218 2751 1276 2797 13,
1290 2764 1365 2797 sqq.
