<?xml version="1.0" encoding="UTF-8"?>
<!DOCTYPE html PUBLIC "-//W3C//DTD XHTML 1.0 Transitional//EN"
    "http://www.w3.org/TR/xhtml1/DTD/xhtml1-transitional.dtd">
<html xmlns="http://www.w3.org/1999/xhtml" xml:lang="en" lang="en">
 <head>
  <title>
</title>
<meta http-equiv="Content-Type" content="text/html;charset=utf-8" />
  <meta name='ocr-system' content='tesseract 3.04.00' />
  <meta name='ocr-capabilities' content='ocr_page ocr_carea ocr_par ocr_line ocrx_word'/>
</head>
<body>
  <div class='ocr_page' id='page_1' title='image "./quaeextantomniao01oviduoft_0210.png"; bbox 0 0 1884 3112; ppageno 0'>
   <div class='ocr_carea' id='block_1_1' title="bbox 349 278 427 338">
    <p class='ocr_par' dir='ltr' id='par_1_1' title="bbox 349 278 427 338">
     <span class='ocr_line' id='line_1_1' title="bbox 349 278 427 338; baseline 0.038 -21"><span class='ocrx_word' id='word_1_1' title='bbox 349 278 427 338; x_wconf 82' lang='lat'><strong>178</strong></span> 
     </span>
    </p>
   </div>
   <div class='ocr_carea' id='block_1_2' title="bbox 796 277 1282 325">
    <p class='ocr_par' dir='ltr' id='par_1_2' title="bbox 796 277 1282 325">
     <span class='ocr_line' id='line_1_2' title="bbox 796 277 1282 325; baseline 0.01 -5"><span class='ocrx_word' id='word_1_2' title='bbox 796 277 1148 324; x_wconf 86' lang='lat' dir='ltr'>EPISTOLA</span> <span class='ocrx_word' id='word_1_3' title='bbox 1190 280 1282 325; x_wconf 86' lang='lat' dir='ltr'><strong>IX.</strong></span> 
     </span>
    </p>
   </div>
   <div class='ocr_carea' id='block_1_3' title="bbox 340 368 1752 972">
    <p class='ocr_par' dir='ltr' id='par_1_3' title="bbox 340 368 1572 509">
     <span class='ocr_line' id='line_1_3' title="bbox 340 368 1572 432; baseline 0.005 -16"><span class='ocrx_word' id='word_1_4' title='bbox 340 368 444 416; x_wconf 88' lang='lat' dir='ltr'><strong>Non</strong></span> <span class='ocrx_word' id='word_1_5' title='bbox 468 368 551 415; x_wconf 90' lang='lat' dir='ltr'><strong>tibi</strong></span> <span class='ocrx_word' id='word_1_6' title='bbox 573 368 736 416; x_wconf 84' lang='lat' dir='ltr'>crimen</span> <span class='ocrx_word' id='word_1_7' title='bbox 759 379 888 415; x_wconf 88' lang='lat' dir='ltr'><strong>erunt</strong></span> <span class='ocrx_word' id='word_1_8' title='bbox 908 368 1198 418; x_wconf 85' lang='lat' dir='ltr'><strong>Teuthrantia</strong></span> <span class='ocrx_word' id='word_1_9' title='bbox 1221 370 1353 419; x_wconf 87' lang='lat' dir='ltr'><strong>turba</strong></span> <span class='ocrx_word' id='word_1_10' title='bbox 1374 389 1572 432; x_wconf 82' lang='lat' dir='ltr'><strong>sorores,</strong></span> 
     </span>
     <span class='ocr_line' id='line_1_4' title="bbox 407 443 1316 509; baseline 0.003 -18"><span class='ocrx_word' id='word_1_11' title='bbox 407 444 606 506; x_wconf 82' lang='lat' dir='ltr'><strong>Quarum</strong></span> <span class='ocrx_word' id='word_1_12' title='bbox 631 443 683 491; x_wconf 90' lang='lat' dir='ltr'><strong>de</strong></span> <span class='ocrx_word' id='word_1_13' title='bbox 707 443 884 509; x_wconf 88' lang='lat' dir='ltr'><strong>populo.</strong></span> <span class='ocrx_word' id='word_1_14' title='bbox 901 443 1023 492; x_wconf 88' lang='lat' dir='ltr'><strong>nulla</strong></span> <span class='ocrx_word' id='word_1_15' title='bbox 1047 443 1197 494; x_wconf 85' lang='lat' dir='ltr'><strong>relicta</strong></span> <span class='ocrx_word' id='word_1_16' title='bbox 1219 445 1316 495; x_wconf 82' lang='lat' dir='ltr'><strong>tibi.</strong></span> 
     </span>
    </p>

    <p class='ocr_par' dir='ltr' id='par_1_4' title="bbox 343 520 1525 664">
     <span class='ocr_line' id='line_1_5' title="bbox 343 520 1525 587; baseline 0.003 -19"><span class='ocrx_word' id='word_1_17' title='bbox 343 522 462 579; x_wconf 80' lang='lat' dir='ltr'><strong>Una,</strong></span> <span class='ocrx_word' id='word_1_18' title='bbox 487 540 636 570; x_wconf 84' lang='lat' dir='ltr'><strong>recens</strong></span> <span class='ocrx_word' id='word_1_19' title='bbox 660 521 844 579; x_wconf 87' lang='lat' dir='ltr'><strong>crimen,</strong></span> <span class='ocrx_word' id='word_1_20' title='bbox 870 520 1100 587; x_wconf 86' lang='lat' dir='ltr'><strong>praefertur</strong></span> <span class='ocrx_word' id='word_1_21' title='bbox 1122 521 1318 572; x_wconf 88' lang='lat' dir='ltr'><strong>adultera</strong></span> <span class='ocrx_word' id='word_1_22' title='bbox 1339 523 1498 581; x_wconf 83' lang='lat' dir='ltr'><strong>nobis3</strong></span> <span class='ocrx_word' id='word_1_23' title='bbox 1522 555 1525 558; x_wconf 91' lang='lat'>·</span> 
     </span>
     <span class='ocr_line' id='line_1_6' title="bbox 404 597 1425 664; baseline 0.003 -19"><span class='ocrx_word' id='word_1_24' title='bbox 404 598 532 646; x_wconf 89' lang='lat' dir='ltr'>Unde</span> <span class='ocrx_word' id='word_1_25' title='bbox 557 617 640 661; x_wconf 83' lang='lat' dir='ltr'><strong>ego</strong></span> <span class='ocrx_word' id='word_1_26' title='bbox 665 617 762 645; x_wconf 91' lang='lat' dir='ltr'><strong>sum</strong></span> <span class='ocrx_word' id='word_1_27' title='bbox 785 597 910 664; x_wconf 86' lang='lat' dir='ltr'><strong>Lydo</strong></span> <span class='ocrx_word' id='word_1_28' title='bbox 934 597 1048 646; x_wconf 87' lang='lat' dir='ltr'><strong>facta</strong></span> <span class='ocrx_word' id='word_1_29' title='bbox 1070 618 1255 648; x_wconf 88' lang='lat' dir='ltr'><strong>noverea</strong></span> <span class='ocrx_word' id='word_1_30' title='bbox 1277 601 1425 648; x_wconf 84' lang='lat' dir='ltr'><strong>Lamo.</strong></span> 
     </span>
    </p>

    <p class='ocr_par' dir='ltr' id='par_1_5' title="bbox 342 675 1752 819">
     <span class='ocr_line' id='line_1_7' title="bbox 342 675 1752 741; baseline 0.002 -18"><span class='ocrx_word' id='word_1_31' title='bbox 342 675 592 723; x_wconf 76' lang='lat' dir='ltr'><strong>Maeandros</strong></span> <span class='ocrx_word' id='word_1_32' title='bbox 606 712 617 733; x_wconf 88' lang='lat'><strong>‚</strong></span> <span class='ocrx_word' id='word_1_33' title='bbox 645 675 775 724; x_wconf 88' lang='lat' dir='ltr'><strong>toties</strong></span> <span class='ocrx_word' id='word_1_34' title='bbox 801 675 878 741; x_wconf 88' lang='lat' dir='ltr'><strong>qui</strong></span> <span class='ocrx_word' id='word_1_35' title='bbox 901 675 1028 724; x_wconf 87' lang='lat' dir='ltr'><strong>terris</strong></span> <span class='ocrx_word' id='word_1_36' title='bbox 1051 687 1166 724; x_wconf 85' lang='lat' dir='ltr'><strong>errat</strong></span> <span class='ocrx_word' id='word_1_37' title='bbox 1188 676 1235 723; x_wconf 88' lang='lat' dir='ltr'><strong>in</strong></span> <span class='ocrx_word' id='word_1_38' title='bbox 1258 676 1417 734; x_wconf 86' lang='lat' dir='ltr'><strong>isdem,</strong></span> <span class='ocrx_word' id='word_1_39' title='bbox 1705 691 1752 726; x_wconf 71' lang='lat'><strong>55</strong></span> 
     </span>
     <span class='ocr_line' id='line_1_8' title="bbox 406 751 1363 819; baseline 0.003 -20"><span class='ocrx_word' id='word_1_40' title='bbox 406 751 499 815; x_wconf 83' lang='lat' dir='ltr'><strong>Qui</strong></span> <span class='ocrx_word' id='word_1_41' title='bbox 522 751 656 800; x_wconf 91' lang='lat' dir='ltr'><strong>lassas</strong></span> <span class='ocrx_word' id='word_1_42' title='bbox 680 752 726 799; x_wconf 90' lang='lat' dir='ltr'><strong>in</strong></span> <span class='ocrx_word' id='word_1_43' title='bbox 748 770 793 800; x_wconf 88' lang='lat' dir='ltr'><strong>se</strong></span> <span class='ocrx_word' id='word_1_44' title='bbox 817 771 930 818; x_wconf 84' lang='lat' dir='ltr'><strong>saepe</strong></span> <span class='ocrx_word' id='word_1_45' title='bbox 954 763 1183 819; x_wconf 82' lang='lat' dir='ltr'><strong>retorquet</strong></span> <span class='ocrx_word' id='word_1_46' title='bbox 1205 773 1363 819; x_wconf 86' lang='lat' dir='ltr'><strong>aquas,</strong></span> 
     </span>
    </p>

    <p class='ocr_par' dir='ltr' id='par_1_6' title="bbox 341 828 1364 972">
     <span class='ocr_line' id='line_1_9' title="bbox 341 828 1364 895; baseline 0.002 -19"><span class='ocrx_word' id='word_1_47' title='bbox 341 828 464 877; x_wconf 85' lang='lat' dir='ltr'><strong>Vidit</strong></span> <span class='ocrx_word' id='word_1_48' title='bbox 485 828 533 876; x_wconf 86' lang='lat' dir='ltr'><strong>in</strong></span> <span class='ocrx_word' id='word_1_49' title='bbox 553 828 770 877; x_wconf 89' lang='lat' dir='ltr'><strong>Herculeo</strong></span> <span class='ocrx_word' id='word_1_50' title='bbox 794 847 1008 895; x_wconf 89' lang='lat' dir='ltr'><strong>suspensa</strong></span> <span class='ocrx_word' id='word_1_51' title='bbox 1025 829 1211 878; x_wconf 75' lang='lat' dir='ltr'><strong>monilia.</strong></span> <span class='ocrx_word' id='word_1_52' title='bbox 1225 829 1364 888; x_wconf 89' lang='lat' dir='ltr'><strong>collo;</strong></span> 
     </span>
     <span class='ocr_line' id='line_1_10' title="bbox 401 903 1244 972; baseline 0.001 -19"><span class='ocrx_word' id='word_1_53' title='bbox 401 903 509 963; x_wconf 87' lang='lat' dir='ltr'><strong>Illo,</strong></span> <span class='ocrx_word' id='word_1_54' title='bbox 529 905 607 971; x_wconf 19' lang='lat' dir='ltr'><strong>*cui</strong></span> <span class='ocrx_word' id='word_1_55' title='bbox 629 904 781 954; x_wconf 79' lang='lat' dir='ltr'><strong>caelum</strong></span> <span class='ocrx_word' id='word_1_56' title='bbox 804 906 971 954; x_wconf 85' lang='lat' dir='ltr'><strong>sarcina</strong></span> <span class='ocrx_word' id='word_1_57' title='bbox 993 924 1126 972; x_wconf 89' lang='lat' dir='ltr'><strong>parva</strong></span> <span class='ocrx_word' id='word_1_58' title='bbox 1147 906 1244 955; x_wconf 85' lang='lat' dir='ltr'><strong>fuit.</strong></span> 
     </span>
    </p>
   </div>
   <div class='ocr_carea' id='block_1_4' title="bbox 331 1013 1015 2039">
    <p class='ocr_par' dir='ltr' id='par_1_7' title="bbox 337 1013 1012 1165">
     <span class='ocr_line' id='line_1_11' title="bbox 340 1013 1012 1059; baseline -0.003 -8"><span class='ocrx_word' id='word_1_59' title='bbox 340 1023 458 1051; x_wconf 88' lang='lat' dir='ltr'><strong>tamen</strong></span> <span class='ocrx_word' id='word_1_60' title='bbox 469 1041 479 1058; x_wconf 93' lang='lat'>‚</span> <span class='ocrx_word' id='word_1_61' title='bbox 497 1027 537 1048; x_wconf 88' lang='lat' dir='ltr'><strong>ex</strong></span> <span class='ocrx_word' id='word_1_62' title='bbox 547 1026 614 1059; x_wconf 83' lang='lat' dir='ltr'><strong>qua</strong></span> <span class='ocrx_word' id='word_1_63' title='bbox 626 1013 738 1049; x_wconf 84' lang='lat' dir='ltr'><strong>filium</strong></span> <span class='ocrx_word' id='word_1_64' title='bbox 755 1014 925 1049; x_wconf 88' lang='lat' dir='ltr'><strong>Hercules</strong></span> <span class='ocrx_word' id='word_1_65' title='bbox 937 1026 1012 1049; x_wconf 86' lang='lat' dir='ltr'><strong>sus-</strong></span> 
     </span>
     <span class='ocr_line' id='line_1_12' title="bbox 337 1065 1012 1113; baseline -0.004 -10"><span class='ocrx_word' id='word_1_66' title='bbox 337 1068 427 1113; x_wconf 85' lang='lat' dir='ltr'><strong>cepit</strong></span> <span class='ocrx_word' id='word_1_67' title='bbox 442 1065 659 1112; x_wconf 85' lang='lat' dir='ltr'><strong>Ctesippum,</strong></span> <span class='ocrx_word' id='word_1_68' title='bbox 675 1072 733 1101; x_wconf 87' lang='lat' dir='ltr'><strong>aut</strong></span> <span class='ocrx_word' id='word_1_69' title='bbox 747 1065 1012 1112; x_wconf 85' lang='lat' dir='ltr'><strong>Tlepolemum;</strong></span> 
     </span>
     <span class='ocr_line' id='line_1_13' title="bbox 338 1117 646 1165; baseline -0.006 -12"><span class='ocrx_word' id='word_1_70' title='bbox 338 1119 524 1165; x_wconf 83' lang='lat' dir='ltr'><strong>ambigitur</strong></span> <span class='ocrx_word' id='word_1_71' title='bbox 541 1117 646 1151; x_wconf 88' lang='lat' dir='ltr'><strong>enim.</strong></span> 
     </span>
    </p>

    <p class='ocr_par' dir='ltr' id='par_1_8' title="bbox 331 1169 1015 1783">
     <span class='ocr_line' id='line_1_14' title="bbox 381 1169 1011 1205; baseline -0.002 0"><span class='ocrx_word' id='word_1_72' title='bbox 381 1172 434 1205; x_wconf 83' lang='lat'><strong>51.</strong></span> <span class='ocrx_word' id='word_1_73' title='bbox 456 1171 529 1204; x_wconf 85' lang='lat' dir='ltr'><strong>Nec</strong></span> <span class='ocrx_word' id='word_1_74' title='bbox 549 1172 620 1204; x_wconf 74' lang='lat' dir='ltr'><em>tibi.</em></span> <span class='ocrx_word' id='word_1_75' title='bbox 650 1169 726 1202; x_wconf 85' lang='lat' dir='ltr'><strong>Non</strong></span> <span class='ocrx_word' id='word_1_76' title='bbox 755 1170 823 1203; x_wconf 80' lang='lat' dir='ltr'><strong>tibi</strong></span> <span class='ocrx_word' id='word_1_77' title='bbox 841 1169 1011 1204; x_wconf 88' lang='lat' dir='ltr'><strong>meliores.</strong></span> 
     </span>
     <span class='ocr_line' id='line_1_15' title="bbox 337 1221 1015 1262; baseline -0.003 -5"><span class='ocrx_word' id='word_1_78' title='bbox 337 1222 471 1257; x_wconf 63' lang='lat' dir='ltr'><strong>Hunis.</strong></span> <span class='ocrx_word' id='word_1_79' title='bbox 488 1241 532 1247; x_wconf 96' lang='lat'><strong>—</strong></span> <span class='ocrx_word' id='word_1_80' title='bbox 551 1223 770 1255; x_wconf 75' lang='lat' dir='ltr'><strong>Teuthrantia</strong></span> <span class='ocrx_word' id='word_1_81' title='bbox 784 1224 889 1255; x_wconf 79' lang='lat' dir='ltr'><strong>turba.</strong></span> <span class='ocrx_word' id='word_1_82' title='bbox 900 1221 1015 1262; x_wconf 84' lang='lat' dir='ltr'><strong>Thes-</strong></span> 
     </span>
     <span class='ocr_line' id='line_1_16' title="bbox 337 1272 1015 1321; baseline -0.003 -13"><span class='ocrx_word' id='word_1_83' title='bbox 337 1275 384 1321; x_wconf 90' lang='lat' dir='ltr'><strong>pii</strong></span> <span class='ocrx_word' id='word_1_84' title='bbox 399 1274 495 1317; x_wconf 81' lang='lat' dir='ltr'><strong>filiae,</strong></span> <span class='ocrx_word' id='word_1_85' title='bbox 513 1273 612 1308; x_wconf 77' lang='lat' dir='ltr'><strong>dictae</strong></span> <span class='ocrx_word' id='word_1_86' title='bbox 626 1273 674 1308; x_wconf 85' lang='lat' dir='ltr'><strong>sic</strong></span> <span class='ocrx_word' id='word_1_87' title='bbox 690 1286 708 1307; x_wconf 91' lang='lat' dir='ltr'><strong>a</strong></span> <span class='ocrx_word' id='word_1_88' title='bbox 725 1272 940 1307; x_wconf 86' lang='lat' dir='ltr'><strong>Theutrania</strong></span> <span class='ocrx_word' id='word_1_89' title='bbox 955 1285 1015 1306; x_wconf 91' lang='lat' dir='ltr'><strong>re—</strong></span> 
     </span>
     <span class='ocr_line' id='line_1_17' title="bbox 336 1324 1014 1373; baseline -0.004 -13"><span class='ocrx_word' id='word_1_90' title='bbox 336 1327 448 1373; x_wconf 87' lang='lat' dir='ltr'><strong>gione.</strong></span> <span class='ocrx_word' id='word_1_91' title='bbox 465 1326 552 1360; x_wconf 84' lang='lat' dir='ltr'><strong>Jure</strong></span> <span class='ocrx_word' id='word_1_92' title='bbox 575 1324 717 1369; x_wconf 87' lang='lat' dir='ltr'><strong>quidem</strong></span> <span class='ocrx_word' id='word_1_93' title='bbox 735 1327 834 1359; x_wconf 81' lang='lat' dir='ltr'><strong>turba</strong></span> <span class='ocrx_word' id='word_1_94' title='bbox 846 1351 855 1366; x_wconf 87' lang='lat'>‚</span> <span class='ocrx_word' id='word_1_95' title='bbox 876 1331 911 1358; x_wconf 89' lang='lat' dir='ltr'><strong>et</strong></span> <span class='ocrx_word' id='word_1_96' title='bbox 933 1336 1014 1357; x_wconf 84' lang='lat' dir='ltr'><strong>mox</strong></span> 
     </span>
     <span class='ocr_line' id='line_1_18' title="bbox 331 1375 1014 1423; baseline -0.006 -10"><span class='ocrx_word' id='word_1_97' title='bbox 331 1380 475 1423; x_wconf 81' lang='lat' dir='ltr'><strong>populus</strong></span> <span class='ocrx_word' id='word_1_98' title='bbox 482 1376 744 1422; x_wconf 87' lang='lat' dir='ltr'><strong>dicuntur-,quin</strong></span> <span class='ocrx_word' id='word_1_99' title='bbox 749 1377 911 1422; x_wconf 84' lang='lat' dir='ltr'><strong>quaginta</strong></span> <span class='ocrx_word' id='word_1_100' title='bbox 918 1375 1014 1410; x_wconf 86' lang='lat' dir='ltr'><strong>enim</strong></span> 
     </span>
     <span class='ocr_line' id='line_1_19' title="bbox 336 1427 1014 1474; baseline -0.006 -10"><span class='ocrx_word' id='word_1_101' title='bbox 336 1436 438 1465; x_wconf 85' lang='lat' dir='ltr'><strong>erant</strong></span> <span class='ocrx_word' id='word_1_102' title='bbox 452 1442 599 1472; x_wconf 89' lang='lat' dir='ltr'><strong>sorores,</strong></span> <span class='ocrx_word' id='word_1_103' title='bbox 616 1442 698 1474; x_wconf 87' lang='lat' dir='ltr'><strong>quas</strong></span> <span class='ocrx_word' id='word_1_104' title='bbox 711 1441 834 1462; x_wconf 88' lang='lat' dir='ltr'><strong>omnes</strong></span> <span class='ocrx_word' id='word_1_105' title='bbox 850 1428 897 1471; x_wconf 89' lang='lat' dir='ltr'><strong>(si</strong></span> <span class='ocrx_word' id='word_1_106' title='bbox 913 1427 1014 1461; x_wconf 83' lang='lat' dir='ltr'><strong>fabu-</strong></span> 
     </span>
     <span class='ocr_line' id='line_1_20' title="bbox 336 1478 1013 1524; baseline -0.007 -8"><span class='ocrx_word' id='word_1_107' title='bbox 336 1481 486 1516; x_wconf 89' lang='lat' dir='ltr'><strong>lantibus</strong></span> <span class='ocrx_word' id='word_1_108' title='bbox 507 1481 607 1524; x_wconf 86' lang='lat' dir='ltr'><strong>fides)</strong></span> <span class='ocrx_word' id='word_1_109' title='bbox 626 1482 728 1515; x_wconf 86' lang='lat' dir='ltr'><strong>unius</strong></span> <span class='ocrx_word' id='word_1_110' title='bbox 748 1486 886 1514; x_wconf 87' lang='lat' dir='ltr'><strong>tantum</strong></span> <span class='ocrx_word' id='word_1_111' title='bbox 902 1478 1013 1512; x_wconf 82' lang='lat' dir='ltr'><strong>noctis</strong></span> 
     </span>
     <span class='ocr_line' id='line_1_21' title="bbox 338 1530 1012 1579; baseline -0.007 -11"><span class='ocrx_word' id='word_1_112' title='bbox 338 1534 448 1579; x_wconf 85' lang='lat' dir='ltr'><strong>spatio</strong></span> <span class='ocrx_word' id='word_1_113' title='bbox 465 1532 635 1567; x_wconf 78' lang='lat' dir='ltr'><strong>Hercules</strong></span> <span class='ocrx_word' id='word_1_114' title='bbox 651 1531 855 1577; x_wconf 78' lang='lat' dir='ltr'><strong>virginitatis</strong></span> <span class='ocrx_word' id='word_1_115' title='bbox 878 1530 1012 1564; x_wconf 87' lang='lat' dir='ltr'><strong>honore</strong></span> 
     </span>
     <span class='ocr_line' id='line_1_22' title="bbox 338 1584 1011 1627; baseline -0.007 -8"><span class='ocrx_word' id='word_1_116' title='bbox 338 1584 576 1625; x_wconf 84' lang='lat' dir='ltr'><strong>desraudavit;</strong></span> <span class='ocrx_word' id='word_1_117' title='bbox 604 1597 675 1618; x_wconf 85' lang='lat' dir='ltr'><strong>una</strong></span> <span class='ocrx_word' id='word_1_118' title='bbox 690 1590 828 1617; x_wconf 90' lang='lat' dir='ltr'><strong>tantum</strong></span> <span class='ocrx_word' id='word_1_119' title='bbox 845 1588 983 1627; x_wconf 83' lang='lat' dir='ltr'><strong>excepta</strong></span> <span class='ocrx_word' id='word_1_120' title='bbox 1002 1607 1011 1624; x_wconf 89' lang='lat'>‚</span> 
     </span>
     <span class='ocr_line' id='line_1_23' title="bbox 339 1634 1012 1681; baseline -0.006 -11"><span class='ocrx_word' id='word_1_121' title='bbox 339 1649 444 1681; x_wconf 86' lang='lat' dir='ltr'><strong>quam</strong></span> <span class='ocrx_word' id='word_1_122' title='bbox 467 1635 636 1669; x_wconf 85' lang='lat' dir='ltr'><strong>Hercules</strong></span> <span class='ocrx_word' id='word_1_123' title='bbox 656 1634 851 1668; x_wconf 86' lang='lat' dir='ltr'><strong>ministram</strong></span> <span class='ocrx_word' id='word_1_124' title='bbox 869 1645 1012 1678; x_wconf 84' lang='lat' dir='ltr'><strong>praeesse</strong></span> 
     </span>
     <span class='ocr_line' id='line_1_24' title="bbox 337 1683 1014 1732; baseline -0.006 -10"><span class='ocrx_word' id='word_1_125' title='bbox 337 1689 446 1723; x_wconf 81' lang='lat' dir='ltr'><strong>voluit</strong></span> <span class='ocrx_word' id='word_1_126' title='bbox 470 1687 620 1732; x_wconf 88' lang='lat' dir='ltr'><strong>templo,</strong></span> <span class='ocrx_word' id='word_1_127' title='bbox 646 1685 740 1731; x_wconf 89' lang='lat' dir='ltr'><strong>quod</strong></span> <span class='ocrx_word' id='word_1_128' title='bbox 767 1685 830 1730; x_wconf 85' lang='lat' dir='ltr'><strong>ipsi</strong></span> <span class='ocrx_word' id='word_1_129' title='bbox 854 1683 1014 1729; x_wconf 74' lang='lat' dir='ltr'><strong>Thespiae</strong></span> 
     </span>
     <span class='ocr_line' id='line_1_25' title="bbox 338 1739 874 1783; baseline -0.007 -9"><span class='ocrx_word' id='word_1_130' title='bbox 338 1739 491 1774; x_wconf 85' lang='lat' dir='ltr'><strong>dicatum</strong></span> <span class='ocrx_word' id='word_1_131' title='bbox 507 1745 592 1773; x_wconf 82' lang='lat' dir='ltr'><strong>erat.</strong></span> <span class='ocrx_word' id='word_1_132' title='bbox 768 1774 771 1776; x_wconf 58' lang='grc'><strong>,</strong></span> <span class='ocrx_word' id='word_1_133' title='bbox 870 1780 874 1783; x_wconf 33' lang='lat'>¹</span> 
     </span>
    </p>

    <p class='ocr_par' dir='ltr' id='par_1_9' title="bbox 334 1787 1013 1992">
     <span class='ocr_line' id='line_1_26' title="bbox 380 1787 1013 1834; baseline -0.008 -9"><span class='ocrx_word' id='word_1_134' title='bbox 380 1792 432 1825; x_wconf 88' lang='lat'><strong>53.</strong></span> <span class='ocrx_word' id='word_1_135' title='bbox 460 1790 649 1834; x_wconf 74' lang='lat' dir='ltr'><strong>Praesedur.</strong></span> <span class='ocrx_word' id='word_1_136' title='bbox 666 1788 836 1833; x_wconf 56' lang='lat' dir='ltr'><strong>Refertur,</strong></span> <span class='ocrx_word' id='word_1_137' title='bbox 853 1787 954 1821; x_wconf 88' lang='lat' dir='ltr'><strong>multi</strong></span> <span class='ocrx_word' id='word_1_138' title='bbox 972 1799 1013 1821; x_wconf 85' lang='lat' dir='ltr'><strong>ex</strong></span> 
     </span>
     <span class='ocr_line' id='line_1_27' title="bbox 335 1839 1013 1889; baseline -0.009 -11"><span class='ocrx_word' id='word_1_139' title='bbox 335 1843 468 1889; x_wconf 85' lang='lat' dir='ltr'><strong>scriptis</strong></span> <span class='ocrx_word' id='word_1_140' title='bbox 474 1855 483 1876; x_wconf 75' lang='lat' dir='ltr'><strong>t</strong></span> <span class='ocrx_word' id='word_1_141' title='bbox 490 1842 547 1877; x_wconf 87' lang='lat' dir='ltr'><strong>sed</strong></span> <span class='ocrx_word' id='word_1_142' title='bbox 552 1839 921 1886; x_wconf 72' lang='lat' dir='ltr'><strong>praefhrturlegendum</strong></span> <span class='ocrx_word' id='word_1_143' title='bbox 931 1851 1013 1873; x_wconf 90' lang='lat' dir='ltr'><strong>cum</strong></span> 
     </span>
     <span class='ocr_line' id='line_1_28' title="bbox 334 1891 1012 1942; baseline -0.009 -12"><span class='ocrx_word' id='word_1_144' title='bbox 334 1909 392 1942; x_wconf 82' lang='lat' dir='ltr'><strong>sex</strong></span> <span class='ocrx_word' id='word_1_145' title='bbox 407 1895 591 1931; x_wconf 85' lang='lat' dir='ltr'><strong>codicibus.</strong></span> <span class='ocrx_word' id='word_1_146' title='bbox 611 1893 778 1938; x_wconf 72' lang='lat' dir='ltr'><strong>Deianira</strong></span> <span class='ocrx_word' id='word_1_147' title='bbox 799 1891 841 1926; x_wconf 89' lang='lat' dir='ltr'><strong>de</strong></span> <span class='ocrx_word' id='word_1_148' title='bbox 866 1891 936 1926; x_wconf 90' lang='lat' dir='ltr'><strong>Iole</strong></span> <span class='ocrx_word' id='word_1_149' title='bbox 957 1891 1012 1925; x_wconf 87' lang='lat' dir='ltr'><strong>si·-</strong></span> 
     </span>
     <span class='ocr_line' id='line_1_29' title="bbox 335 1942 1011 1992; baseline -0.009 -10"><span class='ocrx_word' id='word_1_150' title='bbox 335 1947 465 1982; x_wconf 75' lang='lat' dir='ltr'><strong>militer</strong></span> <span class='ocrx_word' id='word_1_151' title='bbox 476 1945 566 1992; x_wconf 86' lang='lat' dir='ltr'><strong>apud</strong></span> <span class='ocrx_word' id='word_1_152' title='bbox 577 1945 700 1980; x_wconf 86' lang='lat' dir='ltr'><strong>Senec.</strong></span> <span class='ocrx_word' id='word_1_153' title='bbox 716 1945 823 1978; x_wconf 80' lang='lat' dir='ltr'><strong>Herc.</strong></span> <span class='ocrx_word' id='word_1_154' title='bbox 836 1942 918 1978; x_wconf 87' lang='lat' dir='ltr'><strong>Oet.</strong></span> <span class='ocrx_word' id='word_1_155' title='bbox 929 1943 1011 1985; x_wconf 76' lang='lat'><strong>304:</strong></span> 
     </span>
    </p>

    <p class='ocr_par' dir='ltr' id='par_1_10' title="bbox 497 2002 901 2039">
     <span class='ocr_line' id='line_1_30' title="bbox 497 2002 901 2039; baseline -0.007 -9"><span class='ocrx_word' id='word_1_156' title='bbox 497 2023 529 2031; x_wconf 84' lang='lat'><strong>...</strong></span> <span class='ocrx_word' id='word_1_157' title='bbox 544 2006 624 2038; x_wconf 71' lang='lat' dir='ltr'><strong>Capta</strong></span> <span class='ocrx_word' id='word_1_158' title='bbox 633 2004 753 2039; x_wconf 76' lang='lat' dir='ltr'><strong>proelata</strong></span> <span class='ocrx_word' id='word_1_159' title='bbox 769 2009 808 2029; x_wconf 70' lang='lat' dir='ltr'><strong>est</strong></span> <span class='ocrx_word' id='word_1_160' title='bbox 818 2002 881 2027; x_wconf 71' lang='lat' dir='ltr'><strong>mihi</strong></span> <span class='ocrx_word' id='word_1_161' title='bbox 892 2012 901 2034; x_wconf 89' lang='lat'>;</span> 
     </span>
    </p>
   </div>
   <div class='ocr_carea' id='block_1_5' title="bbox 402 2053 898 2087">
    <p class='ocr_par' dir='ltr' id='par_1_11' title="bbox 402 2053 898 2087">
     <span class='ocr_line' id='line_1_31' title="bbox 402 2053 898 2087; baseline -0.006 -8"><span class='ocrx_word' id='word_1_162' title='bbox 402 2054 463 2080; x_wconf 82' lang='lat' dir='ltr'><strong>Non</strong></span> <span class='ocrx_word' id='word_1_163' title='bbox 472 2053 629 2087; x_wconf 68' lang='lat' dir='ltr'><strong>praeferetur.</strong></span> <span class='ocrx_word' id='word_1_164' title='bbox 793 2053 898 2077; x_wconf 66' lang='lat' dir='ltr'><strong>umus.</strong></span> 
     </span>
    </p>
   </div>
   <div class='ocr_carea' id='block_1_6' title="bbox 328 2099 1016 2765">
    <p class='ocr_par' dir='ltr' id='par_1_12' title="bbox 336 2099 987 2147">
     <span class='ocr_line' id='line_1_32' title="bbox 336 2099 987 2147; baseline -0.008 -9"><span class='ocrx_word' id='word_1_165' title='bbox 336 2103 534 2147; x_wconf 78' lang='lat' dir='ltr'><strong>Praefi’rlur,</strong></span> <span class='ocrx_word' id='word_1_166' title='bbox 554 2102 660 2136; x_wconf 88' lang='lat' dir='ltr'><strong>etiam</strong></span> <span class='ocrx_word' id='word_1_167' title='bbox 678 2099 987 2135; x_wconf 85' lang='lat' dir='ltr'><strong>Francosurtensis.</strong></span> 
     </span>
    </p>

    <p class='ocr_par' dir='ltr' id='par_1_13' title="bbox 335 2152 1014 2344">
     <span class='ocr_line' id='line_1_33' title="bbox 352 2152 1014 2199; baseline -0.008 -9"><span class='ocrx_word' id='word_1_168' title='bbox 352 2187 356 2191; x_wconf 89' lang='lat'>.</span> <span class='ocrx_word' id='word_1_169' title='bbox 380 2156 433 2198; x_wconf 82' lang='grc'><strong>54.</strong></span> <span class='ocrx_word' id='word_1_170' title='bbox 454 2155 551 2188; x_wconf 83' lang='lat' dir='ltr'><strong>Unde</strong></span> <span class='ocrx_word' id='word_1_171' title='bbox 565 2166 626 2198; x_wconf 76' lang='lat' dir='ltr'><strong>ego</strong></span> <span class='ocrx_word' id='word_1_172' title='bbox 639 2166 711 2187; x_wconf 86' lang='lat' dir='ltr'><strong>sum</strong></span> <span class='ocrx_word' id='word_1_173' title='bbox 729 2154 824 2199; x_wconf 83' lang='lat' dir='ltr'><em>Lydo</em></span> <span class='ocrx_word' id='word_1_174' title='bbox 835 2152 941 2196; x_wconf 80' lang='lat' dir='ltr'><strong>facta&#39;</strong></span> <span class='ocrx_word' id='word_1_175' title='bbox 952 2163 1014 2184; x_wconf 83' lang='lat' dir='ltr'><strong>no-</strong></span> 
     </span>
     <span class='ocr_line' id='line_1_34' title="bbox 335 2202 1013 2248; baseline -0.007 -7"><span class='ocrx_word' id='word_1_176' title='bbox 335 2219 432 2242; x_wconf 68' lang='lat' dir='ltr'><strong>verca</strong></span> <span class='ocrx_word' id='word_1_177' title='bbox 445 2208 561 2240; x_wconf 80' lang='lat' dir='ltr'><em>Lumo.</em></span> <span class='ocrx_word' id='word_1_178' title='bbox 576 2205 738 2240; x_wconf 87' lang='lat' dir='ltr'><strong>Herculis</strong></span> <span class='ocrx_word' id='word_1_179' title='bbox 749 2231 758 2248; x_wconf 91' lang='lat'>,</span> <span class='ocrx_word' id='word_1_180' title='bbox 784 2217 825 2238; x_wconf 87' lang='lat' dir='ltr'><strong>ex</strong></span> <span class='ocrx_word' id='word_1_181' title='bbox 838 2202 1013 2248; x_wconf 82' lang='lat' dir='ltr'><strong>Omphale</strong></span> 
     </span>
     <span class='ocr_line' id='line_1_35' title="bbox 336 2257 1012 2304; baseline -0.006 -12"><span class='ocrx_word' id='word_1_182' title='bbox 336 2258 446 2301; x_wconf 87' lang='lat' dir='ltr'><strong>filius,</strong></span> <span class='ocrx_word' id='word_1_183' title='bbox 467 2257 525 2302; x_wconf 84' lang='lat' dir='ltr'><strong>qui</strong></span> <span class='ocrx_word' id='word_1_184' title='bbox 543 2257 661 2304; x_wconf 85' lang='lat' dir='ltr'><strong>Lydiae</strong></span> <span class='ocrx_word' id='word_1_185' title='bbox 673 2269 823 2302; x_wconf 81' lang='lat' dir='ltr'><strong>regnum</strong></span> <span class='ocrx_word' id='word_1_186' title='bbox 840 2262 916 2302; x_wconf 87' lang='lat' dir='ltr'><strong>post</strong></span> <span class='ocrx_word' id='word_1_187' title='bbox 929 2267 1012 2288; x_wconf 86' lang='lat' dir='ltr'><strong>ma·-</strong></span> 
     </span>
     <span class='ocr_line' id='line_1_36' title="bbox 337 2309 602 2344; baseline -0.008 0"><span class='ocrx_word' id='word_1_188' title='bbox 337 2309 602 2344; x_wconf 83' lang='lat' dir='ltr'><strong>tremobtinuit.</strong></span> 
     </span>
    </p>

    <p class='ocr_par' dir='ltr' id='par_1_14' title="bbox 335 2359 1015 2456">
     <span class='ocr_line' id='line_1_37' title="bbox 380 2359 1015 2404; baseline -0.008 -9"><span class='ocrx_word' id='word_1_189' title='bbox 380 2362 432 2395; x_wconf 87' lang='lat'><strong>55.</strong></span> <span class='ocrx_word' id='word_1_190' title='bbox 447 2362 630 2401; x_wconf 66' lang='lat' dir='ltr'><strong>Maeander,</strong></span> <span class='ocrx_word' id='word_1_191' title='bbox 647 2363 746 2394; x_wconf 66' lang='lat' dir='ltr'><strong>totties</strong></span> <span class='ocrx_word' id='word_1_192' title='bbox 757 2360 917 2404; x_wconf 64' lang='lat' dir='ltr'><strong>quilem&#39;s·</strong></span> <span class='ocrx_word' id='word_1_193' title='bbox 923 2359 1015 2391; x_wconf 79' lang='lat' dir='ltr'><strong>errat</strong></span> 
     </span>
     <span class='ocr_line' id='line_1_38' title="bbox 335 2408 1014 2456; baseline -0.007 -9"><span class='ocrx_word' id='word_1_194' title='bbox 335 2416 372 2447; x_wconf 79' lang='lat' dir='ltr'><strong>in</strong></span> <span class='ocrx_word' id='word_1_195' title='bbox 384 2414 500 2447; x_wconf 81' lang='lat' dir='ltr'><strong>isdem.</strong></span> <span class='ocrx_word' id='word_1_196' title='bbox 512 2414 613 2456; x_wconf 55' lang='lat' dir='ltr'><strong>Bonis</strong></span> <span class='ocrx_word' id='word_1_197' title='bbox 623 2415 659 2446; x_wconf 83' lang='lat' dir='ltr'><strong>in</strong></span> <span class='ocrx_word' id='word_1_198' title='bbox 669 2413 776 2446; x_wconf 77' lang='lat' dir='ltr'><strong>isdem</strong></span> <span class='ocrx_word' id='word_1_199' title='bbox 784 2418 882 2445; x_wconf 85' lang='lat' dir='ltr'><strong>vetus</strong></span> <span class='ocrx_word' id='word_1_200' title='bbox 897 2408 1014 2443; x_wconf 78' lang='lat' dir='ltr'><strong>editio.</strong></span> 
     </span>
    </p>

    <p class='ocr_par' dir='ltr' id='par_1_15' title="bbox 328 2464 1016 2765">
     <span class='ocr_line' id='line_1_39' title="bbox 346 2464 1015 2508; baseline -0.009 -9"><span class='ocrx_word' id='word_1_201' title='bbox 346 2466 456 2499; x_wconf 70' lang='lat' dir='ltr'><strong>Tenis</strong></span> <span class='ocrx_word' id='word_1_202' title='bbox 469 2467 569 2499; x_wconf 75' lang='lat' dir='ltr'><strong>toties</strong></span> <span class='ocrx_word' id='word_1_203' title='bbox 581 2467 640 2508; x_wconf 79' lang='lat' dir='ltr'><strong>qui</strong></span> <span class='ocrx_word' id='word_1_204' title='bbox 645 2466 791 2497; x_wconf 68' lang='lat' dir='ltr'><strong>volvitur</strong></span> <span class='ocrx_word' id='word_1_205' title='bbox 799 2464 917 2502; x_wconf 61' lang='lat' dir='ltr'><strong>isdm,</strong></span> <span class='ocrx_word' id='word_1_206' title='bbox 925 2473 1015 2494; x_wconf 88' lang='lat' dir='ltr'><strong>unus</strong></span> 
     </span>
     <span class='ocr_line' id='line_1_40' title="bbox 328 2512 1016 2559; baseline -0.007 -9"><span class='ocrx_word' id='word_1_207' title='bbox 328 2516 538 2559; x_wconf 35' lang='lat' dir='ltr'><strong>‚Vaticanus</strong></span> <span class='ocrx_word' id='word_1_208' title='bbox 579 2518 700 2551; x_wconf 77' lang='lat' dir='ltr'><strong>Versat</strong></span> <span class='ocrx_word' id='word_1_209' title='bbox 725 2518 760 2549; x_wconf 82' lang='lat' dir='ltr'><strong>in</strong></span> <span class='ocrx_word' id='word_1_210' title='bbox 775 2517 901 2554; x_wconf 79' lang='lat' dir='ltr'><strong>isdem,</strong></span> <span class='ocrx_word' id='word_1_211' title='bbox 921 2512 1016 2558; x_wconf 87' lang='lat' dir='ltr'><strong>prior</strong></span> 
     </span>
     <span class='ocr_line' id='line_1_41' title="bbox 340 2567 1012 2610; baseline -0.004 -9"><span class='ocrx_word' id='word_1_212' title='bbox 340 2567 564 2601; x_wconf 86' lang='lat' dir='ltr'><strong>Lovaniensis</strong></span> <span class='ocrx_word' id='word_1_213' title='bbox 577 2579 585 2601; x_wconf 76' lang='lat' dir='ltr'>z</span> <span class='ocrx_word' id='word_1_214' title='bbox 601 2567 687 2601; x_wconf 88' lang='lat' dir='ltr'><strong>alter</strong></span> <span class='ocrx_word' id='word_1_215' title='bbox 697 2594 704 2607; x_wconf 86' lang='lat'><em>,</em></span> <span class='ocrx_word' id='word_1_216' title='bbox 722 2571 841 2610; x_wconf 72' lang='lat' dir='ltr'><strong>mgna!</strong></span> <span class='ocrx_word' id='word_1_217' title='bbox 851 2570 886 2600; x_wconf 82' lang='lat' dir='ltr'><strong>in</strong></span> <span class='ocrx_word' id='word_1_218' title='bbox 898 2567 1012 2599; x_wconf 79' lang='lat' dir='ltr'><strong>isdem.</strong></span> 
     </span>
     <span class='ocr_line' id='line_1_42' title="bbox 338 2616 1012 2663; baseline -0.004 -11"><span class='ocrx_word' id='word_1_219' title='bbox 338 2620 531 2652; x_wconf 66' lang='lat' dir='ltr'><strong>Illoeandms</strong></span> <span class='ocrx_word' id='word_1_220' title='bbox 540 2619 646 2652; x_wconf 87' lang='lat' dir='ltr'><strong>etiam</strong></span> <span class='ocrx_word' id='word_1_221' title='bbox 656 2618 910 2663; x_wconf 74' lang='lat' dir='ltr'><strong>praestantiores</strong></span> <span class='ocrx_word' id='word_1_222' title='bbox 922 2616 1012 2659; x_wconf 85' lang='lat' dir='ltr'><strong>libri,</strong></span> 
     </span>
     <span class='ocr_line' id='line_1_43' title="bbox 335 2669 1012 2716; baseline -0.001 -14"><span class='ocrx_word' id='word_1_223' title='bbox 335 2676 374 2703; x_wconf 90' lang='lat' dir='ltr'><strong>ut</strong></span> <span class='ocrx_word' id='word_1_224' title='bbox 390 2682 492 2714; x_wconf 88' lang='lat' dir='ltr'><strong>supra</strong></span> <span class='ocrx_word' id='word_1_225' title='bbox 517 2671 710 2716; x_wconf 79' lang='lat' dir='ltr'><strong>Tyndareos</strong></span> <span class='ocrx_word' id='word_1_226' title='bbox 721 2697 731 2710; x_wconf 85' lang='lat'>‚</span> <span class='ocrx_word' id='word_1_227' title='bbox 755 2681 799 2714; x_wconf 86' lang='lat' dir='ltr'><strong>v,</strong></span> <span class='ocrx_word' id='word_1_228' title='bbox 822 2669 860 2703; x_wconf 86' lang='lat'><strong>31</strong></span> <span class='ocrx_word' id='word_1_229' title='bbox 883 2681 892 2703; x_wconf 73' lang='lat' dir='ltr'>z</span> <span class='ocrx_word' id='word_1_230' title='bbox 916 2680 1012 2713; x_wconf 91' lang='lat' dir='ltr'><strong>quo-</strong></span> 
     </span>
     <span class='ocr_line' id='line_1_44' title="bbox 339 2720 769 2765; baseline 0.002 -11"><span class='ocrx_word' id='word_1_231' title='bbox 339 2720 446 2754; x_wconf 87' lang='lat' dir='ltr'><strong>modo</strong></span> <span class='ocrx_word' id='word_1_232' title='bbox 461 2728 496 2755; x_wconf 88' lang='lat' dir='ltr'><strong>et</strong></span> <span class='ocrx_word' id='word_1_233' title='bbox 511 2721 598 2756; x_wconf 86' lang='lat' dir='ltr'><strong>Met.</strong></span> <span class='ocrx_word' id='word_1_234' title='bbox 614 2733 644 2756; x_wconf 91' lang='lat'><strong>11</strong></span> <span class='ocrx_word' id='word_1_235' title='bbox 655 2747 664 2765; x_wconf 93' lang='lat'>,</span> <span class='ocrx_word' id='word_1_236' title='bbox 684 2721 747 2765; x_wconf 75' lang='lat'><strong>245</strong></span> <span class='ocrx_word' id='word_1_237' title='bbox 761 2733 769 2755; x_wconf 91' lang='lat'>:</span> 
     </span>
    </p>
   </div>
   <div class='ocr_carea' id='block_1_7' title="bbox 339 2779 973 2817">
    <p class='ocr_par' dir='ltr' id='par_1_16' title="bbox 339 2779 973 2817">
     <span class='ocr_line' id='line_1_45' title="bbox 339 2779 973 2817; baseline 0 -12"><span class='ocrx_word' id='word_1_238' title='bbox 339 2780 444 2817; x_wconf 74' lang='lat' dir='ltr'><strong>Quique</strong></span> <span class='ocrx_word' id='word_1_239' title='bbox 456 2780 595 2806; x_wconf 73' lang='lat' dir='ltr'><strong>recurvatis</strong></span> <span class='ocrx_word' id='word_1_240' title='bbox 608 2780 676 2806; x_wconf 83' lang='lat' dir='ltr'><strong>ludit</strong></span> <span class='ocrx_word' id='word_1_241' title='bbox 689 2780 833 2807; x_wconf 67' lang='lat' dir='ltr'><strong>Maeandros</strong></span> <span class='ocrx_word' id='word_1_242' title='bbox 847 2779 874 2804; x_wconf 79' lang='lat' dir='ltr'><strong>in</strong></span> <span class='ocrx_word' id='word_1_243' title='bbox 888 2779 973 2805; x_wconf 68' lang='lat' dir='ltr'><strong>undis.</strong></span> 
     </span>
    </p>
   </div>
   <div class='ocr_carea' id='block_1_8' title="bbox 1075 1018 1755 1979">
    <p class='ocr_par' dir='ltr' id='par_1_17' title="bbox 1118 1018 1703 1058">
     <span class='ocr_line' id='line_1_46' title="bbox 1118 1018 1703 1058; baseline 0 -8"><span class='ocrx_word' id='word_1_244' title='bbox 1118 1041 1149 1050; x_wconf 80' lang='grc'><strong>...</strong></span> <span class='ocrx_word' id='word_1_245' title='bbox 1166 1022 1287 1058; x_wconf 71' lang='lat' dir='ltr'><strong>Phrygiis</strong></span> <span class='ocrx_word' id='word_1_246' title='bbox 1300 1024 1418 1057; x_wconf 77' lang='lat' dir='ltr'><strong>liquidus</strong></span> <span class='ocrx_word' id='word_1_247' title='bbox 1427 1022 1574 1050; x_wconf 67' lang='lat' dir='ltr'><strong>Maeandros</strong></span> <span class='ocrx_word' id='word_1_248' title='bbox 1587 1024 1615 1049; x_wconf 83' lang='lat' dir='ltr'><strong>iu</strong></span> <span class='ocrx_word' id='word_1_249' title='bbox 1627 1018 1703 1050; x_wconf 66' lang='lat' dir='ltr'><strong>nudi·</strong></span> 
     </span>
    </p>

    <p class='ocr_par' dir='ltr' id='par_1_18' title="bbox 1075 1071 1755 1931">
     <span class='ocr_line' id='line_1_47' title="bbox 1107 1071 1555 1104; baseline 0 -6"><span class='ocrx_word' id='word_1_250' title='bbox 1107 1071 1198 1098; x_wconf 80' lang='lat' dir='ltr'><strong>Ludit.</strong></span> <span class='ocrx_word' id='word_1_251' title='bbox 1315 1073 1383 1098; x_wconf 81' lang='lat' dir='ltr'><strong>Met.</strong></span> <span class='ocrx_word' id='word_1_252' title='bbox 1398 1080 1462 1104; x_wconf 80' lang='lat' dir='ltr'><strong>vn,</strong></span> <span class='ocrx_word' id='word_1_253' title='bbox 1486 1075 1555 1100; x_wconf 76' lang='lat'>1612.</span> 
     </span>
     <span class='ocr_line' id='line_1_48' title="bbox 1075 1120 1696 1156; baseline 0.005 -12"><span class='ocrx_word' id='word_1_254' title='bbox 1075 1120 1134 1152; x_wconf 76' lang='lat' dir='ltr'><strong>Qua</strong></span> <span class='ocrx_word' id='word_1_255' title='bbox 1143 1120 1210 1145; x_wconf 74' lang='lat' dir='ltr'><strong>celer</strong></span> <span class='ocrx_word' id='word_1_256' title='bbox 1219 1126 1244 1145; x_wconf 83' lang='lat' dir='ltr'><strong>et</strong></span> <span class='ocrx_word' id='word_1_257' title='bbox 1256 1121 1331 1145; x_wconf 81' lang='lat' dir='ltr'><strong>rectis</strong></span> <span class='ocrx_word' id='word_1_258' title='bbox 1342 1121 1499 1146; x_wconf 72' lang='lat' dir='ltr'><strong>descendens</strong></span> <span class='ocrx_word' id='word_1_259' title='bbox 1509 1122 1619 1156; x_wconf 64' lang='lat' dir='ltr'><strong>Marsya</strong></span> <span class='ocrx_word' id='word_1_260' title='bbox 1631 1122 1696 1155; x_wconf 72' lang='lat' dir='ltr'><strong>ripis</strong></span> 
     </span>
     <span class='ocr_line' id='line_1_49' title="bbox 1075 1169 1718 1204; baseline 0.006 -11"><span class='ocrx_word' id='word_1_261' title='bbox 1075 1169 1214 1193; x_wconf 72' lang='lat' dir='ltr'><strong>Errantem</strong></span> <span class='ocrx_word' id='word_1_262' title='bbox 1226 1169 1377 1194; x_wconf 70' lang='lat' dir='ltr'><strong>Maeandron</strong></span> <span class='ocrx_word' id='word_1_263' title='bbox 1388 1169 1451 1195; x_wconf 62' lang='lat' dir='ltr'><strong>adia</strong></span> <span class='ocrx_word' id='word_1_264' title='bbox 1507 1170 1576 1196; x_wconf 81' lang='lat' dir='ltr'><strong>Luc.</strong></span> <span class='ocrx_word' id='word_1_265' title='bbox 1589 1177 1647 1201; x_wconf 75' lang='grc' dir='ltr'><strong>ιιι,</strong></span> <span class='ocrx_word' id='word_1_266' title='bbox 1661 1178 1718 1204; x_wconf 76' lang='lat'><strong>²⁰7·</strong></span> 
     </span>
     <span class='ocr_line' id='line_1_50' title="bbox 1078 1217 1750 1264; baseline 0 -11"><span class='ocrx_word' id='word_1_267' title='bbox 1078 1218 1343 1264; x_wconf 84' lang='lat' dir='ltr'><strong>Ubiperperam</strong></span> <span class='ocrx_word' id='word_1_268' title='bbox 1359 1217 1461 1263; x_wconf 77' lang='lat' dir='ltr'><strong>vulgo</strong></span> <span class='ocrx_word' id='word_1_269' title='bbox 1474 1222 1606 1253; x_wconf 72' lang='lat' dir='ltr'><strong>metis.</strong></span> <span class='ocrx_word' id='word_1_270' title='bbox 1619 1220 1750 1259; x_wconf 60' lang='lat' dir='ltr'><strong>Redde,</strong></span> 
     </span>
     <span class='ocr_line' id='line_1_51' title="bbox 1078 1270 1751 1306; baseline 0 -2"><span class='ocrx_word' id='word_1_271' title='bbox 1078 1283 1151 1304; x_wconf 88' lang='lat' dir='ltr'><strong>non</strong></span> <span class='ocrx_word' id='word_1_272' title='bbox 1167 1270 1364 1305; x_wconf 79' lang='lat' dir='ltr'><strong>recurvatis.</strong></span> <span class='ocrx_word' id='word_1_273' title='bbox 1377 1270 1510 1306; x_wconf 64' lang='lat' dir='ltr'><strong>Ham-3.</strong></span> <span class='ocrx_word' id='word_1_274' title='bbox 1536 1271 1607 1306; x_wconf 77' lang='lat' dir='ltr'><strong>Hic</strong></span> <span class='ocrx_word' id='word_1_275' title='bbox 1621 1270 1751 1305; x_wconf 81' lang='lat' dir='ltr'><strong>iterum</strong></span> 
     </span>
     <span class='ocr_line' id='line_1_52' title="bbox 1078 1321 1752 1357; baseline 0.001 -2"><span class='ocrx_word' id='word_1_276' title='bbox 1078 1322 1167 1355; x_wconf 89' lang='lat' dir='ltr'><strong>mire</strong></span> <span class='ocrx_word' id='word_1_277' title='bbox 1190 1321 1368 1356; x_wconf 84' lang='lat' dir='ltr'><strong>variarunt</strong></span> <span class='ocrx_word' id='word_1_278' title='bbox 1386 1333 1510 1356; x_wconf 76' lang='lat' dir='ltr'><strong>manus</strong></span> <span class='ocrx_word' id='word_1_279' title='bbox 1531 1321 1752 1357; x_wconf 57' lang='lat' dir='ltr'><strong>libna-ariorum</strong></span> 
     </span>
     <span class='ocr_line' id='line_1_53' title="bbox 1077 1372 1754 1418; baseline 0.001 -11"><span class='ocrx_word' id='word_1_280' title='bbox 1077 1373 1115 1407; x_wconf 86' lang='lat' dir='ltr'><strong>in</strong></span> <span class='ocrx_word' id='word_1_281' title='bbox 1136 1373 1202 1408; x_wconf 92' lang='lat' dir='ltr'><strong>hoc</strong></span> <span class='ocrx_word' id='word_1_282' title='bbox 1217 1373 1292 1408; x_wconf 87' lang='lat' dir='ltr'><strong>loco</strong></span> <span class='ocrx_word' id='word_1_283' title='bbox 1308 1372 1545 1418; x_wconf 70' lang='lat' dir='ltr'><strong>exprimendo·</strong></span> <span class='ocrx_word' id='word_1_284' title='bbox 1574 1373 1618 1407; x_wconf 78' lang='lat' dir='ltr'><strong>lu</strong></span> <span class='ocrx_word' id='word_1_285' title='bbox 1643 1373 1754 1408; x_wconf 83' lang='lat' dir='ltr'><strong>Vati-</strong></span> 
     </span>
     <span class='ocr_line' id='line_1_54' title="bbox 1078 1424 1753 1469; baseline -0.001 -9"><span class='ocrx_word' id='word_1_286' title='bbox 1078 1438 1178 1469; x_wconf 79' lang='lat' dir='ltr'><strong>canc,</strong></span> <span class='ocrx_word' id='word_1_287' title='bbox 1188 1425 1424 1469; x_wconf 88' lang='lat' dir='ltr'><strong>Intimeliano,</strong></span> <span class='ocrx_word' id='word_1_288' title='bbox 1433 1424 1626 1459; x_wconf 77' lang='lat' dir='ltr'><strong>Barberino</strong></span> <span class='ocrx_word' id='word_1_289' title='bbox 1634 1431 1671 1460; x_wconf 77' lang='lat' dir='ltr'><strong>et</strong></span> <span class='ocrx_word' id='word_1_290' title='bbox 1680 1437 1753 1460; x_wconf 78' lang='lat' dir='ltr'><strong>uno</strong></span> 
     </span>
     <span class='ocr_line' id='line_1_55' title="bbox 1078 1477 1755 1522; baseline 0 -10"><span class='ocrx_word' id='word_1_291' title='bbox 1078 1477 1297 1512; x_wconf 79' lang='lat' dir='ltr'><strong>Menteliano</strong></span> <span class='ocrx_word' id='word_1_292' title='bbox 1315 1483 1391 1511; x_wconf 87' lang='lat' dir='ltr'><strong>erat</strong></span> <span class='ocrx_word' id='word_1_293' title='bbox 1402 1503 1412 1521; x_wconf 84' lang='lat'><strong><em>‚</em></strong></span> <span class='ocrx_word' id='word_1_294' title='bbox 1435 1479 1543 1522; x_wconf 77' lang='lat' dir='ltr'><strong>quise</strong></span> <span class='ocrx_word' id='word_1_295' title='bbox 1556 1479 1659 1512; x_wconf 67' lang='lat' dir='ltr'><strong>tolles</strong></span> <span class='ocrx_word' id='word_1_296' title='bbox 1671 1489 1755 1512; x_wconf 69' lang='lat' dir='ltr'><strong>ua-</strong></span> 
     </span>
     <span class='ocr_line' id='line_1_56' title="bbox 1077 1528 1754 1575; baseline 0.001 -12"><span class='ocrx_word' id='word_1_297' title='bbox 1077 1531 1187 1563; x_wconf 80' lang='lat' dir='ltr'><strong>cladit</strong></span> <span class='ocrx_word' id='word_1_298' title='bbox 1208 1532 1244 1563; x_wconf 77' lang='lat' dir='ltr'><strong>in</strong></span> <span class='ocrx_word' id='word_1_299' title='bbox 1271 1531 1415 1563; x_wconf 70' lang='lat' dir='ltr'><strong>orbem-t</strong></span> <span class='ocrx_word' id='word_1_300' title='bbox 1433 1528 1471 1563; x_wconf 82' lang='lat' dir='ltr'><strong>iu</strong></span> <span class='ocrx_word' id='word_1_301' title='bbox 1491 1528 1639 1575; x_wconf 49' lang='lat' dir='ltr'><strong>Regios</strong></span> <span class='ocrx_word' id='word_1_302' title='bbox 1653 1532 1754 1564; x_wconf 69' lang='lat' dir='ltr'><strong>latin</strong></span> 
     </span>
     <span class='ocr_line' id='line_1_57' title="bbox 1077 1579 1755 1626; baseline 0 -12"><span class='ocrx_word' id='word_1_303' title='bbox 1077 1584 1137 1626; x_wconf 75' lang='lat' dir='ltr'><strong>qui</strong></span> <span class='ocrx_word' id='word_1_304' title='bbox 1152 1593 1189 1615; x_wconf 80' lang='lat' dir='ltr'><strong>se</strong></span> <span class='ocrx_word' id='word_1_305' title='bbox 1208 1583 1354 1615; x_wconf 77' lang='lat' dir='ltr'><strong>includit</strong></span> <span class='ocrx_word' id='word_1_306' title='bbox 1364 1583 1401 1614; x_wconf 81' lang='lat' dir='ltr'><strong>in</strong></span> <span class='ocrx_word' id='word_1_307' title='bbox 1420 1582 1550 1621; x_wconf 68' lang='lat' dir='ltr'><strong>orbem,</strong></span> <span class='ocrx_word' id='word_1_308' title='bbox 1578 1591 1655 1625; x_wconf 70' lang='lat' dir='ltr'><strong>quae</strong></span> <span class='ocrx_word' id='word_1_309' title='bbox 1675 1579 1755 1615; x_wconf 78' lang='lat' dir='ltr'><strong>lec-</strong></span> 
     </span>
     <span class='ocr_line' id='line_1_58' title="bbox 1078 1631 1755 1677; baseline 0 -11"><span class='ocrx_word' id='word_1_310' title='bbox 1078 1633 1190 1667; x_wconf 88' lang='lat' dir='ltr'><strong>tiones</strong></span> <span class='ocrx_word' id='word_1_311' title='bbox 1209 1645 1248 1666; x_wconf 87' lang='lat' dir='ltr'><strong>ex</strong></span> <span class='ocrx_word' id='word_1_312' title='bbox 1268 1632 1493 1666; x_wconf 83' lang='lat' dir='ltr'><strong>librariorum</strong></span> <span class='ocrx_word' id='word_1_313' title='bbox 1509 1631 1652 1666; x_wconf 81' lang='lat' dir='ltr'><strong>cerebro</strong></span> <span class='ocrx_word' id='word_1_314' title='bbox 1670 1644 1755 1677; x_wconf 88' lang='lat' dir='ltr'><strong>pro—</strong></span> 
     </span>
     <span class='ocr_line' id='line_1_59' title="bbox 1077 1683 1754 1728; baseline 0 -10"><span class='ocrx_word' id='word_1_315' title='bbox 1077 1684 1196 1718; x_wconf 90' lang='lat' dir='ltr'><strong>venire</strong></span> <span class='ocrx_word' id='word_1_316' title='bbox 1206 1683 1441 1728; x_wconf 87' lang='lat' dir='ltr'><strong>nequiverunt</strong></span> <span class='ocrx_word' id='word_1_317' title='bbox 1451 1698 1460 1725; x_wconf 75' lang='grc' dir='ltr'><strong>ς</strong></span> <span class='ocrx_word' id='word_1_318' title='bbox 1477 1683 1754 1718; x_wconf 80' lang='lat' dir='ltr'><strong>occultamenim</strong></span> 
     </span>
     <span class='ocr_line' id='line_1_60' title="bbox 1077 1733 1754 1777; baseline -0.001 -10"><span class='ocrx_word' id='word_1_319' title='bbox 1077 1734 1353 1769; x_wconf 85' lang='lat' dir='ltr'><strong>venustissimam</strong></span> <span class='ocrx_word' id='word_1_320' title='bbox 1369 1733 1578 1776; x_wconf 70' lang='lat' dir='ltr'><strong>lectionem,</strong></span> <span class='ocrx_word' id='word_1_321' title='bbox 1595 1739 1631 1766; x_wconf 84' lang='lat' dir='ltr'><strong>et</strong></span> <span class='ocrx_word' id='word_1_322' title='bbox 1647 1745 1754 1777; x_wconf 84' lang='lat' dir='ltr'><strong>quam</strong></span> 
     </span>
     <span class='ocr_line' id='line_1_61' title="bbox 1078 1783 1752 1828; baseline -0.003 -9"><span class='ocrx_word' id='word_1_323' title='bbox 1078 1798 1097 1819; x_wconf 90' lang='lat' dir='ltr'><strong>a</strong></span> <span class='ocrx_word' id='word_1_324' title='bbox 1111 1786 1221 1820; x_wconf 88' lang='lat' dir='ltr'><strong>Poeta</strong></span> <span class='ocrx_word' id='word_1_325' title='bbox 1240 1785 1434 1819; x_wconf 85' lang='lat' dir='ltr'><strong>luxuriante</strong></span> <span class='ocrx_word' id='word_1_326' title='bbox 1446 1810 1456 1828; x_wconf 87' lang='lat'><em>‚</em></span> <span class='ocrx_word' id='word_1_327' title='bbox 1478 1790 1518 1819; x_wconf 90' lang='lat' dir='ltr'><strong>ut</strong></span> <span class='ocrx_word' id='word_1_328' title='bbox 1529 1783 1617 1818; x_wconf 78' lang='lat' dir='ltr'><strong>solet</strong></span> <span class='ocrx_word' id='word_1_329' title='bbox 1627 1784 1664 1818; x_wconf 86' lang='lat' dir='ltr'><strong>in</strong></span> <span class='ocrx_word' id='word_1_330' title='bbox 1680 1783 1752 1827; x_wconf 76' lang='lat' dir='ltr'><strong>his,</strong></span> 
     </span>
     <span class='ocr_line' id='line_1_62' title="bbox 1077 1835 1754 1883; baseline 0 -11"><span class='ocrx_word' id='word_1_331' title='bbox 1077 1838 1266 1883; x_wconf 81' lang='lat' dir='ltr'><strong>profectam</strong></span> <span class='ocrx_word' id='word_1_332' title='bbox 1276 1844 1397 1883; x_wconf 90' lang='lat' dir='ltr'><strong>putem</strong></span> <span class='ocrx_word' id='word_1_333' title='bbox 1410 1836 1558 1882; x_wconf 80' lang='lat' dir='ltr'><strong>:scripsit</strong></span> <span class='ocrx_word' id='word_1_334' title='bbox 1568 1835 1754 1872; x_wconf 85' lang='lat' dir='ltr'><strong>nimirum:</strong></span> 
     </span>
     <span class='ocr_line' id='line_1_63' title="bbox 1077 1895 1715 1931; baseline -0.005 -8"><span class='ocrx_word' id='word_1_335' title='bbox 1077 1899 1222 1924; x_wconf 67' lang='lat' dir='ltr'><strong>Maeandros</strong></span> <span class='ocrx_word' id='word_1_336' title='bbox 1228 1917 1236 1929; x_wconf 90' lang='lat'>‚</span> <span class='ocrx_word' id='word_1_337' title='bbox 1247 1898 1323 1922; x_wconf 79' lang='lat' dir='ltr'><strong>toties</strong></span> <span class='ocrx_word' id='word_1_338' title='bbox 1332 1898 1378 1931; x_wconf 83' lang='lat' dir='ltr'><strong>qui</strong></span> <span class='ocrx_word' id='word_1_339' title='bbox 1389 1905 1475 1922; x_wconf 75' lang='lat' dir='ltr'><strong>seeum</strong></span> <span class='ocrx_word' id='word_1_340' title='bbox 1487 1897 1555 1922; x_wconf 72' lang='lat' dir='ltr'><strong>ludit</strong></span> <span class='ocrx_word' id='word_1_341' title='bbox 1568 1895 1695 1921; x_wconf 73' lang='lat' dir='ltr'><strong>inm-bem</strong></span> <span class='ocrx_word' id='word_1_342' title='bbox 1704 1914 1715 1926; x_wconf 85' lang='lat'>,</span> 
     </span>
    </p>

    <p class='ocr_par' dir='ltr' id='par_1_19' title="bbox 1110 1947 1644 1979">
     <span class='ocr_line' id='line_1_64' title="bbox 1110 1947 1644 1979; baseline -0.002 -8"><span class='ocrx_word' id='word_1_343' title='bbox 1110 1947 1163 1979; x_wconf 84' lang='lat' dir='ltr'><strong>Qui</strong></span> <span class='ocrx_word' id='word_1_344' title='bbox 1172 1947 1251 1971; x_wconf 74' lang='lat' dir='ltr'><strong>lassas</strong></span> <span class='ocrx_word' id='word_1_345' title='bbox 1263 1947 1290 1971; x_wconf 79' lang='lat' dir='ltr'><strong>iu</strong></span> <span class='ocrx_word' id='word_1_346' title='bbox 1301 1954 1328 1971; x_wconf 78' lang='lat' dir='ltr'><strong>se</strong></span> <span class='ocrx_word' id='word_1_347' title='bbox 1338 1954 1404 1979; x_wconf 67' lang='lat' dir='ltr'><strong>sepe</strong></span> <span class='ocrx_word' id='word_1_348' title='bbox 1413 1950 1544 1979; x_wconf 74' lang='lat' dir='ltr'><strong>retorquet</strong></span> <span class='ocrx_word' id='word_1_349' title='bbox 1554 1953 1644 1979; x_wconf 69' lang='lat' dir='ltr'><strong>aquu-</strong></span> 
     </span>
    </p>
   </div>
   <div class='ocr_carea' id='block_1_9' title="bbox 1076 1992 1756 2708">
    <p class='ocr_par' dir='ltr' id='par_1_20' title="bbox 1076 1992 1756 2708">
     <span class='ocr_line' id='line_1_65' title="bbox 1078 1992 1751 2035; baseline -0.003 -6"><span class='ocrx_word' id='word_1_350' title='bbox 1078 1996 1208 2030; x_wconf 74' lang='lat' dir='ltr'><strong>ludere</strong></span> <span class='ocrx_word' id='word_1_351' title='bbox 1227 1994 1308 2030; x_wconf 82' lang='lat' dir='ltr'><strong>dicit</strong></span> <span class='ocrx_word' id='word_1_352' title='bbox 1326 1997 1362 2028; x_wconf 81' lang='lat' dir='ltr'><strong>in</strong></span> <span class='ocrx_word' id='word_1_353' title='bbox 1378 1995 1488 2028; x_wconf 74' lang='lat' dir='ltr'><strong>orbem</strong></span> <span class='ocrx_word' id='word_1_354' title='bbox 1505 1992 1751 2035; x_wconf 79' lang='lat' dir='ltr'><strong>Maeaudrum,</strong></span> 
     </span>
     <span class='ocr_line' id='line_1_66' title="bbox 1079 2043 1753 2090; baseline -0.004 -10"><span class='ocrx_word' id='word_1_355' title='bbox 1079 2046 1245 2081; x_wconf 87' lang='lat' dir='ltr'><strong>adludens</strong></span> <span class='ocrx_word' id='word_1_356' title='bbox 1266 2046 1308 2080; x_wconf 83' lang='lat' dir='ltr'><strong>ad</strong></span> <span class='ocrx_word' id='word_1_357' title='bbox 1329 2045 1490 2080; x_wconf 62' lang='lat' dir='ltr'><strong>saltantes</strong></span> <span class='ocrx_word' id='word_1_358' title='bbox 1500 2070 1509 2088; x_wconf 86' lang='lat'>,</span> <span class='ocrx_word' id='word_1_359' title='bbox 1530 2044 1593 2090; x_wconf 74' lang='lat' dir='ltr'><strong>qui</strong></span> <span class='ocrx_word' id='word_1_360' title='bbox 1605 2043 1753 2082; x_wconf 77' lang='lat' dir='ltr'><strong>chorum</strong></span> 
     </span>
     <span class='ocr_line' id='line_1_67' title="bbox 1078 2095 1752 2144; baseline -0.004 -12"><span class='ocrx_word' id='word_1_361' title='bbox 1078 2097 1212 2133; x_wconf 86' lang='lat' dir='ltr'><strong>ducunt</strong></span> <span class='ocrx_word' id='word_1_362' title='bbox 1221 2124 1231 2142; x_wconf 93' lang='lat'>,</span> <span class='ocrx_word' id='word_1_363' title='bbox 1245 2098 1326 2134; x_wconf 88' lang='lat' dir='ltr'><strong>etin</strong></span> <span class='ocrx_word' id='word_1_364' title='bbox 1338 2109 1463 2144; x_wconf 82' lang='lat' dir='ltr'><strong>gyrum</strong></span> <span class='ocrx_word' id='word_1_365' title='bbox 1476 2095 1612 2131; x_wconf 82' lang='lat' dir='ltr'><strong>ludunt.</strong></span> <span class='ocrx_word' id='word_1_366' title='bbox 1622 2095 1752 2131; x_wconf 68' lang='lat' dir='ltr'><strong>Bum-</strong></span> 
     </span>
     <span class='ocr_line' id='line_1_68' title="bbox 1121 2148 1748 2193; baseline -0.006 -9"><span class='ocrx_word' id='word_1_367' title='bbox 1121 2150 1173 2184; x_wconf 79' lang='lat'><strong>56.</strong></span> <span class='ocrx_word' id='word_1_368' title='bbox 1203 2152 1273 2193; x_wconf 79' lang='lat' dir='ltr'><strong>Qui</strong></span> <span class='ocrx_word' id='word_1_369' title='bbox 1281 2151 1394 2183; x_wconf 84' lang='lat' dir='ltr'><strong>lassas</strong></span> <span class='ocrx_word' id='word_1_370' title='bbox 1407 2152 1443 2183; x_wconf 81' lang='lat' dir='ltr'><strong>in</strong></span> <span class='ocrx_word' id='word_1_371' title='bbox 1457 2161 1496 2182; x_wconf 79' lang='lat' dir='ltr'><strong>se</strong></span> <span class='ocrx_word' id='word_1_372' title='bbox 1508 2154 1573 2182; x_wconf 88' lang='lat' dir='ltr'><strong>etc.</strong></span> <span class='ocrx_word' id='word_1_373' title='bbox 1595 2148 1727 2181; x_wconf 74' lang='lat' dir='ltr'><strong>lassas</strong></span> <span class='ocrx_word' id='word_1_374' title='bbox 1739 2172 1748 2187; x_wconf 88' lang='lat'><strong>,</strong></span> 
     </span>
     <span class='ocr_line' id='line_1_69' title="bbox 1078 2197 1752 2245; baseline -0.003 -11"><span class='ocrx_word' id='word_1_375' title='bbox 1078 2213 1151 2234; x_wconf 85' lang='lat' dir='ltr'><strong>non</strong></span> <span class='ocrx_word' id='word_1_376' title='bbox 1170 2203 1289 2245; x_wconf 85' lang='lat' dir='ltr'><strong>lapsas</strong></span> <span class='ocrx_word' id='word_1_377' title='bbox 1303 2200 1522 2235; x_wconf 82' lang='lat' dir='ltr'><strong>rescribimus</strong></span> <span class='ocrx_word' id='word_1_378' title='bbox 1533 2224 1547 2243; x_wconf 24' lang='lat'><strong>‚¹</strong></span> <span class='ocrx_word' id='word_1_379' title='bbox 1567 2211 1649 2233; x_wconf 87' lang='lat' dir='ltr'><strong>cum</strong></span> <span class='ocrx_word' id='word_1_380' title='bbox 1660 2197 1752 2243; x_wconf 73' lang='lat' dir='ltr'><strong>opti-</strong></span> 
     </span>
     <span class='ocr_line' id='line_1_70' title="bbox 1076 2250 1753 2294; baseline -0.006 -7"><span class='ocrx_word' id='word_1_381' title='bbox 1076 2253 1143 2287; x_wconf 86' lang='lat' dir='ltr'><strong>mis</strong></span> <span class='ocrx_word' id='word_1_382' title='bbox 1153 2253 1325 2288; x_wconf 86' lang='lat' dir='ltr'><strong>codicibus</strong></span> <span class='ocrx_word' id='word_1_383' title='bbox 1339 2266 1348 2294; x_wconf 86' lang='lat'><strong>;</strong></span> <span class='ocrx_word' id='word_1_384' title='bbox 1365 2260 1401 2287; x_wconf 88' lang='lat' dir='ltr'><strong>et</strong></span> <span class='ocrx_word' id='word_1_385' title='bbox 1410 2251 1574 2287; x_wconf 83' lang='lat' dir='ltr'><strong>convenit</strong></span> <span class='ocrx_word' id='word_1_386' title='bbox 1588 2250 1656 2284; x_wconf 91' lang='lat' dir='ltr'><strong>hoc</strong></span> <span class='ocrx_word' id='word_1_387' title='bbox 1670 2261 1753 2294; x_wconf 88' lang='lat' dir='ltr'><strong>quo·</strong></span> 
     </span>
     <span class='ocr_line' id='line_1_71' title="bbox 1077 2303 1753 2350; baseline -0.007 -10"><span class='ocrx_word' id='word_1_388' title='bbox 1077 2317 1143 2350; x_wconf 90' lang='lat' dir='ltr'><strong>que</strong></span> <span class='ocrx_word' id='word_1_389' title='bbox 1155 2305 1334 2340; x_wconf 87' lang='lat' dir='ltr'><strong>saltatione</strong></span> <span class='ocrx_word' id='word_1_390' title='bbox 1348 2304 1494 2349; x_wconf 79' lang='lat' dir='ltr'><strong>fatigatis</strong></span> <span class='ocrx_word' id='word_1_391' title='bbox 1507 2316 1519 2338; x_wconf 86' lang='lat'><strong>:</strong></span> <span class='ocrx_word' id='word_1_392' title='bbox 1532 2303 1579 2337; x_wconf 85' lang='lat' dir='ltr'><strong>ita</strong></span> <span class='ocrx_word' id='word_1_393' title='bbox 1591 2303 1753 2348; x_wconf 83' lang='lat' dir='ltr'><strong>Proper-</strong></span> 
     </span>
     <span class='ocr_line' id='line_1_72' title="bbox 1077 2354 1752 2402; baseline -0.007 -10"><span class='ocrx_word' id='word_1_394' title='bbox 1077 2357 1163 2401; x_wconf 87' lang='lat' dir='ltr'><strong>tius,</strong></span> <span class='ocrx_word' id='word_1_395' title='bbox 1185 2367 1199 2391; x_wconf 91' lang='lat'>1</span> <span class='ocrx_word' id='word_1_396' title='bbox 1209 2383 1218 2401; x_wconf 91' lang='lat'>,</span> <span class='ocrx_word' id='word_1_397' title='bbox 1237 2355 1332 2402; x_wconf 84' lang='lat' dir='ltr'><strong>Eleg.</strong></span> <span class='ocrx_word' id='word_1_398' title='bbox 1344 2367 1390 2390; x_wconf 88' lang='lat'><strong>111</strong></span> <span class='ocrx_word' id='word_1_399' title='bbox 1402 2368 1411 2390; x_wconf 79' lang='lat' dir='ltr'>z</span> <span class='ocrx_word' id='word_1_400' title='bbox 1427 2354 1663 2399; x_wconf 68' lang='lat' dir='ltr'><strong>Ed0n1tcfessa</strong></span> <span class='ocrx_word' id='word_1_401' title='bbox 1677 2354 1752 2387; x_wconf 72' lang='lat' dir='ltr'><strong>cho-</strong></span> 
     </span>
     <span class='ocr_line' id='line_1_73' title="bbox 1076 2405 1756 2452; baseline -0.01 -8"><span class='ocrx_word' id='word_1_402' title='bbox 1076 2413 1169 2452; x_wconf 75' lang='lat' dir='ltr'><strong>reis‚·</strong></span> <span class='ocrx_word' id='word_1_403' title='bbox 1195 2416 1230 2443; x_wconf 90' lang='lat' dir='ltr'><strong>et</strong></span> <span class='ocrx_word' id='word_1_404' title='bbox 1247 2409 1376 2444; x_wconf 84' lang='lat' dir='ltr'><strong>Noster</strong></span> <span class='ocrx_word' id='word_1_405' title='bbox 1394 2418 1409 2441; x_wconf 91' lang='lat'>1</span> <span class='ocrx_word' id='word_1_406' title='bbox 1420 2433 1430 2451; x_wconf 88' lang='lat'>,</span> <span class='ocrx_word' id='word_1_407' title='bbox 1454 2407 1545 2442; x_wconf 57' lang='lat' dir='ltr'><strong>Fast-</strong></span> <span class='ocrx_word' id='word_1_408' title='bbox 1561 2406 1646 2449; x_wconf 74' lang='lat'><strong>424:</strong></span> <span class='ocrx_word' id='word_1_409' title='bbox 1660 2405 1756 2438; x_wconf 81' lang='lat' dir='ltr'><strong>Sicut</strong></span> 
     </span>
     <span class='ocr_line' id='line_1_74' title="bbox 1076 2455 1753 2504; baseline -0.009 -9"><span class='ocrx_word' id='word_1_410' title='bbox 1076 2466 1152 2495; x_wconf 81' lang='lat' dir='ltr'><strong>emt</strong></span> <span class='ocrx_word' id='word_1_411' title='bbox 1174 2463 1249 2495; x_wconf 84' lang='lat' dir='ltr'><strong>lusu</strong></span> <span class='ocrx_word' id='word_1_412' title='bbox 1265 2459 1385 2504; x_wconf 78' lang='lat' dir='ltr'><strong>fessa,</strong></span> <span class='ocrx_word' id='word_1_413' title='bbox 1413 2461 1538 2503; x_wconf 73' lang='lat' dir='ltr'><strong>quievit</strong></span> <span class='ocrx_word' id='word_1_414' title='bbox 1558 2458 1666 2492; x_wconf 70' lang='lat' dir='ltr'><strong>hum.</strong></span> <span class='ocrx_word' id='word_1_415' title='bbox 1694 2455 1753 2490; x_wconf 88' lang='lat' dir='ltr'><strong>Sic</strong></span> 
     </span>
     <span class='ocr_line' id='line_1_75' title="bbox 1078 2506 1753 2559; baseline -0.013 -11"><span class='ocrx_word' id='word_1_416' title='bbox 1078 2524 1331 2559; x_wconf 86' lang='lat' dir='ltr'><strong>aquas-quoque</strong></span> <span class='ocrx_word' id='word_1_417' title='bbox 1345 2518 1381 2545; x_wconf 82' lang='lat' dir='ltr'><strong>et</strong></span> <span class='ocrx_word' id='word_1_418' title='bbox 1391 2509 1538 2545; x_wconf 85' lang='lat' dir='ltr'><strong>flumina</strong></span> <span class='ocrx_word' id='word_1_419' title='bbox 1549 2506 1674 2554; x_wconf 79' lang='lat' dir='ltr'><strong>passim</strong></span> <span class='ocrx_word' id='word_1_420' title='bbox 1685 2509 1753 2540; x_wconf 86' lang='lat' dir='ltr'><strong>las-</strong></span> 
     </span>
     <span class='ocr_line' id='line_1_76' title="bbox 1077 2558 1752 2609; baseline -0.012 -10"><span class='ocrx_word' id='word_1_421' title='bbox 1077 2578 1118 2599; x_wconf 87' lang='lat' dir='ltr'><strong>sa</strong></span> <span class='ocrx_word' id='word_1_422' title='bbox 1129 2571 1164 2599; x_wconf 88' lang='lat' dir='ltr'><strong>et</strong></span> <span class='ocrx_word' id='word_1_423' title='bbox 1163 2564 1266 2609; x_wconf 73' lang='lat' dir='ltr'><strong>fi’ssa</strong></span> <span class='ocrx_word' id='word_1_424' title='bbox 1276 2564 1393 2598; x_wconf 84' lang='lat' dir='ltr'><strong>Poetae</strong></span> <span class='ocrx_word' id='word_1_425' title='bbox 1406 2561 1525 2596; x_wconf 80' lang='lat' dir='ltr'><strong>dicunt</strong></span> <span class='ocrx_word' id='word_1_426' title='bbox 1536 2574 1544 2602; x_wconf 87' lang='lat'>;</span> <span class='ocrx_word' id='word_1_427' title='bbox 1560 2558 1752 2604; x_wconf 77' lang='lat' dir='ltr'><strong>praesertim</strong></span> 
     </span>
     <span class='ocr_line' id='line_1_77' title="bbox 1076 2611 1753 2655; baseline -0.01 -4"><span class='ocrx_word' id='word_1_428' title='bbox 1076 2620 1113 2651; x_wconf 78' lang='lat' dir='ltr'><strong>si</strong></span> <span class='ocrx_word' id='word_1_429' title='bbox 1122 2619 1294 2651; x_wconf 66' lang='lat' dir='ltr'><strong>recurvata</strong></span> <span class='ocrx_word' id='word_1_430' title='bbox 1303 2618 1390 2649; x_wconf 83' lang='lat' dir='ltr'><strong>sunt.</strong></span> <span class='ocrx_word' id='word_1_431' title='bbox 1400 2614 1527 2650; x_wconf 79' lang='lat' dir='ltr'><strong>Noster</strong></span> <span class='ocrx_word' id='word_1_432' title='bbox 1533 2621 1560 2655; x_wconf 90' lang='lat'><strong>1,</strong></span> <span class='ocrx_word' id='word_1_433' title='bbox 1573 2611 1661 2645; x_wconf 84' lang='lat' dir='ltr'><strong>Met.</strong></span> <span class='ocrx_word' id='word_1_434' title='bbox 1671 2611 1734 2644; x_wconf 82' lang='lat'><strong>582</strong></span> <span class='ocrx_word' id='word_1_435' title='bbox 1744 2623 1753 2645; x_wconf 74' lang='grc' dir='ltr'>ι</span> 
     </span>
     <span class='ocr_line' id='line_1_78' title="bbox 1077 2670 1729 2708; baseline -0.012 -7"><span class='ocrx_word' id='word_1_436' title='bbox 1077 2678 1108 2701; x_wconf 83' lang='lat' dir='ltr'><strong>ln</strong></span> <span class='ocrx_word' id='word_1_437' title='bbox 1120 2685 1189 2700; x_wconf 72' lang='lat' dir='ltr'><strong>mare</strong></span> <span class='ocrx_word' id='word_1_438' title='bbox 1201 2675 1333 2700; x_wconf 78' lang='lat' dir='ltr'><strong>deducunt</strong></span> <span class='ocrx_word' id='word_1_439' title='bbox 1337 2673 1421 2708; x_wconf 71' lang='lat' dir='ltr'><strong>fossas</strong></span> <span class='ocrx_word' id='word_1_440' title='bbox 1432 2670 1562 2697; x_wconf 70' lang='lat' dir='ltr'><strong>erroribus</strong></span> <span class='ocrx_word' id='word_1_441' title='bbox 1575 2670 1666 2694; x_wconf 73' lang='lat' dir='ltr'><strong>undas.</strong></span> <span class='ocrx_word' id='word_1_442' title='bbox 1683 2670 1729 2694; x_wconf 79' lang='lat' dir='ltr'><strong>ln.</strong></span> 
     </span>
    </p>
   </div>
   <div class='ocr_carea' id='block_1_10' title="bbox 1076 2717 1751 2820">
    <p class='ocr_par' dir='ltr' id='par_1_21' title="bbox 1076 2717 1751 2820">
     <span class='ocr_line' id='line_1_79' title="bbox 1077 2717 1751 2768; baseline -0.013 -9"><span class='ocrx_word' id='word_1_443' title='bbox 1077 2742 1120 2751; x_wconf 92' lang='lat'><strong>—-</strong></span> <span class='ocrx_word' id='word_1_444' title='bbox 1131 2725 1239 2758; x_wconf 89' lang='lat' dir='ltr'><strong>Recte</strong></span> <span class='ocrx_word' id='word_1_445' title='bbox 1257 2722 1416 2768; x_wconf 79' lang='lat' dir='ltr'><strong>quidem,</strong></span> <span class='ocrx_word' id='word_1_446' title='bbox 1440 2733 1483 2755; x_wconf 92' lang='lat' dir='ltr'><strong>eo</strong></span> <span class='ocrx_word' id='word_1_447' title='bbox 1498 2731 1601 2755; x_wconf 89' lang='lat' dir='ltr'><strong>sensu</strong></span> <span class='ocrx_word' id='word_1_448' title='bbox 1611 2744 1620 2761; x_wconf 90' lang='lat'><strong><em>‚</em></strong></span> <span class='ocrx_word' id='word_1_449' title='bbox 1633 2717 1660 2753; x_wconf 85' lang='lat' dir='ltr'><strong>si</strong></span> <span class='ocrx_word' id='word_1_450' title='bbox 1676 2717 1751 2762; x_wconf 88' lang='lat' dir='ltr'><strong>pla—</strong></span> 
     </span>
     <span class='ocr_line' id='line_1_80' title="bbox 1076 2772 1751 2820; baseline -0.013 -8"><span class='ocrx_word' id='word_1_451' title='bbox 1076 2784 1147 2820; x_wconf 86' lang='lat' dir='ltr'><strong>cet;</strong></span> <span class='ocrx_word' id='word_1_452' title='bbox 1172 2775 1231 2811; x_wconf 90' lang='lat' dir='ltr'><strong>sed</strong></span> <span class='ocrx_word' id='word_1_453' title='bbox 1240 2797 1245 2805; x_wconf 39' lang='grc' dir='ltr'><strong>ν.</strong></span> <span class='ocrx_word' id='word_1_454' title='bbox 1252 2773 1419 2810; x_wconf 71' lang='lat' dir='ltr'><strong>adlitsisse</strong></span> <span class='ocrx_word' id='word_1_455' title='bbox 1437 2772 1492 2807; x_wconf 90' lang='lat' dir='ltr'><strong>hic</strong></span> <span class='ocrx_word' id='word_1_456' title='bbox 1513 2773 1564 2807; x_wconf 87' lang='lat' dir='ltr'><strong>ad</strong></span> <span class='ocrx_word' id='word_1_457' title='bbox 1582 2772 1751 2805; x_wconf 71' lang='lat' dir='ltr'><strong>saltantes</strong></span> 
     </span>
    </p>
   </div>
  </div>
 </body>
</html>
