1884 3112
505 260 897 307 HYPSIPYLE
941 249 1213 306 rAso'Ni.
1507 258 1587 301 135

169 352 252 404 Illa
270 353 358 404 sibi
377 353 543 414 Tanai,
569 354 850 422 Scythiaeque
870 351 1110 420 paludibus
1131 351 1232 401 udae

237 433 440 497 Quaerat,
465 443 511 481 et
531 451 557 480 a
573 432 716 500 patria
739 431 957 480 Phasidos
974 447 1138 497 usque,
1162 429 1322 479 virum.

171 509 359 560 Mobilis
381 509 616 569 AEsonide,
639 528 857 577 vernaque
881 508 1091 557 incertior
1113 527 1237 567 aura,

239 589 337 655 Cur*
351 600 427 638 tua
447 587 648 656 pollicito
669 587 866 656 pondere
887 586 1023 636 verba
1041 583 1223 634 carent?

1531 609 1592 633 110

171 665 215 716 ,V
216 664 256 714 ir
275 655 400 716 mssus
419 665 527 714 hinc
549 665 662 714 ieras
676 702 688 724 ,
711 665 779 713 vir
801 683 895 712 non
918 683 1042 713 meus
1064 662 1168 711 inde
1189 662 1355 712 redisti.

238 743 332 793 Sim
348 743 522 794 reducis
546 742 728 808 conjux,
753 741 869 812 sicut
892 739 1038 790 euntis
1063 758 1192 789 eram.

172 821 223 870 Si
245 833 288 871 te
307 820 538 879 nobilitas,
564 836 866 885 generosaque
889 818 1072 867 nomina
1095 828 1304 881 tangunt;

236 898 309 947 En
331 916 414 961 ego
438 896 600 946 Minoo
624 907 728 945 nata
749 896 953 945 Thoante
975 894 1108 944 feror.

171 1038 258 1070 runt
266 1035 276 1069 ε’
284 1032 346 1069 sed
354 1032 403 1069 ibi
412 1029 599 1080 patientius
607 1034 733 1079 seram,
745 1047 852 1081 quam

171 1084 248 1130 hic,
263 1085 344 1131 quia
356 1084 464 1121 Getas
475 1086 677 1134 Hypsipylae
692 1086 854 1134 incogni-

170 1143 226 1173 tos
239 1135 354 1177 abne
367 1137 471 1173 fuisse
488 1151 580 1173 reor.
601 1139 732 1175 Buam.
749 1163 753 1168 ·

219 1201 294 1236 ¹⁰7·
305 1190 375 1225 ala
385 1192 457 1226 sibi
470 1192 589 1226 Tanai.
599 1193 668 1226 Illa
677 1194 776 1226 sibia
790 1193 853 1226 Ta-

171 1243 251 1277 nais
271 1242 424 1288 potiores
442 1242 570 1289 scripti.
592 1242 686 1289 Lege
699 1269 708 1287 ,
732 1245 853 1278 Tanai.

171 1293 370 1340 Naugerius
395 1301 432 1330 et
456 1293 624 1330 Ciosanus
649 1307 692 1329 ex
717 1295 788 1330 suis
800 1321 810 1339 ,
829 1307 854 1329 a

178 1346 302 1381 Taum:
310 1345 452 1382 Deinde
466 1347 582 1392 major
597 1346 759 1382 codicum
774 1360 853 1393 pars

174 1410 258 1432 cum
281 1398 482 1440 Puteaneo,
516 1400 725 1446 Scythaeque
742 1401 855 1445 palu-

172 1450 273 1484 dibus
289 1452 389 1485 undae
403 1450 487 1486 :sed
502 1452 650 1498 Scythia·
668 1453 744 1486 udoe
758 1451 857 1486 resti-

173 1501 350 1537 tuendum
358 1528 370 1547 ,
390 1509 430 1537 ut
440 1510 534 1538 recte
544 1509 694 1549 quatuor
702 1503 780 1538 libri
792 1515 856 1538 ve·-

173 1554 343 1590 tereszsic
355 1560 392 1590 et
405 1554 436 1590 F
436 1561 555 1599 astu,
571 1557 634 1603 597
647 1581 658 1599 ,
674 1555 856 1602 corrigen-

173 1604 263 1640 dum
296 1607 516 1653 Tyben'm'des
538 1609 614 1641 uda·
622 1633 632 1649 ‚
656 1620 721 1652 pro
747 1608 856 1642 undoe.

172 1656 315 1693 Deinde
336 1659 508 1693 Phasidos
518 1686 528 1701 ,
553 1672 684 1705 sequen
690 1660 714 1695 ti
729 1672 834 1695 versu
843 1686 854 1704 ‚

172 1721 238 1756 pro
256 1711 439 1754 Phasidis,
462 1723 521 1746 sex
543 1710 623 1746 libri
644 1724 653 1747 :
674 1712 723 1747 sic
744 1714 861 1747 limosi

172 1763 343 1797 Phasidos
358 1763 488 1799 Noster
508 1763 591 1799 dixit
608 1764 698 1800 Met.
715 1775 792 1806 vn;
820 1770 857 1799 et

174 1812 335 1850 Catullus
343 1841 354 1860 ,
367 1817 538 1850 Phasidos
552 1818 704 1863 adfines.
722 1817 856 1852 HEINS.

171 1883 218 1894 -·
231 1867 302 1902 Illa
313 1869 386 1902 sibi
403 1869 519 1903 Tanai
531 1875 595 1904 etc.
620 1869 750 1905 Tanais
763 1895 774 1913 ‚
797 1869 857 1915 qui

172 1930 271 1953 nunc
284 1920 318 1953 Ie
332 1919 433 1962 Dore,
453 1919 636 1968 Scythicus
652 1922 764 1957 amnis
782 1922 859 1956 Eu·-

172 1981 298 2016 ropam
325 1971 367 2006 ab
398 1971 481 2007 Asia
512 1973 760 2008 disterminans
777 1998 787 2016 ,
817 1985 859 2006 ex

173 2021 323 2069 Riphaeo
335 2030 459 2058 monte
473 2036 492 2053 «
507 2022 595 2058 adeo
604 2035 757 2071 praeceps
772 2024 856 2068 ruit,

174 2074 190 2116 (
205 2073 244 2109 in
272 2074 475 2111 Maeoticam
502 2075 666 2121 paludem
684 2077 698 2120 )
743 2076 860 2122 inquit

173 2126 350 2172 Pompon.
362 2127 447 2162 Mel.
460 2139 489 2171 1,
502 2140 561 2172 20,
573 2135 612 2163 ut
623 2141 735 2174 quum
744 2129 858 2164 vicina

175 2177 341 2223 flumina,
353 2186 431 2215 tum
441 2180 581 2216 Maeotis
593 2187 628 2216 et
636 2181 839 2228 Bosphorus
849 2209 859 2226 ,

175 2237 255 2266 tum
278 2231 387 2267 Ponti
411 2233 545 2278 aliqua,
564 2234 716 2269 brumali
744 2235 859 2281 rigore

175 2281 368 2325 durentur,
397 2284 489 2320 solus
505 2291 605 2321 aestus
623 2285 859 2333 hyememque

175 2336 272 2381 juxta
288 2337 404 2372 serens
417 2363 427 2382 ,
455 2337 552 2372 idem
575 2351 715 2384 semper
735 2346 770 2374 et
791 2351 859 2375 su—

174 2387 307 2432 blimis,
323 2388 552 2435 incitatusque
570 2390 733 2425 decurrat
747 2405 776 2426 n.
792 2393 859 2426 Va-

176 2441 228 2476 ria
242 2440 291 2474 illi
306 2440 453 2475 nomina
468 2454 476 2475 t
493 2440 633 2489 scythae
653 2442 750 2477 enim
773 2444 860 2479 Silia

175 2493 363 2528 vocabant:
376 2493 550 2538 (Eustath.
570 2493 615 2528 ad
628 2494 774 2543 Dionys.
793 2498 860 2541 14.)

179 2543 340 2590 Quidam
350 2558 435 2580 vero
451 2547 624 2581 Acesinen
639 2554 675 2582 et
688 2550 860 2584 Iaxarten.

179 2597 372 2644 (Stephan.
395 2598 561 2645 Byzant.)
585 2599 623 2634 in
638 2601 734 2636 verb.
752 2601 860 2637 Unde

178 2655 298 2686 autem
314 2652 443 2685 Tanais·
452 2664 584 2687 nomen
594 2653 776 2699 acceperit,
786 2667 860 2688 non

178 2702 404 2738 consentiunt
416 2703 510 2739 inter
525 2717 561 2739 se
579 2704 792 2751 Scriptores:
805 2706 861 2741 alii

183 2754 310 2802 quippe
329 2769 352 2792 a
364 2756 470 2794 verbo
482 2758 586 2797 Τάνιω
596 2784 606 2803 ,
622 2758 716 2803 quod
733 2765 784 2797 est
799 2772 862 2797 cx-

917 1035 1040 1069 Iendz’:
1056 1033 1130 1078 alii,
1156 1046 1176 1068 a
1216 1034 1312 1068 Tana
1328 1031 1481 1079 quodam
1501 1058 1511 1076 ,
1539 1031 1600 1077 qui

917 1087 1051 1132 primus
1083 1098 1143 1120 rex
1167 1085 1379 1134 Scytharum
1403 1084 1483 1119 suit.
1519 1083 1600 1119 Isid.

919 1138 1019 1185 Orig.
1038 1149 1107 1173 xm
1119 1165 1128 1182 ,
1148 1153 1200 1173 21.
1214 1137 1401 1173 Probanda
1410 1135 1600 1183 magishaec

918 1191 1047 1236 opinio.
1069 1190 1144 1236 Qui
1166 1203 1264 1225 nunc
1282 1189 1436 1225 accolant
1455 1187 1573 1235 populi
1589 1214 1600 1232 ,

917 1243 1116 1278 Moscovitae
1129 1242 1304 1277 dicuntur.

966 1294 1039 1329 108.
1066 1294 1206 1338 Quaerat
1218 1298 1255 1329 et
1267 1306 1291 1328 a
1300 1297 1418 1339 patn‘a
1431 1292 1602 1329 Phasidos

917 1359 1038 1392 usque,
1065 1350 1181 1382 vit-um.
1197 1346 1318 1382 Phasis
1333 1346 1467 1381 flumen
1484 1347 1602 1390 (nunc

918 1401 1034 1434 Pehas
1062 1398 1100 1433 in
1133 1399 1276 1446 regione
1290 1413 1299 1442 ;
1331 1398 1460 1434 turcice
1493 1410 1578 1432 vero
1591 1423 1601 1441 ,

919 1453 1031 1486 Fasch
1041 1450 1057 1494 )
1069 1464 1110 1486 ex
1121 1451 1291 1486 Armenia
1303 1450 1494 1485 oriundum
1507 1463 1601 1485 con—

918 1503 1034 1538 tendit
1061 1503 1310 1538 Eratosthenes
1326 1529 1335 1547 ,
1366 1501 1458 1548 apud
1486 1501 1602 1537 Schol.

919 1554 1084 1601 Aponon.
1107 1566 1159 1599 11,
1188 1557 1264 1600 401.
1290 1553 1506 1600 Cuiquidem
1524 1554 1602 1599 opi-

918 1606 1018 1642 nioni
1045 1619 1123 1642 non⁴
1149 1607 1198 1642 ita
1221 1606 1422 1642 adversatur
1445 1605 1601 1649 Plinius,

918 1671 959 1695 vl
968 1685 978 1703 ,
993 1661 1014 1704 4
1023 1686 1032 1703 ,
1047 1673 1155 1705 quum
1167 1659 1205 1693 in
1223 1658 1411 1693 Moschicis
1425 1657 1604 1692 montibus

918 1712 1056 1747 sontem
1072 1712 1120 1746 illi
1134 1709 1306 1756 adsignet,
1318 1722 1397 1746 eam
1414 1709 1602 1745 Moschicae

920 1770 1057 1810 partem
1068 1761 1239 1806 indicans,
1257 1761 1364 1797 dubio
1374 1762 1507 1809 procul,
1526 1774 1603 1807 quae

920 1816 957 1850 in
968 1816 1077 1860 ipsam
1088 1814 1296 1850 Armeniam
1307 1815 1519 1850 excurrebat.
1531 1813 1603 1849 Sed

920 1866 981 1912 qui
1011 1866 1086 1901 loca
1113 1866 1288 1902 recentim
1315 1866 1573 1913 desei-'ipserum
1592 1892 1601 1909 ,

921 1917 1014 1964 apud
1037 1919 1182 1960 Soanes,
1209 1919 1269 1964 qui
1289 1917 1435 1954 Caucasi
1450 1918 1606 1964 ingain-

921 1970 1093 2015 colebant,
1106 1970 1190 2005 oriri
1203 1970 1334 2005 Phasin
1346 1978 1516 2006 asserunt.
1536 1970 1604 2005 Vi-

922 2022 1003 2058 deas
1021 2035 1098 2068 quae
1119 2022 1162 2056 ad
1181 2022 1394 2058 Strabonem
1411 2022 1603 2067 Gallicum,

922 2086 961 2109 x1
974 2101 983 2118 ‚
1002 2074 1022 2108 3
1033 2101 1042 2118 ,
1061 2074 1276 2111 adnotarunt
1288 2074 1498 2121 interpretes
1515 2074 1607 2110 doc-

923 2127 1044 2162 tissimi
1054 2129 1092 2161 la
1104 2128 1207 2162 Forte
1217 2129 1263 2162 du
1278 2128 1422 2162 Theilet
1435 2128 1606 2162 Gosseliu.

970 2193 983 2213 1
993 2192 1042 2213 ιο.
1077 2180 1235 2214 polliciti
1252 2181 1411 2224 pondere.
1445 2181 1607 2215 Pollicao

915 2233 1066 2277 pondere
1083 2231 1161 2267 libri
1179 2238 1258 2267 octo
1271 2245 1279 2274 ;
1298 2231 1392 2277 quod
1408 2244 1485 2266 non
1499 2238 1551 2267 est
1565 2231 1609 2267 de

923 2284 1034 2319 nihilo
1046 2296 1053 2319 ι
1064 2284 1111 2319 sic
1117 2284 1353 2329 pollicitijura
1362 2287 1437 2326 toti,
1454 2284 1610 2330 Epistola

925 2335 1103 2384 Cydippes
1115 2363 1125 2381 ,
1144 2344 1180 2373 et
1186 2338 1441 2383 pollzbitafides
1448 2348 1462 2380 ;
1478 2337 1536 2372 lib.
1547 2347 1604 2371 111.

923 2389 1014 2423 Fast.
1033 2389 1108 2424 356.
1126 2389 1260 2425 Hnms.

971 2455 983 2475 1
994 2455 1042 2475 11.
1079 2443 1143 2476 Vir
1158 2455 1251 2476 meus
1272 2444 1352 2477 hinc
1369 2445 1460 2476 tiaras
1479 2447 1545 2476 etc.
1565 2440 1609 2475 In

921 2494 1037 2539 ipsum
1069 2500 1255 2539 retorquet
1273 2520 1282 2538 ,
1316 2507 1394 2540 quae
1430 2492 1611 2529 discedens

922 2545 1151 2591 promiserat,
1172 2560 1204 2580 v.
1220 2546 1285 2582 60:

956 2606 1004 2631 Vir
1015 2611 1076 2630 tuus
1088 2606 1148 2631 hinc
1159 2606 1223 2631 abeo
1231 2624 1239 2637 ,
1253 2606 1296 2631 vii·
1307 2606 1356 2632 tibi
1368 2615 1468 2641 semper
1477 2614 1531 2632 ero.

973 2657 1044 2700 ¹¹4·
1072 2657 1182 2690 Istc-ror.
1216 2655 1338 2690 Barth.
1371 2655 1414 2690 ad
1447 2655 1533 2691 Stat.
1559 2665 1582 2689 v
1600 2681 1609 2698 ,

923 2707 1033 2742 Theb.
1051 2708 1117 2741 650
1129 2734 1138 2751 ,
1158 2721 1197 2741 ex
1210 2708 1278 2742 suis
1288 2707 1504 2742 membranis
1516 2719 1607 2753 pro-

931 2760 1002 2795 sert
1012 2772 1140 2804 precor,
1163 2759 1254 2805 quod
1272 2759 1430 2805 impense
1442 2759 1550 2804 placet
1561 2766 1619 2803 ,et
