1884 3112
313 256 401 301 266

764 261 1115 307 EPISTOLA
1146 266 1256 311 XV.

1784 0 1820 68 'wi
1823 0 1884 222 ι

1875 222 1884 232 δι

1843 278 1848 282 .

376 350 464 399 Sed
487 363 581 401 tum
604 352 842 419 praecipue,
870 373 1006 420 quum
1029 353 1081 403 fit
1102 355 1281 404 Amoris
1304 371 1435 424 opus:

310 427 437 476 Tunc
462 440 504 476 te
528 428 630 495 plus
655 429 787 482 solito
811 430 987 499 lascivia
1008 444 1160 481 nostra
1179 433 1382 499 juvabat,

378 505 630 571 Crebraque
654 507 899 567 mobilitaS,
926 521 1115 576 aptaque
1137 510 1272 559 verba
1290 510 1417 576 joco;

306 579 512 646 Quique,
538 583 618 631 ubi
638 583 727 649 jam
751 585 981 634 amborum
1004 586 1147 635 suerat
1167 598 1398 636 consumta
1418 585 1642 654 voluptas,

374 657 597 709 Plurimus
621 661 668 708 in
692 661 809 710 lasso
830 682 1016 729 corpore
1037 663 1226 727 languor
1249 677 1353 714 erat.
1483 704 1491 708 ,
1678 680 1721 715 50

308 735 439 784 Nunc
464 738 547 786 tibi
567 739 777 788 Sicelides
799 741 1008 800 veniunt,
1033 762 1148 791 nova
1167 744 1332 810 praeda,
1357 742 1526 811 puellae.

374 814 498 877 Quid
522 815 631 863 mihi
655 836 755 864 cum
778 818 954 866 Lesbo?
974 819 1130 869 Sicelis
1155 841 1247 870 esse
1271 821 1386 869 volo.

306 888 369 936 At
392 910 469 940 vos
492 911 692 942 erronem
715 893 869 943 tellure
892 896 1101 945 remittite
1123 909 1327 946 nostrum
1341 936 1352 957 ‚

369 968 570 1017 Nisiades
593 981 772 1029 matreS‚
797 972 1088 1040 Nisiadesque
1111 994 1267 1025 nurus.

308 1107 415 1151 Quod
433 1120 507 1142 non
532 1108 725 1144 luculenter
745 1110 861 1147 minus
878 1112 983 1148 vertit

308 1158 465 1194 Catullus
479 1186 488 1204 ,
513 1174 619 1195 carm.
636 1163 676 1208 57
692 1175 700 1196 :

366 1221 416 1245 Ille
430 1221 465 1244 mi
476 1229 524 1254 par
532 1230 587 1246 esse
596 1223 652 1248 Deo
663 1222 766 1247 videtur
775 1241 784 1254 ‚

366 1269 415 1293 Ille
429 1288 437 1300 ,
454 1269 475 1293 si
486 1269 525 1294 sas
537 1276 590 1302 est,
613 1280 733 1305 superare
748 1273 830 1299 Divos
841 1292 850 1305 ,

367 1319 421 1351 Qui
433 1320 522 1345 sedens

533 1321 656 1346 adversus
666 1340 675 1353 ,
694 1322 833 1347 identidem
845 1328 871 1348 te

544 1371 647 1404 Spectat
657 1376 682 1395 et
693 1371 767 1397 audit

365 1417 450 1443 Dulce
459 1418 585 1443 ridentem
594 1425 644 1445 etc.

305 1475 427 1519 Quam
439 1474 546 1510 Oden
561 1477 797 1512 suavissimam
809 1491 891 1513 cum
906 1478 980 1524 ipso

302 1533 399 1562 textu
413 1529 573 1564 conferre
591 1542 658 1565 nec
677 1530 819 1575 inutile,
836 1544 903 1566 nec
914 1531 979 1565 in-

301 1579 498 1624 jucundum
521 1582 586 1616 erit
607 1583 812 1618 conserenti.
841 1583 980 1618 Viderit

302 1632 386 1677 quid
397 1632 440 1667 de
453 1646 516 1667 suo
528 1634 729 1669 addendum
741 1662 749 1676 ‚
768 1634 851 1680 quid
867 1647 977 1681 graeco

301 1684 558 1720 detrahendum
569 1687 743 1722 censuerit
752 1687 905 1722 imitator
912 1687 978 1722 ele-

302 1737 532 1782 gantissimus.
548 1738 629 1772 Vid.
646 1739 794 1785 Longin.
817 1739 860 1774 de
881 1739 976 1774 Subl.

301 1789 394 1823 Sect.
412 1801 434 1823 x
449 1816 458 1832 ,
479 1804 497 1823 2
510 1816 519 1833 ,
537 1797 573 1825 et
591 1803 667 1836 quae
683 1791 729 1825 ibi
745 1791 788 1826 de
811 1792 878 1826 hoc
899 1804 977 1826 car-

299 1841 396 1876 mine
412 1842 548 1878 Rhetor
561 1844 848 1889 peritissimus.—
865 1846 977 1879 Omni·

299 1908 360 1939 que
366 1908 390 1928 a
393 1900 501 1939 pane.
519 1897 679 1941 Omnique
686 1900 722 1930 in
726 1900 834 1941 pade,
845 1896 887 1930 M
889 1908 976 1931 azar.

305 1949 409 1981 Omni
420 1950 588 1992 tibiparte
598 1975 607 1988 ‚
630 1948 791 1983 Francos.

342 2000 394 2046 47.
406 2000 567 2034 Juuabat.
582 2002 758 2035 Juvabant
772 2001 974 2046 Vaticanus,

300 2050 430 2097 Regius
447 2059 481 2087 et
499 2052 569 2086 duo
587 2066 628 2087 ex
643 2053 729 2087 meis
746 2066 754 2088 :
774 2054 875 2088 bene.
893 2054 942 2088 H.

344 2105 396 2147 48.
415 2107 523 2139 Verba
528 2105 622 2149 joco.
636 2105 793 2150 Quidam
803 2132 812 2150 ,
830 2109 976 2140 membra

290 2157 376 2199 joco
393 2169 403 2190 :
420 2157 475 2191 alii
487 2157 640 2202 codices,
653 2161 756 2192 verba
767 2161 841 2193 Ioco
854 2172 864 2193 .·
881 2159 975 2204 quod

300 2208 444 2243 damnat
456 2209 611 2243 Gronov.
626 2221 672 2243 111
685 2237 694 2254 ,
713 2210 797 2245 Obs.
810 2225 847 2245 21
861 2237 870 2255 ,
888 2224 976 2245 con-

298 2268 352 2294 tra
368 2261 576 2296 Salmasium
587 2288 596 2305 ‚
613 2265 716 2296 verba
717 2263 821 2306 jocis.
838 2263 974 2298 Sarrav.

300 2319 335 2346 et
359 2312 515 2347 Lincoln.
542 2317 646 2348 verba
665 2326 747 2349 sono
762 2342 770 2355 ‚
792 2315 972 2357 Francof.;

299 2364 358 2399 sed
371 2365 456 2399 nihil
467 2366 683 2400 movendum
699 2367 820 2411 :jocus
828 2374 880 2402 est
889 2379 975 2412 opus

299 2418 445 2452 amoris:
464 2418 545 2452 Am.
563 2418 638 2453 Art.
655 2429 705 2462 11,
731 2421 812 2464 724:

330 2475 364 2498 Et
374 2473 462 2498 dulces
474 2474 584 2506 gemitus
593 2493 603 2505 ‚
614 2480 732 2508 aptaque
746 2475 829 2500 »uerba
837 2477 907 2509 joco·

300 2533 338 2556 1v
353 2549 362 2566 ‚
389 2518 481 2557 Fast.
497 2523 562 2557 868
578 2536 587 2557 :

328 2578 431 2602 Poseite
443 2577 581 2602 blanditias
592 2597 600 2608 ,
623 2578 753 2612 dignaque
764 2578 918 2611 verb-joco.
939 2578 971 2603 Β.

341 2628 393 2674 49.
405 2628 518 2672 Atque
525 2628 659 2672 ubijam
666 2627 920 2662 amborum-Scri
924 2627 974 2672 pti

297 2680 475 2723 nonnulli,
493 2681 546 2715 At
557 2683 671 2721 simul,
688 2680 742 2714 vel
756 2681 813 2715 Ac
825 2693 836 2714 ,’
848 2679 974 2723 majori

299 2738 418 2765 tamen
432 2745 472 2765 ex
483 2739 594 2776 parte,
610 2734 721 2777 Alque
731 2732 885 2776 ubijam:
896 2731 972 2775 lego

302 2786 448 2828 Quique,
466 2787 527 2818 ubi
530 2785 610 2828 jam
627 2792 690 2819 etc.
719 2783 895 2818 Librarius
913 2797 974 2828 que

1048 1121 1257 1160 expresserat
1272 1114 1494 1150 solummodo
1509 1128 1574 1162 pro
1585 1119 1720 1162 quique,

1047 1166 1195 1200 solemni
1207 1179 1326 1201 errore
1342 1179 1350 1202 :
1364 1167 1448 1203 hinc
1458 1169 1587 1213 Atque,
1604 1172 1723 1214 po'stea

1047 1225 1182 1253 natum.
1198 1219 1332 1254 Hzms.

1092 1271 1144 1304 51.
1171 1271 1343 1305 Stkelidcs.
1361 1271 1491 1317 Regius
1507 1271 1616 1315 codex
1634 1272 1723 1306 Sici-

1047 1323 1148 1363 lz'des‚
1175 1329 1210 1357 et
1223 1335 1304 1357 mox
1320 1324 1433 1357 15'c'cz'lt's
1445 1336 1456 1357 .-
1473 1322 1568 1368 quod
1579 1335 1652 1358 non
1667 1330 1722 1358 te—

1043 1386 1141 1409 mere
1151 1374 1428 1420 repudiandum
1445 1387 1555 1420 quum
1569 1375 1617 1410 ita
1633 1381 1669 1410 et
1683 1375 1722 1410 in

1042 1439 1173 1462 novem
1200 1426 1373 1462 codicibus
1396 1427 1488 1474 apud
1512 1426 1635 1474 Vin-gil.
1657 1436 1745 1475 lv„

1044 1479 1117 1514 Ecl.
1133 1480 1289 1514 Sicilides
1310 1480 1435 1520 Musa,
1454 1491 1540 1525 quos
1557 1478 1724 1515 Heinsius

1042 1530 1128 1564 vidit
1141 1557 1151 1574 ,
1173 1537 1281 1566 exstet
1293 1557 1303 1574 ,
1323 1538 1359 1566 et
1372 1531 1508 1566 Pierius
1521 1537 1669 1566 testetur
1682 1530 1723 1565 in

1042 1583 1214 1629 plerisque
1226 1584 1376 1629 antiquis
1389 1584 1556 1630 reperiri,
1570 1584 1650 1620 licet
1661 1596 1721 1619 re·-

1042 1635 1172 1680 pudiet.
1197 1636 1281 1671 Non
1305 1643 1423 1671 autem
1444 1638 1592 1671 voluisse
1615 1635 1725 1671 modo

1042 1699 1115 1722 esse
1145 1688 1316 1721 SicilMem
1340 1687 1483 1733 Sappho
1494 1714 1504 1732 ,
1534 1687 1595 1723 sed
1616 1688 1724 1722 etiam

1041 1739 1106 1773 sibi
1121 1738 1277 1773 exsilium
1288 1738 1460 1780 indixisse,
1477 1746 1515 1774 et
1525 1739 1644 1774 relicta
1659 1751 1723 1784 pa-

1041 1791 1106 1825 tria
1122 1790 1240 1825 abiisse
1257 1790 1294 1824 in
1310 1790 1463 1825 Siciliam
1474 1816 1484 1834 ‚
1510 1797 1551 1825 ut
1573 1789 1721 1826 Phaone

1040 1855 1103 1877 suo
1117 1843 1187 1877 srui
1202 1849 1328 1888 posset,
1342 1842 1523 1878 Archonte
1536 1842 1720 1886 Aristode,

1041 1894 1143 1930 docet
1166 1907 1230 1929 nos
1252 1895 1415 1929 Marmor
1439 1895 1722 1930 Arundelianum

1041 1948 1079 1981 in
1094 1947 1236 1993 Epocha
1249 1974 1258 1991 ,
1277 1947 1319 1993 37
1330 1973 1339 1989 ‚
1356 1960 1376 1982 a
1392 1947 1548 1982 seldene
1562 1946 1722 1988 editum;

1041 1999 1136 2045 quod
1154 1999 1272 2035 nescio
1293 2012 1339 2034 an
1356 2001 1538 2045 quisquam
1554 2005 1723 2045 praeterea

1038 2052 1219 2087 memoriae
1234 2051 1435 2098 prodiderit.
1452 2051 1584 2087 Bmuu.

1084 2106 1136 2139 52.
1153 2105 1274 2139 Sicelis
1282 2116 1359 2138 esse
1373 2106 1460 2138 volo.
1474 2104 1593 2150 Fingit
1603 2103 1721 2138 Phao-

1039 2169 1124 2191 nem
1139 2156 1187 2203 ita
1205 2155 1420 2201 loquentem.

1084 2209 1135 2252 54.
1157 2210 1319 2243 Nisiades
1333 2213 1459 2244 matres
1474 2214 1539 2242 etc.
1557 2207 1724 2243 M'srzoedes

1040 2260 1140 2294 dictae
1167 2261 1411 2305 Megarenses,
1429 2267 1465 2294 et
1478 2259 1647 2294 universae
1663 2258 1721 2295 Si·-

1038 2313 1135 2356 culae,
1152 2320 1295 2359 propter
1305 2312 1483 2348 conditam
1495 2312 1621 2346 urbem
1634 2310 1720 2345 Me-

1039 2378 1119 2410 gara
1134 2365 1257 2400 Siciliae
1267 2391 1276 2409 ,
1293 2365 1334 2400 ab
1348 2365 1468 2400 incolis
1485 2364 1612 2399 Atticae
1624 2362 1718 2398 urbis

1039 2418 1279 2462 Megarorum,
1294 2430 1371 2463 quae
1380 2424 1415 2451 et
1425 2418 1533 2452 Nisea
1547 2415 1638 2450 dicta
1653 2426 1718 2449 an·-

1039 2470 1184 2514 tiquims
1191 2469 1232 2504 ab
1242 2483 1323 2516 rege
1334 2471 1430 2504 Niso.
1441 2469 1610 2504 Nesiades
1617 2466 1716 2510 olim,

1038 2522 1092 2556 vel
1109 2534 1128 2555 a
1145 2523 1270 2555 Neside
1290 2521 1402 2555 insula
1422 2519 1643 2565 Campania,
1661 2517 1717 2552 vel

1039 2587 1059 2608 a
1076 2575 1183 2607 Nesia
1197 2574 1339 2620 regione
1353 2573 1442 2618 circa
1464 2572 1622 2606 AEtnam.
1641 2569 1719 2603 Ali-

1039 2633 1170 2671 quanto
1198 2634 1317 2660 tamen
1345 2620 1552 2670 probabilius
1582 2624 1619 2656 J.
1653 2622 1717 2655 Ph.

1037 2681 1063 2712 d
1067 2679 1221 2719 'Oroillffi
1237 2677 1278 2712 ad
1295 2677 1526 2712 Charitonem
1541 2700 1551 2717 ,
1577 2686 1610 2718 p.
1626 2674 1686 2716 541
1702 2697 1713 2715 ,

1038 2733 1206 2766 Nesz'ades
1218 2729 1310 2775 apud
1323 2730 1492 2764 Nostrum
1502 2726 1609 2760 dictas
1621 2725 1716 2760 Sicu-

1038 2783 1087 2817 las
1105 2773 1322 2826 eristimavit,
1338 2779 1431 2825 quod
1443 2778 1558 2814 Sicilia
1572 2778 1643 2823 ipsa
1654 2789 1717 2823 per
