1884 3112
530 259 798 306 UleEs
845 261 1239 306 PENELOPAE.
1548 282 1600 326 19

235 349 399 401 Fatalis
422 350 579 420 palmae
602 353 794 420 pignora
815 365 944 421 capta
965 352 1061 403 tuli.
1558 384 1602 407 ρο

170 430 264 480 Nec
288 430 417 480 timui
440 432 702 482 commissus
724 450 864 499 equo;
889 431 1001 481 male
1026 431 1179 481 sedula
1202 433 1398 500 quamvis

238 506 470 557 Clamabat
491 521 611 558 vates
634 528 647 558 ε
673 531 698 553 «
723 508 872 566 Urite‚
899 509 1062 566 Troes,
1089 527 1253 575 equum
1278 529 1290 558 :

172 584 301 634 Urite
325 605 337 634 ε
357 585 557 635 mendaci
578 585 776 635 celantur
797 585 960 633 robore
983 585 1163 644 Achivi,

237 663 299 710 Et
319 662 519 731 Phrygas
541 663 590 711 in
611 662 796 710 miseros
817 660 975 710 ultima
995 660 1116 710 bella
1138 661 1300 711 ferunt.
1331 686 1354 706 »

174 737 434 788 Perdiderat
455 737 617 787 tumuli
640 757 896 805 supremum
918 757 1082 787 munus
1107 738 1326 798 Achilles,
1559 757 1602 789 25

240 814 331 864 Sed
351 814 534 864 Thetidi
554 826 621 864 est
641 815 838 864 humeris
860 813 1060 864 redditus
1082 813 1156 864 ille
1179 816 1301 865 meis.

173 890 266 940 Nec
287 890 463 941 laudem
485 892 630 942 Danai
653 904 779 942 tanto
802 911 985 941 renuere
1008 890 1155 940 labori
1179 911 1190 940 :

241 968 397 1036 Erepti
419 969 613 1036 pretium
635 969 836 1037 corporis
861 989 980 1018 arma
1003 968 1100 1017 tuli.

173 1046 302 1112 Quid
325 1046 492 1097 refert?
513 1047 672 1115 pelago
699 1060 805 1097 sunt
831 1049 994 1098 obruta
1017 1068 1027 1096 ε
1053 1067 1147 1096 non
1168 1046 1280 1096 mihi
1303 1046 1488 1109 classes,

237 1124 344 1172 Non
367 1124 477 1173 socii
500 1138 712 1192 superant
736 1143 747 1172 ε
773 1126 922 1175 omnia
943 1137 1110 1193 pontus
1131 1126 1281 1175 habet.
1564 1142 1606 1176 30

175 1199 309 1250 Solus
332 1199 476 1250 adhuc
499 1219 692 1262 mecum,
720 1204 798 1270 qui
821 1222 890 1251 me
915 1214 985 1251 tot
1009 1203 1186 1252 casibus
1210 1222 1326 1252 unus

242 1279 454 1339 Duravit,
478 1281 653 1347 patiens
676 1281 731 1329 ad
754 1280 889 1340 mala,
915 1293 1083 1348 perstat
1105 1283 1257 1331 Amor.

175 1354 310 1404 Illum
331 1375 426 1404 non
448 1356 586 1404 avidis
610 1357 795 1406 canibus
818 1358 968 1408 Niseia
990 1358 1116 1421 virgo

222 1500 276 1523 ιο.
294 1490 429 1523 Rutulis·
438 1491 565 1534 palme
574 1492 727 1534 pifflmra.
743 1489 860 1524 Pana-

178 1540 278 1576 dium
290 1566 301 1585 ‚
316 1540 444 1576 scilicet
457 1567 466 1584 ,
483 1540 577 1586 quod
592 1544 664 1575 una
677 1553 759 1576 cum
773 1540 859 1575 Dio-

178 1592 282 1628 mede
311 1605 358 1629 ex
379 1606 459 1627 atace
470 1620 481 1636 ,
513 1597 615 1629 coesis
638 1595 833 1629 custodibus
845 1620 855 1636 ,

176 1643 355 1691 surripuit.

218 1709 274 1732 21.
295 1697 392 1731 Male
402 1697 533 1732 sedula.
549 1696 642 1743 Lege
658 1723 668 1740 ‚
682 1700 772 1731 male
784 1710 861 1730 cre*

176 1750 254 1784 dita
266 1761 474 1795 quamquam.
490 1749 640 1784 Metam.
653 1759 720 1793 xv,
740 1748 798 1794 73,
815 1748 859 1783 de

177 1801 394 1851 PYtbassora:
550 1871 581 1880 ...
598 1853 709 1880 Talibus
719 1862 764 1880 orn

177 1905 262 1931 Doct-
272 1903 381 1939 quiden
392 1903 482 1935 solvit,
491 1903 538 1930 §ed
554 1913 607 1930 uon
617 1909 644 1929 et
652 1903 750 1929 credit·
762 1903 858 1929 verbis.

176 1954 315 1990 fimes.
331 1953 504 1998 Retineo‚
523 1955 612 1988 male
624 1955 755 1988 sedula.
767 1954 861 1988 Nam

179 2009 269 2044 male
286 2009 418 2042 credita
435 2013 557 2042 contra
571 2012 732 2041 mentem
749 2012 861 2051 poetae

180 2059 269 2095 mihi
281 2058 434 2104 videtur,
442 2071 517 2093 non
529 2058 626 2093 enim
639 2060 768 2092 credita
778 2057 860 2093 suit:

181 2114 271 2146 male
281 2113 413 2146 cndita
422 2123 508 2146 vero
521 2109 690 2157 significat
699 2137 709 2154 ‚
723 2109 778 2145 cui
790 2123 862 2145 cre-

181 2162 296 2198 ditum
310 2162 453 2209 quidem
466 2163 532 2198 suit
544 2188 554 2207 ,
568 2161 629 2197 sed
643 2162 769 2197 frustra
779 2188 789 2205 ‚
803 2161 859 2196 vel

181 2221 316 2251 temere
329 2241 340 2260 ,
353 2221 393 2250 ut
407 2215 538 2251 centies
556 2221 676 2250 noster
694 2222 730 2250 et
745 2214 800 2249 alii
815 2220 858 2262 τῷ

182 2269 272 2303 male
285 2272 434 2302 utuntur
449 2281 458 2310 ;
472 2267 534 2303 sed
549 2269 637 2302 male
649 2269 769 2302 sedula
777 2294 787 2309 ,
806 2274 859 2302 est

182 2332 262 2366 quae
284 2319 413 2354 frustra
437 2319 574 2355 volebat
586 2320 750 2365 Troianis
776 2333 860 2366 per-

181 2371 327 2408 suadere
339 2370 460 2406 dolum
471 2371 588 2407 latere.
600 2372 730 2408 Bunm.
738 2372 859 2408 —Cu-

181 2425 238 2471 jus
254 2423 401 2458 molesta
416 2429 452 2458 et
466 2423 607 2459 inimica
617 2438 708 2470 equo
721 2425 859 2461 inclusis

183 2482 258 2512 erat
275 2477 442 2511 sedulitas
452 2502 462 2517 ‚
484 2483 524 2510 ut
545 2483 626 2522 pote
651 2489 728 2522 quae
754 2479 859 2523 possit

181 2527 330 2565 latentes
348 2526 509 2574 prodere.
525 2527 583 2563 Sic
599 2528 664 2575 Ep.
677 2540 731 2564 vu
745 2555 755 2573 ‚
781 2543 858 2578 191:

213 2589 293 2614 Soror
304 2587 382 2614 Anna
388 2606 398 2619 ,
411 2595 474 2612 men
487 2586 558 2612 male
569 2588 671 2613 comcia
681 2588 780 2622 culpo:

182 2637 311 2673 scilicet
324 2664 334 2682 ,
348 2637 385 2673 in
402 2636 594 2683 perniciem
608 2650 735 2673 meam.

228 2703 281 2724 22.
309 2691 403 2724 Un'te
414 2717 423 2731 ,
448 2690 568 2731 Tmes,
584 2702 710 2735 equum.
734 2690 790 2726 Ad
804 2691 860 2728 illa

183 2741 322 2787 respicit
336 2741 433 2788 Vix-g.
448 2741 532 2776 AEn.
545 2753 574 2776 11
585 2768 594 2786 ‚
611 2743 653 2777 35
667 2756 675 2778 :

185 2800 221 2826 Λι
231 2802 315 2838 Capys
325 2821 334 2835 ‚
346 2808 371 2827 et
381 2811 493 2837 quorum
503 2802 595 2830 melior
605 2804 728 2830 sententia
743 2806 823 2831 menti
833 2825 841 2838 ,

922 1489 980 1514 Aut
988 1489 1079 1523 pelago
1092 1490 1211 1515 Daunum
1221 1489 1340 1520 insidias,
1351 1494 1523 1524 suspectaque
1529 1490 1614 1525 donax

921 1538 1086 1571 Praecipitare
1097 1538 1202 1571 jubent,
1213 1538 1373 1572 subjectisve
1383 1547 1456 1564 urere
1466 1539 1587 1566 flammis.

968 1589 1020 1632 2'4.
1050 1588 1181 1623 Ultima
1194 1590 1293 1622 bella.
1308 1588 1455 1623 Mallem
1464 1615 1474 1635 ,
1487 1593 1609 1625 ultima

924 1642 1005 1674 lela.

967 1693 1020 1726 28.
1043 1694 1170 1736 Empti
1182 1697 1329 1737 pretium
1357 1701 1422 1730 etc.
1459 1695 1608 1732 Metam.

923 1755 995 1779 XIII
1009 1770 1019 1788 ,
1037 1744 1112 1779 383.

969 1796 1022 1831 31.
1051 1798 1121 1840 Qui
1128 1810 1181 1831 me
1197 1801 1250 1832 tot
1260 1800 1397 1834 casibus
1412 1813 1498 1835 unus
1510 1803 1608 1836 dura—

925 1851 981 1884 vit.
1005 1849 1099 1883 Puto
1121 1863 1221 1884 unum
1247 1853 1388 1886 duravit.
1411 1853 1506 1888 Nam
1530 1861 1609 1900 post

925 1904 959 1936 τὸ
972 1903 1066 1935 solus
1076 1929 1085 1943 ,
1103 1901 1222 1937 odiosa
1238 1909 1273 1937 et
1287 1903 1464 1949 superflua
1485 1906 1528 1940 sit
1551 1919 1609 1940 re-

925 1953 1047 1999 petitio
1061 1961 1117 1990 τοῦ
1128 1967 1222 1988 unus.
1246 1955 1380 1991 Hnms.

969 2005 1022 2039 33.
1044 2007 1146 2040 Illum
1162 2019 1229 2040 non
1248 2009 1358 2041 aoidzlr
1374 2011 1515 2043 canibus
1535 2012 1610 2045 Ne-

924 2061 998 2092 reia
1023 2061 1126 2102 virgo.
1155 2057 1211 2092 De
1242 2058 1356 2106 Scylla
1381 2059 1476 2094 haud
1502 2061 1606 2097 dubie

927 2110 1019 2156 agit,
1048 2123 1155 2155 quam
1179 2123 1242 2145 cur
1267 2113 1426 2147 Nereiam
1460 2115 1608 2160 appellet

924 2162 1097 2208 virginem
1111 2189 1120 2206 ,
1147 2164 1260 2198 fateor
1286 2177 1344 2199 me
1372 2178 1446 2200 non
1474 2166 1606 2202 videre.

925 2214 979 2250 Ne
997 2214 1079 2260 quid
1099 2222 1132 2249 te
1148 2228 1268 2250 morer
1280 2243 1289 2259 ,
1307 2215 1442 2263 refinge
1459 2245 1468 2261 ‚
1484 2221 1607 2254 Niseia

924 2270 1027 2312 virgo.
1038 2267 1203 2313 Virgilius
1217 2268 1254 2302 in
1272 2267 1347 2303 Ciri
1363 2296 1372 2313 ,
1389 2270 1474 2318 389:

923 2329 974 2354 Per
991 2337 1059 2353 mare
1076 2330 1214 2354 ceruleum
1231 2329 1343 2354 trahitur
1359 2330 1449 2355 Niseia
1466 2331 1549 2364 virgo.

925 2378 1034 2413 Recte
1049 2405 1058 2421 ,
1074 2378 1189 2424 inquis
1203 2392 1211 2414 t
1229 2379 1343 2424 agitur
1362 2379 1457 2415 enim
1478 2380 1546 2415 illic
1561 2380 1605 2415 de

926 2430 1039 2477 Scylla
1052 2430 1213 2466 Nisi.Sed
1228 2431 1311 2476 quid
1325 2431 1391 2466 hoc
1402 2432 1445 2466 ad
1458 2432 1604 2467 alteram

925 2495 945 2517 a
959 2482 1092 2517 Glauco
1114 2490 1266 2518 amatam
1280 2509 1289 2527 ,
1308 2483 1437 2518 Phorci
1458 2491 1493 2518 et
1514 2484 1605 2520 Cra-

924 2534 1024 2570 teidis
1040 2535 1204 2581 nymphae
1219 2535 1326 2570 filiam
1341 2535 1356 2569 ?
1383 2537 1432 2570 At
1452 2538 1605 2572 consun-

924 2586 1014 2621 dunt
1028 2587 1221 2632 promiscue
1235 2589 1352 2623 ambas
1364 2595 1475 2634 poetae
1484 2615 1494 2632 ,
1508 2590 1603 2635 quod

924 2646 964 2673 ut
975 2638 1137 2684 liquidius
1149 2647 1328 2685 appareat,
1339 2642 1503 2687 exemplis
1510 2644 1602 2678 evin-

923 2698 1032 2726 cetur.
1043 2692 1171 2727 Noster
1181 2693 1252 2739 ipse
1265 2693 1602 2740 Metamorphoseon

923 2743 1012 2779 libro
1039 2751 1159 2779 octavo
1172 2771 1182 2789 ‚
1210 2752 1246 2780 et
1274 2745 1411 2781 decimo
1433 2747 1536 2781 tertio
1563 2761 1602 2782 ac

926 2803 1050 2841 quarto
1081 2797 1142 2832 etsi
1175 2798 1358 2834 manifeste
1388 2798 1575 2847 distinguat
1590 2827 1599 2843 ‚
