1884 3112
256 242 339 286 126

704 248 904 292 EPIST
920 250 1053 294 OLA
1087 252 1178 298 vl.

308 335 395 383 Vix
416 335 549 395 mihi,
574 348 684 385 teste
705 338 826 396 Deo,
852 339 1015 389 credita
1035 341 1123 391 vita
1144 355 1219 393 tua
1242 358 1320 395 est.
1561 343 1563 345 ¹
1600 369 1643 404 30

242 416 393 483 thue
415 411 586 466 animus
605 417 756 476 rediit,
783 430 858 467 tua
875 419 986 469 facta
1008 423 1227 490 requirere
1250 429 1374 495 coepi.
1542 440 1568 465 ⁴⁷
1588 430 1589 433 ¹

303 494 462 541 Narrat
484 492 713 559 aenipedes
736 494 893 544 Martis
915 516 1057 548 arasse
1077 501 1215 552 boves
1233 522 1244 562 ;
1423 495 1425 497 ³

239 570 453 636 Vipereos
478 569 627 618 dentes
650 570 697 617 in
719 569 904 622 humum
927 593 1010 641 pro
1030 579 1192 628 semine
1210 581 1370 646 jactOS,

303 648 363 694 Et
385 647 535 695 subito
558 658 687 695 natos
712 666 829 698 arma
852 650 1005 702 tulisse
1023 654 1167 714 viros3

237 723 497 787 Terrigenas
520 722 713 790 populos
727 762 739 783 ‚
768 725 884 775 civili
908 730 1050 780 Marte
1071 745 1317 798 peremtos,
1600 746 1644 786 ³5

302 799 512 866 Implesse
534 801 672 850 aetatis
692 802 782 851 fata
805 803 962 854 diurna
977 825 1081 856 suae.

238 876 423 925 Devicto
444 890 665 945 serpente,
688 880 867 940 iterum,
894 882 932 930 si
952 883 1068 932 vivat
1087 885 1237 943 Iason,

234 1035 274 1064 ut
295 1030 444 1064 timidum
455 1029 575 1074 jurare
601 1030 793 1078 Hypsipyle
817 1045 906 1068 coe-

236 1080 334 1126 gerit.

275 1132 330 1165 30.
356 1134 423 1166 Vix
436 1134 533 1173 mihi,
554 1137 640 1168 teste
655 1134 732 1169 Deo
744 1161 754 1176 ,
778 1136 907 1170 credita

232 1187 306 1218 vita
321 1188 379 1218 tua
394 1188 456 1219 est.
483 1184 536 1218 Ita
552 1197 608 1218 me
625 1192 822 1218 terruerant
837 1200 906 1230 pe-

235 1236 362 1282 ricula,
385 1249 461 1282 quae
486 1234 645 1270 adeunda
664 1235 726 1269 tibi
747 1236 905 1272 fuerant:

232 1290 280 1324 ita
293 1289 335 1323 de
353 1296 413 1323 tua
424 1288 532 1323 salute
549 1299 645 1322 eram
666 1287 763 1321 anxia
775 1313 784 1330 ,
793 1295 838 1322 *ut
852 1289 907 1323 vix

229 1344 340 1376 vivere
354 1347 389 1376 te
407 1341 616 1381 crediderim,
635 1339 791 1384 quamvis
808 1339 843 1374 id
861 1341 906 1374 af-

235 1393 394 1429 firmaret
405 1419 415 1438 ‚
433 1392 489 1428 vel
502 1393 579 1426 Deo
596 1395 698 1432 teste,
723 1404 828 1437 quem
844 1392 908 1426 in-

232 1446 455 1491 terrogabam
474 1444 596 1490 hospes
609 1469 619 1488 ,
643 1444 801 1489 et‘jurate
819 1457 908 1479 coe-

234 1510 464 1594 gegilrlb'tque
474 1550 605 1582 animus
619 1548 727 1582 rediit.
746 1547 908 1582 Turbant

230 1600 288 1635 hic
300 1600 416 1635 denuo
426 1600 512 1634 libri.
534 1599 606 1634 Sed
621 1605 778 1644 excerpta
791 1600 907 1635 Jureti

231 1665 314 1688 cum
332 1664 405 1686 uno
425 1651 593 1686 Patavino
607 1677 616 1695 ,
648 1652 698 1684 Ut
709 1653 810 1685 rediit
821 1655 905 1685 ani-

230 1717 313 1739 mus.
332 1704 441 1738 Recte
466 1715 474 1737 :
493 1703 696 1749 producitur
712 1702 807 1737 enim
824 1704 904 1739 Na-

229 1757 306 1791 soni
327 1756 466 1801 aliisque
490 1755 607 1791 Poetis
637 1755 770 1801 passim.
783 1755 904 1790 ultima

231 1809 307 1854 ejus
322 1808 418 1843 verbi
434 1807 561 1855 syllaba
571 1833 582 1851 ‚
606 1807 904 1852 quemadmodum

229 1861 312 1895 etin
326 1862 423 1902 adiit,
440 1862 536 1900 abiit,
550 1863 636 1900 iniit,
648 1863 772 1904 proeiit,
789 1863 901 1902 subiit,

226 1916 406 1957 pra-tenu,
431 1919 467 1947 et
495 1911 678 1957 similibus,
707 1911 750 1947 de
781 1913 903 1957 quibus

230 1977 294 1999 suo
314 1964 400 1999 loco.
842 1981 848 2006 J

274 2017 326 2051 32.
337 2019 464 2051 Narrat
473 2018 662 2060 aenipedes.
679 2015 903 2052 Correctores

229 2069 495 2114 interpolarunt.
533 2070 683 2102 Rettulit
711 2071 877 2112 oenzjnedes
891 2081 902 2103 ,¹

229 2133 313 2154 nam
328 2127 461 2155 vetusta
478 2120 683 2166 exemplaria
694 2146 704 2164 ‚
731 2122 858 2155 Narrat
867 2124 905 2155 et

227 2174 406 2217 aenjvedes;
418 2172 493 2216 vel,
507 2174 635 2206 Narrat
638 2175 820 2216 aertjoedes.
834 2171 902 2207 Co-

229 2224 294 2259 dex
302 2225 619 2259 Helmaest.Narrat
625 2227 786 2269 an’pedes.
793 2225 898 2271 Lege,

229 2276 375 2311 minima
387 2277 580 2311 mutatione
596 2289 604 2311 :

260 2327 356 2352 Narrat
363 2328 496 2361 aenipedes
508 2328 602 2352 Martis
612 2336 695 2352 arasse
703 2327 791 2353 boves.

229 2375 381 2422 Epistola
396 2377 534 2412 Medeae
544 2403 554 2422 ,
575 2378 617 2425 93
630 2389 638 2411 :

228 2429 243 2452 J
247 2430 320 2461 ungis
331 2429 467 2463 aenipedes
477 2431 596 2455 inadusto
608 2439 713 2463 corpore
725 2435 821 2455 tauros.

231 2475 422 2520 Quomodo
436 2486 471 2513 et
488 2479 555 2514 illic
568 2478 790 2514 scribendum
805 2491 814 2513 ε
829 2492 897 2514 ae-

227 2541 308 2562 neus
315 2536 349 2563 et
356 2543 472 2575 uenus,
482 2544 546 2576 pro
555 2544 664 2575 aeneo,
676 2531 801 2577 passim
812 2532 898 2567 Poe-

228 2586 280 2614 tae.
295 2581 476 2626 Martialis,
487 2583 770 2628 Spectaculorum
781 2584 897 2629 Epigr-

229 2642 343 2675 xxvn,
359 2647 390 2678 7,
404 2637 574 2678 zgrm'pedes
585 2643 683 2670 vocat
692 2635 753 2670 hos
763 2642 895 2670 tauros:

228 2691 362 2724 Ignipedes
370 2698 455 2726 posset
464 2694 518 2718 sine
526 2694 646 2720 Colchide
655 2697 757 2720 vincere
766 2701 862 2721 tamon.

229 2739 299 2774 Sed
312 2740 389 2776 vide
402 2754 446 2777 ne
459 2749 493 2777 et
506 2743 572 2778 illic
587 2747 753 2789 aenzjvedes
769 2745 811 2779 sit
824 2756 896 2779 cor-

970 1034 1173 1080 rigendum;
1185 1048 1396 1082 quamquam
1404 1039 1576 1082 igm'pedes
1588 1038 1645 1072 So-

970 1088 1014 1119 lis
1033 1090 1113 1131 equi
1131 1088 1262 1124 Nasoni
1287 1095 1322 1123 et
1346 1088 1456 1123 Statio
1474 1088 1642 1124 dicantur.

970 1137 1158 1181 AEn’pedem
1171 1151 1298 1173 ceream
1307 1139 1410 1172 habes
1422 1140 1511 1184 apud
1523 1141 1642 1187 Virgil.

972 1187 1111 1221 AEneid.
1130 1199 1169 1223 vl
1181 1215 1190 1232 ,
1209 1189 1283 1223 803.
1310 1189 1352 1223 In
1374 1189 1449 1224 loco
1473 1191 1640 1227 Martialis

960 1236 1107 1281 jungere
1121 1242 1233 1274 taums
1243 1252 1306 1285 pro
1316 1243 1447 1276 w‘ncere
1454 1269 1463 1283 ‚
1480 1243 1642 1289 castigan-

971 1287 1056 1323 dum
1072 1297 1166 1324 recte
1182 1291 1267 1325 vidit
1291 1292 1499 1329 Gronovius.
1519 1295 1639 1342 Hygi-

969 1352 1047 1384 nus,
1056 1341 1135 1375 xitn
1144 1354 1176 1375 :«
1187 1342 1308 1387 Itaque
1316 1343 1543 1380 AEetaJasoni
1550 1345 1640 1381 hanc

969 1392 1181 1428 simultatem
1192 1395 1369 1431 constituit
1378 1422 1387 1440 ,
1406 1397 1434 1431 si
1448 1397 1550 1433 vellet
1559 1398 1640 1443 pel-

967 1444 1039 1479 lem
1059 1452 1214 1480 auratam
1230 1442 1364 1482 auferre
1378 1474 1388 1492 ,
1416 1454 1532 1484 tauros
1554 1449 1640 1483 aeri-

968 1496 1072 1541 pedes
1083 1523 1093 1542 ,
1118 1498 1178 1543 qui
1194 1498 1351 1533 flammas
1369 1500 1510 1536 naribus
1524 1500 1640 1546 spira-

966 1547 1068 1592 bant,
1093 1549 1265 1595 jungeret.
1279 1564 1296 1581 »
1319 1551 1451 1586 HEINS.

1010 1600 1063 1634 33.
1085 1603 1242 1645 Vipereos
1249 1603 1376 1636 dentes.
1386 1602 1565 1649 Serpentis
1573 1603 1640 1638 sci-

966 1650 1044 1686 licet
1059 1665 1164 1698 quem
1182 1652 1336 1688 Cadmus
1348 1654 1567 1689 interfecerat
1577 1681 1587 1698 ,
1603 1661 1640 1689 et

966 1704 1064 1750 cujus
1091 1704 1213 1740 dentes
1229 1731 1239 1749 ,
1279 1705 1426 1740 Palladis
1452 1706 1567 1751 jussu,
1599 1706 1638 1740 in

967 1769 1065 1802 agros
1085 1756 1270 1791 Thebanos
1285 1764 1474 1802 sparserat:
1492 1758 1638 1792 Metam.

965 1819 1011 1843 111
1021 1835 1031 1852 ‚
1049 1810 1120 1843 105.
1131 1808 1201 1843 Sed
1215 1808 1394 1843 dimidiam
1407 1816 1542 1855 partem
1556 1822 1638 1845 ser-

965 1867 1114 1904 vaverat,
1125 1873 1229 1906 quam
1237 1861 1472 1906 AEetaepostea
1479 1861 1638 1909 Phryxus

965 1912 1114 1947 tradidit.
1140 1913 1246 1947 Plura
1263 1913 1299 1946 in
1319 1913 1464 1947 Metam.
1478 1923 1553 1956 vu,
1575 1922 1637 1946 120

965 1971 1000 1999 et
1008 1978 1080 2010 sqq.
1092 1964 1252 2010 Apollon.
1260 1974 1318 2008 111,
1336 1964 1429 2012 1339.
1440 1964 1517 1999 Val.
1527 1963 1636 1999 Flacc.

964 2028 1038 2060 vn,
1063 2017 1114 2051 32.
1128 2029 1201 2061 sqq.

1008 2069 1060 2103 35.
1089 2071 1193 2103 Civili
1215 2070 1337 2102 Marte.
1364 2066 1463 2101 Bello
1485 2066 1579 2101 inter
1598 2079 1634 2101 se

964 2128 1132 2156 conserto.
1147 2138 1191 2147 ·-
1203 2122 1292 2154 Fata
1306 2121 1440 2159 diuma,
1467 2130 1544 2163 quae
1566 2117 1636 2153 diei

964 2173 1065 2208 unius
1081 2173 1229 2218 spatium
1244 2172 1298 2206 vix
1313 2171 1541 2217 expleverant.

1006 2225 1058 2271 37.
1073 2227 1216 2259 Devicta
1239 2227 1400 2268 serpente.
1420 2223 1474 2257 Ita
1492 2221 1634 2267 quidem

961 2276 999 2310 in
1024 2276 1158 2311 Aldinis
1182 2276 1329 2322 legitur,
1358 2281 1398 2309 ut
1421 2275 1464 2309 sit
1487 2286 1632 2316 sensus;

961 2335 1144 2374 postquam
1160 2335 1276 2363 autem
1294 2326 1464 2362 audissem
1488 2325 1632 2360 tandem

961 2380 1067 2415 etiam
1090 2380 1290 2415 devinctum
1320 2378 1508 2422 draconem
1527 2403 1537 2420 ,
1561 2376 1631 2412 sive

959 2439 1160 2478 serpentem
1178 2458 1187 2476 ,
1223 2445 1243 2466 a
1273 2443 1342 2477 quo
1379 2428 1632 2464 custodiebatur

960 2485 1068 2520 vellus
1086 2491 1171 2526 etc.;
1193 2484 1340 2525 iterum,
1364 2494 1435 2528 prae
1451 2481 1575 2515 timore
1591 2491 1630 2513 ac

960 2536 1187 2572 sollicitudine
1208 2536 1352 2575 scilicet,
1381 2544 1497 2578 quaero
1511 2557 1521 2574 ,
1540 2542 1628 2565 num

960 2588 1050 2623 vivat
1060 2589 1083 2623 J
1086 2601 1168 2624 ason
1184 2595 1247 2623 etc.
1264 2587 1333 2621 Alii
1341 2592 1457 2620 autem
1468 2585 1629 2617 demetunt

959 2645 1142 2684 serpentem
1163 2640 1301 2685 legunt,
1326 2644 1366 2672 ut
1390 2648 1470 2671 cum
1491 2646 1625 2680 praece-

960 2692 1121 2728 dentibus
1139 2691 1308 2726 cohaereat
1321 2716 1331 2733 ‚
1350 2695 1386 2724 et
1395 2687 1438 2723 sit
1448 2685 1534 2720 ordo
1547 2698 1555 2719 τ
1569 2684 1624 2718 ille

959 2745 1075 2779 retulit
1109 2742 1283 2787 aeripedes
1312 2741 1415 2775 boves
1433 2764 1443 2783 ,
1469 2737 1624 2782 viperest‘

1881 2334 1884 2339 .
1870 2198 1884 2326 ..ίῳ-..ιὰ
1869 2184 1884 2192 0
1870 2161 1884 2169 fl
