1884 3112
0 1696 7 1727 -,.
0 1620 7 1671 ,πω
0 1408 21 1606 -Ἥ;η,,μέ
0 1324 18 1398 hym
0 1276 17 1310 ,ῳ
0 1246 8 1263 ,.,

567 241 896 289 LEANDER
928 243 1212 288 HERoNl.
1536 241 1622 297 343

187 334 286 386 Aut
305 333 418 384 mihi
439 335 672 400 continget
692 335 800 386 felix
824 337 1004 387 audacia
1027 335 1179 396 salvo]
1563 349 1625 396 195

253 414 350 463 Aut
371 433 494 479 mors
517 414 700 464 solliciti
720 414 823 464 finis
846 415 1007 464 amoris
1031 414 1128 464 erit.
1455 422 1461 426 '

192 487 379 559 Optabo
406 503 574 551 tamen,
595 504 647 543 ut
668 504 816 559 partes
839 490 1033 559 expellar
1056 491 1105 539 in
1127 490 1246 549 illas,

255 569 318 617 Et
340 579 520 618 teneant
541 580 702 636 portus
725 567 939 632 naufraga
959 568 1160 616 membra
1181 579 1299 616 tuos:

190 644 342 710 Flebis
367 647 509 705 enim,
536 658 746 713 tactuque
772 665 922 696 meum
947 645 1187 708 dignabere
1213 663 1405 712 corpus:

257 724 338 783 Et,
362 723 542 783 mortis,
571 723 711 782 dices,
737 723 843 772 huic
865 742 949 786 ego
974 741 1105 771 causa
1122 721 1208 770 sui!
1563 745 1629 769 200

191 801 371 852 Scilicet
393 802 602 854 interitus
626 801 868 850 offenderis
892 801 1038 849 omine
1060 800 1234 849 nostri:

256 881 492 947 Literaque
515 879 657 934 invisa
673 890 742 928 est
762 878 846 928 hac
868 898 965 928 mea
986 889 1112 945 parte
1131 876 1231 926 tibi.

191 957 385 1016 Desin03
409 975 541 1024 parce
565 955 692 1023 queri
712 975 722 1004 :
743 955 821 1004 sed
845 968 910 1015 et,
936 967 989 1004 ut
1010 974 1130 1004 mare
1153 954 1282 1003 finiat
1302 953 1413 1002 iram
1426 967 1442 1012 ,’

255 1033 503 1093 Accedant,
527 1052 704 1100 quaeso,
727 1032 796 1082 fac
822 1045 899 1082 tua
919 1044 1025 1081 vota
1045 1031 1170 1081 meis.

191 1111 305 1160 Pace
323 1110 451 1160 brevi
473 1110 609 1159 nobis
635 1128 750 1177 opus
774 1121 866 1169 est,
892 1109 1000 1158 dum
1024 1108 1267 1158 transferor
1288 1108 1430 1167 istuc;
1563 1122 1629 1157 205

189 1241 348 1279 Juniano
363 1249 416 1278 est
428 1269 438 1287 ,
455 1246 578 1288 captus
586 1242 668 1289 jam
678 1269 687 1285 ,
708 1255 777 1277 non
791 1254 877 1278 cau-

190 1300 261 1332 tum
266 1296 348 1343 jam
359 1309 373 1342 ,·
385 1297 467 1332 insr.
482 1308 547 1331 210
562 1309 571 1331 τ

224 1352 302 1378 Tunc
314 1353 389 1386 piger
401 1352 435 1377 nd
444 1352 559 1377 nundum
567 1370 577 1383 ,
588 1357 651 1377 tunc
661 1360 709 1385 ego
718 1356 812 1378 cnutus
822 1360 876 1378 ero.

191 1401 237 1438 In
247 1401 382 1437 Mox-eti
391 1407 467 1442 erat
474 1427 485 1445 ,
497 1402 539 1435 ln
545 1401 646 1446 ficta
657 1414 724 1436 non
739 1405 876 1437 cautum

190 1457 327 1492 turbida
340 1458 455 1490 mmet
466 1467 584 1490 amor:
599 1455 845 1501 eleganter.,B.

240 1509 314 1556 ¹95-
345 1509 537 1552 Continget.
573 1508 763 1552 Conligetit
789 1507 878 1543 alter

192 1561 338 1597 Mor-eti.
353 1561 490 1596 Hms.

239 1626 312 1662 ¹97·
339 1614 475 1659 Optabo
491 1616 605 1647 tamen
614 1638 624 1654 ‚
637 1614 817 1656 utpades.
828 1611 880 1645 Et

190 1669 304 1701 tamen
315 1667 442 1711 optabo
456 1668 497 1699 ut
502 1667 623 1709 parles
631 1690 641 1705 ‚
661 1676 753 1698 unus
769 1663 879 1697 Pata-

190 1718 315 1755 vinus:
329 1725 424 1754 recte
436 1744 447 1762 ‚
463 1718 493 1753 si
509 1721 543 1754 τὸ
561 1721 601 1752 ut
615 1717 766 1752 tollatur.
787 1715 876 1751 Tres

190 1769 248 1806 alii
260 1797 271 1815 ,
293 1771 428 1816 Optabo
447 1774 578 1804 tantum
591 1773 711 1814 partes
724 1764 883 1815 expellat

187 1827 228 1859 1·ae
237 1825 330 1860 illas.
340 1824 410 1860 Vel
422 1823 498 1871 lege
510 1849 522 1867 ,
531 1825 602 1859 Sed
614 1827 727 1857 tamen
739 1823 873 1868 optabo,

184 1881 304 1924 partes
319 1879 476 1923 expellar
483 1881 521 1912 in
531 1879 623 1911 illas.
638 1877 774 1911 Hzms.

239 1945 314 1980 ¹99·
334 1932 516 1976 Tactuque.
531 1930 703 1966 Francius
715 1929 878 1975 conjicie-

190 1983 251 2020 bat
254 1985 440 2031 jactuque,
454 1984 525 2020 scil.
539 1996 655 2019 arenae
667 2010 677 2028 ,
691 1996 759 2029 qua
773 1983 879 2019 cada-

191 2052 276 2075 vera
292 2039 405 2085 ejecta
421 2045 539 2085 tegere
557 2038 735 2079 solebant3
753 2036 815 2073 sed
829 2037 878 2072 ita

182 2094 289 2139 jactu
304 2093 460 2130 absolute
475 2106 610 2140 ponere
626 2091 760 2127 durum
775 2098 827 2128 est
843 2098 879 2127 et

189 2145 357 2182 insolens.

237 2209 316 2232 200.
337 2197 472 2232 Mortis.
482 2197 593 2232 Morti
607 2195 741 2232 Moreti
754 2222 768 2241 ,
783 2194 877 2242 quod

193 2250 332 2287 mollius
346 2251 543 2297 obsequens
555 2253 660 2286 dices.

235 2303 314 2338 203.
335 2304 492 2348 Desino,-
503 2316 609 2347 parce
631 2305 734 2349 queri.
756 2300 880 2337 Prima

192 2354 302 2391 editio
317 2361 355 2390 et
371 2361 443 2391 tres
457 2354 596 2400 κείμὴ
614 2356 762 2394 Desine,
775 2364 881 2397 parce

191 2411 293 2455 qum‘.
308 2409 511 2444 Puteaneus
519 2433 533 2452 ,
542 2410 660 2442 desino
664 2411 775 2452 pade.
789 2406 880 2442 Scri-

190 2463 235 2499 be
250 2489 260 2507 ‚
292 2464 452 2505 nemun,-
471 2475 576 2507 μανι-ι·
596 2465 693 2507 quen·
703 2474 714 2495 .’
733 2460 827 2507 quod
844 2466 879 2495 et

191 2513 327 2550 Douzae
350 2514 388 2549 in
411 2520 572 2548 mentem
589 2519 745 2548 venerat.
763 2512 879 2548 Tibul.

191 2566 251 2602 lib.
269 2577 319 2611 11,
346 2565 401 2600 El.
418 2565 480 2601 ult.
493 2591 504 2610 ,
522 2579 553 2600 v.
573 2567 636 2610 41:

191 2624 306 2654 mnino,
325 2631 361 2655 ηρ
368 2622 487 2648 Domina
497 2622 585 2646 luctus
599 2626 757 2648 renoventur
767 2620 862 2646 acerbi.

138 2698 140 2701 -
194 2671 336 2708 Deinde
348 2698 359 2716 ,
377 2673 443 2707 sed
462 2676 498 2706 et
516 2675 556 2706 ut
569 2685 660 2707 murz·
668 2673 780 2717 finiat
798 2683 880 2706 cum

196 2725 324 2762 eodem
339 2727 523 2761 Puteaneo
540 2732 576 2760 et
592 2724 715 2760 decem
733 2723 805 2759 aliis
822 2737 881 2759 re-

196 2792 289 2827 pone
303 2793 312 2817 ι
329 2781 416 2816 alter
438 2779 699 2823 Mentelianus‚
718 2779 788 2814 Sed
798 2781 835 2813 et
843 2781 884 2813 ul

942 1255 1034 1277 mare
1048 1243 1189 1276 desinat
1199 1244 1294 1275 ι’ναιπ.
1308 1240 1445 1275 HEINS.
1461 1240 1532 1274 §ted
1542 1241 1635 1285 quod

943 1294 1078 1329 Mor-eti
1095 1300 1130 1328 et
1145 1306 1237 1328 unus
1254 1292 1392 1327 Heinsii
1407 1304 1415 1325 :
1430 1291 1522 1326 sorte
1534 1317 1544 1335 ‚
1562 1292 1633 1326 Sed

943 1361 1007 1394 quo
1019 1360 1110 1381 mare
1115 1349 1219 1394 finiat
1228 1350 1313 1381 iram
1323 1345 1391 1380 :ita
1402 1352 1438 1380 et
1451 1345 1628 1392 Epist.XX,

942 1399 985 1433 23
999 1425 1008 1442 ,
1022 1398 1127 1445 vulgo
1140 1411 1148 1432 :

939 1455 1023 1486 Fraus
1034 1463 1092 1479 mea
1101 1454 1167 1488 quid
1175 1454 1264 1487 petiit,
1274 1453 1325 1479 nisi
1336 1453 1375 1478 uti
1387 1453 1436 1479 tibi
1443 1453 1566 1486 jungerer
1571 1452 1627 1477 uni.

942 1503 1015 1539 Sed
1025 1503 1198 1539 editiones
1209 1503 1332 1550 primae
1342 1509 1378 1538 et
1387 1502 1518 1548 scripti,
1528 1503 1628 1547 quod,

943 1564 979 1592 et
995 1557 1207 1592 Bersmanni
1222 1584 1232 1601 ‚
1249 1560 1323 1592 nisi
1334 1570 1399 1602 quo
1409 1583 1418 1598 ‚
1435 1554 1529 1602 quod
1545 1568 1630 1590 rec—

941 1607 1041 1655 ium,
1056 1619 1092 1647 et
1106 1611 1232 1657 probat
1249 1610 1427 1646 Heinsius.
1446 1607 1540 1643 Vide
1556 1608 1602 1643 ibi
1618 1634 1628 1651 ‚

942 1671 978 1700 et
993 1664 1093 1700 alibi:
1109 1666 1221 1700 scdut
1230 1666 1314 1706 boc,
1334 1662 1429 1698 Edit.
1442 1662 1576 1709 prima,
1595 1669 1631 1697 et

940 1718 1107 1765 nonnulli
1120 1717 1256 1754 codices
1271 1731 1279 1753 :
1293 1719 1361 1752 sed
1370 1721 1410 1753 ut
1419 1719 1526 1759 hanc,
1539 1716 1631 1751 Ber-

942 1773 1061 1815 nensis
1076 1786 1179 1808 unus.
1195 1772 1327 1807 BURM.

988 1821 1063 1862 205.
1087 1829 1178 1862 Pace
1191 1828 1390 1861 bre-oinobis
1404 1837 1487 1869 opus
1498 1827 1555 1859 est
1564 1829 1629 1858 etc.

944 1882 1042 1917 Hinc
1050 1894 1134 1916 sane
1146 1887 1293 1915 enatum
1303 1878 1557 1924 lepidissimum
1564 1876 1632 1911 hoc

944 1935 1116 1970 lVlartialis
1146 1933 1377 1980 Epigramma
1394 1946 1404 1975 3
1430 1930 1551 1967 Libell.
1585 1929 1630 1964 de

944 1987 1101 2034 Spectac.
1118 1987 1237 2033 Epigr.
1257 1997 1350 2021 xxv:

944 2048 1033 2080 Quum
1046 2052 1144 2081 peteret
1151 2047 1241 2072 dulces
1257 2046 1344 2072 audax
1358 2044 1495 2071 Iaeaudrus
1508 2051 1627 2074 amores,

979 2097 1015 2121 Et
1026 2095 1108 2121 sessus
1123 2096 1232 2122 tumidis
1246 2096 1300 2129 jam
1314 2099 1475 2129 premeretur
1484 2092 1560 2127 aquis
1571 2111 1581 2124 ,

945 2145 986 2170 Sic
1001 2145 1080 2170 miser
1090 2144 1214 2169 instantes
1225 2143 1324 2170 assatus
1336 2143 1435 2168 dicitur
1446 2142 1529 2168 undu
1539 2151 1546 2167 ε

976 2194 1095 2227 Parcite,
1108 2194 1172 2219 dum
1184 2201 1295 2229 propero
1307 2202 1317 2225 ·,
1332 2192 1456 2226 mergite,
1470 2191 1535 2217 dum
1545 2191 1630 2217 redeo.

946 2243 990 2279 In
1008 2256 1078 2289 quo
1092 2242 1235 2289 quidem
1248 2242 1297 2277 ita
1311 2241 1375 2277 sibi
1389 2241 1463 2288 ipse
1475 2239 1633 2286 compla-

944 2297 1014 2334 cuit
1031 2303 1133 2343 poeta
1143 2323 1153 2341 ‚
1168 2304 1207 2332 ut
1222 2297 1368 2339 iterum,
1383 2293 1445 2330 sed
1456 2294 1569 2328 multo
1580 2294 1633 2328 se-

945 2349 1058 2384 liciter
1073 2348 1192 2384 minus
1207 2375 1216 2393 ,
1229 2348 1287 2383 lib.
1303 2358 1367 2382 XIV
1381 2373 1391 2391 ,
1405 2345 1471 2392 Ep.
1491 2345 1548 2380 181
1563 2371 1573 2390 ,
1587 2344 1631 2380 de

946 2400 1113 2435 Leandro
1130 2399 1284 2447 quodam
1301 2410 1523 2434 marmoreo:

946 2462 1080 2488 clamabat
1090 2461 1198 2486 tumidis
1206 2461 1292 2486 audax
1306 2459 1427 2486 Leander
1437 2459 1463 2483 in
1474 2457 1551 2483 undis
1566 2466 1572 2481 ι

978 2512 1093 2544 Mer-gite
1106 2520 1148 2536 me
1158 2531 1166 2542 ,
1187 2510 1282 2535 fluctus
1296 2529 1304 2541 ‚
1325 2518 1408 2544 quum
1422 2508 1554 2532 rediturus
1562 2514 1616 2530 ero.

947 2560 1153 2607 Elegantior
1164 2559 1238 2595 haec
1249 2566 1285 2595 et
1294 2557 1476 2594 venustior
1487 2561 1634 2591 senten-

946 2616 994 2651 tia
1004 2641 1013 2659 ,
1026 2627 1133 2661 quam
1147 2626 1224 2660 quae
1236 2612 1387 2648 Gallicos
1400 2617 1519 2657 poetas
1534 2609 1636 2654 suge-

947 2675 1003 2704 ret
1016 2683 1025 2711 ;
1040 2668 1207 2714 illamque
1223 2667 1271 2702 sic
1283 2665 1448 2712 expressit
1466 2665 1637 2699 Vollairc:
1701 2670 1703 2672 ’

1015 2729 1139 2755 Ζέαηᾰνσ
1150 2748 1161 2761 ,
1180 2727 1292 2753 canduit
1304 2735 1361 2760 par
1379 2724 1522 2758 I’Amour,

1019 2779 1046 2805 F
1046 2787 1062 2802 n
1075 2782 1193 2812 nngeant
1209 2777 1291 2802 dimit
1309 2785 1368 2801 aux
1381 2783 1486 2809 orages:
