<?xml version="1.0" encoding="UTF-8"?>
<!DOCTYPE html PUBLIC "-//W3C//DTD XHTML 1.0 Transitional//EN"
    "http://www.w3.org/TR/xhtml1/DTD/xhtml1-transitional.dtd">
<html xmlns="http://www.w3.org/1999/xhtml" xml:lang="en" lang="en">
 <head>
  <title>
</title>
<meta http-equiv="Content-Type" content="text/html;charset=utf-8" />
  <meta name='ocr-system' content='tesseract 3.04.00' />
  <meta name='ocr-capabilities' content='ocr_page ocr_carea ocr_par ocr_line ocrx_word'/>
</head>
<body>
  <div class='ocr_page' id='page_1' title='image "./quaeextantomniao01oviduoft_0295.png"; bbox 0 0 1884 3112; ppageno 0'>
   <div class='ocr_carea' id='block_1_1' title="bbox 0 190 15 254">
    <p class='ocr_par' dir='ltr' id='par_1_1' title="bbox 0 190 15 254">
     <span class='ocr_line' id='line_1_1' title="bbox 0 190 11 226; baseline 0.364 -4"><span class='ocrx_word' id='word_1_1' title='bbox 0 190 11 226; x_wconf 64' lang='grc' dir='ltr'><em>;ι.”ῖ</em></span> 
     </span>
     <span class='ocr_line' id='line_1_2' title="bbox 0 227 15 254; baseline 0 -8"><span class='ocrx_word' id='word_1_2' title='bbox 0 227 15 254; x_wconf 49' lang='grc' dir='ltr'>ἦ,</span> 
     </span>
    </p>
   </div>
   <div class='ocr_carea' id='block_1_2' title="bbox 568 221 1181 268">
    <p class='ocr_par' dir='ltr' id='par_1_2' title="bbox 568 221 1181 268">
     <span class='ocr_line' id='line_1_3' title="bbox 568 221 1181 268; baseline -0.003 0"><span class='ocrx_word' id='word_1_3' title='bbox 568 222 843 268; x_wconf 92' lang='lat' dir='ltr'>SAPPHO</span> <span class='ocrx_word' id='word_1_4' title='bbox 882 221 1181 267; x_wconf 82' lang='lat' dir='ltr'><strong>PHAONI.</strong></span> 
     </span>
    </p>
   </div>
   <div class='ocr_carea' id='block_1_3' title="bbox 1509 224 1595 268">
    <p class='ocr_par' dir='ltr' id='par_1_3' title="bbox 1509 224 1595 268">
     <span class='ocr_line' id='line_1_4' title="bbox 1509 224 1595 268; baseline 0 0"><span class='ocrx_word' id='word_1_5' title='bbox 1509 224 1595 268; x_wconf 79' lang='lat'>263</span> 
     </span>
    </p>
   </div>
   <div class='ocr_carea' id='block_1_4' title="bbox 158 314 1598 698">
    <p class='ocr_par' dir='ltr' id='par_1_4' title="bbox 158 314 1598 460">
     <span class='ocr_line' id='line_1_5' title="bbox 158 314 1598 384; baseline -0.003 -15"><span class='ocrx_word' id='word_1_6' title='bbox 158 319 252 370; x_wconf 83' lang='lat' dir='ltr'>Nec</span> <span class='ocrx_word' id='word_1_7' title='bbox 271 335 342 367; x_wconf 89' lang='lat' dir='ltr'>me</span> <span class='ocrx_word' id='word_1_8' title='bbox 362 315 629 384; x_wconf 79' lang='lat' dir='ltr'>Pyrrhiades</span> <span class='ocrx_word' id='word_1_9' title='bbox 652 314 1064 383; x_wconf 81' lang='lat' dir='ltr'><strong>Methymniadesve</strong></span> <span class='ocrx_word' id='word_1_10' title='bbox 1087 314 1273 383; x_wconf 79' lang='lat' dir='ltr'>puellae,&#39;</span> <span class='ocrx_word' id='word_1_11' title='bbox 1559 332 1598 365; x_wconf 82' lang='lat'>15</span> 
     </span>
     <span class='ocr_line' id='line_1_6' title="bbox 223 393 1216 460; baseline -0.004 -14"><span class='ocrx_word' id='word_1_12' title='bbox 223 398 318 446; x_wconf 85' lang='lat' dir='ltr'>Nec</span> <span class='ocrx_word' id='word_1_13' title='bbox 337 415 409 445; x_wconf 90' lang='lat' dir='ltr'>me</span> <span class='ocrx_word' id='word_1_14' title='bbox 431 394 703 445; x_wconf 87' lang='lat' dir='ltr'>Lesbiadum</span> <span class='ocrx_word' id='word_1_15' title='bbox 726 405 870 443; x_wconf 88' lang='lat' dir='ltr'>cetera</span> <span class='ocrx_word' id='word_1_16' title='bbox 893 393 1027 442; x_wconf 87' lang='lat' dir='ltr'>turba</span> <span class='ocrx_word' id='word_1_17' title='bbox 1047 393 1216 460; x_wconf 82' lang='lat' dir='ltr'>juvant.</span> 
     </span>
    </p>

    <p class='ocr_par' dir='ltr' id='par_1_5' title="bbox 163 469 1321 614">
     <span class='ocr_line' id='line_1_7' title="bbox 163 469 1238 538; baseline -0.003 -16"><span class='ocrx_word' id='word_1_18' title='bbox 163 472 280 522; x_wconf 86' lang='lat' dir='ltr'>Vilis</span> <span class='ocrx_word' id='word_1_19' title='bbox 302 473 540 522; x_wconf 85' lang='lat' dir='ltr'>Anactorie</span> <span class='ocrx_word' id='word_1_20' title='bbox 554 510 566 532; x_wconf 89' lang='lat'>‚</span> <span class='ocrx_word' id='word_1_21' title='bbox 590 471 690 520; x_wconf 87' lang='lat' dir='ltr'>vilis</span> <span class='ocrx_word' id='word_1_22' title='bbox 710 469 822 519; x_wconf 82' lang='lat' dir='ltr'>mihi</span> <span class='ocrx_word' id='word_1_23' title='bbox 843 469 1029 519; x_wconf 89' lang='lat' dir='ltr'>candida</span> <span class='ocrx_word' id='word_1_24' title='bbox 1053 470 1238 538; x_wconf 86' lang='lat' dir='ltr'>Cydno:</span> 
     </span>
     <span class='ocr_line' id='line_1_8' title="bbox 228 548 1321 614; baseline -0.002 -15"><span class='ocrx_word' id='word_1_25' title='bbox 228 553 336 600; x_wconf 89' lang='lat' dir='ltr'>Non</span> <span class='ocrx_word' id='word_1_26' title='bbox 364 549 505 599; x_wconf 87' lang='lat' dir='ltr'>oculis</span> <span class='ocrx_word' id='word_1_27' title='bbox 529 561 654 614; x_wconf 83' lang='lat' dir='ltr'>grata</span> <span class='ocrx_word' id='word_1_28' title='bbox 676 561 745 598; x_wconf 86' lang='lat' dir='ltr'>est</span> <span class='ocrx_word' id='word_1_29' title='bbox 765 548 942 607; x_wconf 82' lang='lat' dir='ltr'><strong>Atthis,</strong></span> <span class='ocrx_word' id='word_1_30' title='bbox 968 560 1020 596; x_wconf 91' lang='lat' dir='ltr'>ut</span> <span class='ocrx_word' id='word_1_31' title='bbox 1043 561 1165 607; x_wconf 85' lang='lat' dir='ltr'>ante,</span> <span class='ocrx_word' id='word_1_32' title='bbox 1188 548 1321 607; x_wconf 88' lang='lat' dir='ltr'>meis;</span> 
     </span>
    </p>

    <p class='ocr_par' dir='ltr' id='par_1_6' title="bbox 167 626 1402 698">
     <span class='ocr_line' id='line_1_9' title="bbox 167 626 1402 698; baseline -0.003 -18"><span class='ocrx_word' id='word_1_33' title='bbox 167 631 318 698; x_wconf 85' lang='lat' dir='ltr'>Atque</span> <span class='ocrx_word' id='word_1_34' title='bbox 342 628 437 678; x_wconf 81' lang='lat' dir='ltr'>aliae</span> <span class='ocrx_word' id='word_1_35' title='bbox 459 640 658 687; x_wconf 84' lang='lat' dir='ltr'>centum,</span> <span class='ocrx_word' id='word_1_36' title='bbox 687 645 797 695; x_wconf 85' lang='lat' dir='ltr'>quas</span> <span class='ocrx_word' id='word_1_37' title='bbox 819 645 913 675; x_wconf 88' lang='lat' dir='ltr'>non</span> <span class='ocrx_word' id='word_1_38' title='bbox 931 626 1026 676; x_wconf 90' lang='lat' dir='ltr'>sine</span> <span class='ocrx_word' id='word_1_39' title='bbox 1050 627 1232 676; x_wconf 87' lang='lat' dir='ltr'>crimine</span> <span class='ocrx_word' id='word_1_40' title='bbox 1250 628 1402 676; x_wconf 86' lang='lat' dir='ltr'>amavi.</span> 
     </span>
    </p>
   </div>
   <div class='ocr_carea' id='block_1_5' title="bbox 165 769 873 2823">
    <p class='ocr_par' dir='ltr' id='par_1_7' title="bbox 165 769 861 1666">
     <span class='ocr_line' id='line_1_10' title="bbox 215 769 852 820; baseline -0.005 -12"><span class='ocrx_word' id='word_1_41' title='bbox 215 786 230 808; x_wconf 88' lang='lat'>1</span> <span class='ocrx_word' id='word_1_42' title='bbox 236 774 266 807; x_wconf 87' lang='lat'>5.</span> <span class='ocrx_word' id='word_1_43' title='bbox 276 773 349 808; x_wconf 81' lang='lat' dir='ltr'>Nec</span> <span class='ocrx_word' id='word_1_44' title='bbox 355 785 407 808; x_wconf 83' lang='lat' dir='ltr'>me</span> <span class='ocrx_word' id='word_1_45' title='bbox 416 773 621 820; x_wconf 76' lang='lat' dir='ltr'><em>Pyrrhiades</em></span> <span class='ocrx_word' id='word_1_46' title='bbox 630 778 695 807; x_wconf 90' lang='lat' dir='ltr'>etc.</span> <span class='ocrx_word' id='word_1_47' title='bbox 709 769 852 816; x_wconf 73' lang='lat' dir='ltr'>Quaerit</span> 
     </span>
     <span class='ocr_line' id='line_1_11' title="bbox 167 823 850 872; baseline -0.006 -11"><span class='ocrx_word' id='word_1_48' title='bbox 167 824 296 872; x_wconf 80' lang='lat' dir='ltr'>Egnat.</span> <span class='ocrx_word' id='word_1_49' title='bbox 307 824 486 872; x_wconf 85' lang='lat' dir='ltr'>quomodo</span> <span class='ocrx_word' id='word_1_50' title='bbox 496 825 706 872; x_wconf 79' lang='lat' dir='ltr'>aPyrrboeus,</span> <span class='ocrx_word' id='word_1_51' title='bbox 720 836 760 858; x_wconf 91' lang='lat' dir='ltr'>ac</span> <span class='ocrx_word' id='word_1_52' title='bbox 769 823 850 858; x_wconf 86' lang='lat' dir='ltr'>Me-</span> 
     </span>
     <span class='ocr_line' id='line_1_12' title="bbox 167 877 852 926; baseline -0.004 -13"><span class='ocrx_word' id='word_1_53' title='bbox 167 881 361 926; x_wconf 75' lang='lat' dir='ltr'>thymnaeus,</span> <span class='ocrx_word' id='word_1_54' title='bbox 374 891 451 924; x_wconf 76' lang='lat' dir='ltr'>quae</span> <span class='ocrx_word' id='word_1_55' title='bbox 459 885 542 914; x_wconf 78' lang='lat' dir='ltr'>sunt</span> <span class='ocrx_word' id='word_1_56' title='bbox 548 877 735 924; x_wconf 83' lang='lat' dir='ltr'>possessiva</span> <span class='ocrx_word' id='word_1_57' title='bbox 743 889 761 911; x_wconf 88' lang='lat' dir='ltr'>a</span> <span class='ocrx_word' id='word_1_58' title='bbox 768 878 852 924; x_wconf 81' lang='lat' dir='ltr'><em>Pyr-</em></span> 
     </span>
     <span class='ocr_line' id='line_1_13' title="bbox 165 928 849 978; baseline -0.004 -12"><span class='ocrx_word' id='word_1_59' title='bbox 165 932 227 966; x_wconf 71' lang='lat' dir='ltr'>rba</span> <span class='ocrx_word' id='word_1_60' title='bbox 241 943 282 966; x_wconf 86' lang='lat' dir='ltr'>ac</span> <span class='ocrx_word' id='word_1_61' title='bbox 293 932 494 978; x_wconf 64' lang='lat' dir='ltr'>Alethymna</span> <span class='ocrx_word' id='word_1_62' title='bbox 505 929 629 965; x_wconf 86' lang='lat' dir='ltr'>deduci</span> <span class='ocrx_word' id='word_1_63' title='bbox 638 929 819 976; x_wconf 88' lang='lat' dir='ltr'>potuerint</span> <span class='ocrx_word' id='word_1_64' title='bbox 833 928 849 963; x_wconf 74' lang='grc' dir='ltr'>ἐ’</span> 
     </span>
     <span class='ocr_line' id='line_1_14' title="bbox 167 983 852 1030; baseline -0.006 -10"><span class='ocrx_word' id='word_1_65' title='bbox 167 983 252 1029; x_wconf 85' lang='lat' dir='ltr'>Qua</span> <span class='ocrx_word' id='word_1_66' title='bbox 263 984 399 1020; x_wconf 86' lang='lat' dir='ltr'>ratione</span> <span class='ocrx_word' id='word_1_67' title='bbox 417 984 460 1019; x_wconf 88' lang='lat' dir='ltr'>ab</span> <span class='ocrx_word' id='word_1_68' title='bbox 477 984 596 1029; x_wconf 74' lang='grc' dir='ltr'>ἄχαιᾶς</span> <span class='ocrx_word' id='word_1_69' title='bbox 607 983 852 1030; x_wconf 86' lang='lat' dir='ltr'>patronymica</span> 
     </span>
     <span class='ocr_line' id='line_1_15' title="bbox 165 1036 852 1085; baseline -0.006 -12"><span class='ocrx_word' id='word_1_70' title='bbox 165 1036 346 1073; x_wconf 83' lang='lat' dir='ltr'>ducuntur</span> <span class='ocrx_word' id='word_1_71' title='bbox 365 1037 527 1073; x_wconf 88' lang='lat' dir='ltr'>seminini</span> <span class='ocrx_word' id='word_1_72' title='bbox 548 1036 686 1085; x_wconf 73' lang='lat' dir='ltr'>generis</span> <span class='ocrx_word' id='word_1_73' title='bbox 699 1062 709 1081; x_wconf 89' lang='lat'><em>‚</em></span> <span class='ocrx_word' id='word_1_74' title='bbox 736 1036 852 1082; x_wconf 92' lang='lat' dir='ltr'>primo</span> 
     </span>
     <span class='ocr_line' id='line_1_16' title="bbox 169 1089 850 1136; baseline -0.001 -11"><span class='ocrx_word' id='word_1_75' title='bbox 169 1090 279 1136; x_wconf 72' lang='grc' dir='ltr'><strong><em>ἄχαιὶς</em></strong></span> <span class='ocrx_word' id='word_1_76' title='bbox 291 1117 302 1135; x_wconf 84' lang='grc'>,</span> <span class='ocrx_word' id='word_1_77' title='bbox 324 1089 453 1125; x_wconf 77' lang='lat' dir='ltr'>deinde</span> <span class='ocrx_word' id='word_1_78' title='bbox 477 1090 608 1136; x_wconf 68' lang='grc' dir='ltr'><em>ἄχαϊιάς</em></span> <span class='ocrx_word' id='word_1_79' title='bbox 623 1103 631 1124; x_wconf 71' lang='grc' dir='ltr'><strong><em>Ζ</em></strong></span> <span class='ocrx_word' id='word_1_80' title='bbox 648 1102 668 1124; x_wconf 80' lang='lat' dir='ltr'>a</span> <span class='ocrx_word' id='word_1_81' title='bbox 684 1095 830 1134; x_wconf 75' lang='grc' dir='ltr'>πελασγσς</span> <span class='ocrx_word' id='word_1_82' title='bbox 840 1116 850 1133; x_wconf 84' lang='grc'>,</span> 
     </span>
     <span class='ocr_line' id='line_1_17' title="bbox 168 1140 854 1189; baseline -0.004 -11"><span class='ocrx_word' id='word_1_83' title='bbox 168 1147 312 1189; x_wconf 62' lang='lat' dir='ltr'>zelote-71¹5</span> <span class='ocrx_word' id='word_1_84' title='bbox 325 1169 334 1187; x_wconf 92' lang='lat'>,</span> <span class='ocrx_word' id='word_1_85' title='bbox 358 1144 532 1188; x_wconf 67' lang='grc' dir='ltr'><strong><em>κελασγιάς.</em></strong></span> <span class='ocrx_word' id='word_1_86' title='bbox 548 1142 643 1178; x_wconf 83' lang='lat' dir='ltr'>Nam</span> <span class='ocrx_word' id='word_1_87' title='bbox 657 1149 751 1177; x_wconf 84' lang='lat' dir='ltr'>certe</span> <span class='ocrx_word' id='word_1_88' title='bbox 766 1140 854 1176; x_wconf 86' lang='lat' dir='ltr'>nihil</span> 
     </span>
     <span class='ocr_line' id='line_1_18' title="bbox 168 1195 856 1246; baseline -0.004 -15"><span class='ocrx_word' id='word_1_89' title='bbox 168 1195 369 1242; x_wconf 79' lang='lat' dir='ltr'>ohstat‚quo</span> <span class='ocrx_word' id='word_1_90' title='bbox 376 1196 494 1231; x_wconf 83' lang='lat' dir='ltr'>minus</span> <span class='ocrx_word' id='word_1_91' title='bbox 502 1209 522 1230; x_wconf 92' lang='lat' dir='ltr'>a</span> <span class='ocrx_word' id='word_1_92' title='bbox 530 1198 637 1246; x_wconf 65' lang='grc' dir='ltr'><strong><em>πύῤῥα,</em></strong></span> <span class='ocrx_word' id='word_1_93' title='bbox 646 1195 724 1230; x_wconf 86' lang='lat' dir='ltr'>duae</span> <span class='ocrx_word' id='word_1_94' title='bbox 732 1195 856 1229; x_wconf 81' lang='lat' dir='ltr'>sormae</span> 
     </span>
     <span class='ocr_line' id='line_1_19' title="bbox 169 1248 856 1304; baseline -0.007 -21"><span class='ocrx_word' id='word_1_95' title='bbox 169 1248 304 1284; x_wconf 82' lang='lat' dir='ltr'>suerint</span> <span class='ocrx_word' id='word_1_96' title='bbox 310 1248 574 1296; x_wconf 82' lang='lat' dir='ltr'>patronymicae,</span> <span class='ocrx_word' id='word_1_97' title='bbox 584 1251 736 1304; x_wconf 63' lang='grc' dir='ltr'><strong><em>κυῤῥαῖος,</em></strong></span> <span class='ocrx_word' id='word_1_98' title='bbox 745 1254 780 1282; x_wconf 87' lang='lat' dir='ltr'>et</span> <span class='ocrx_word' id='word_1_99' title='bbox 788 1250 856 1294; x_wconf 66' lang='grc' dir='ltr'>πύῤ-</span> 
     </span>
     <span class='ocr_line' id='line_1_20' title="bbox 172 1301 856 1351; baseline -0.004 -14"><span class='ocrx_word' id='word_1_100' title='bbox 172 1303 257 1351; x_wconf 69' lang='grc' dir='ltr'><strong><em>ῥιοςς</em></strong></span> <span class='ocrx_word' id='word_1_101' title='bbox 282 1313 351 1336; x_wconf 87' lang='lat' dir='ltr'>nec</span> <span class='ocrx_word' id='word_1_102' title='bbox 367 1301 500 1335; x_wconf 86' lang='lat' dir='ltr'>mirum</span> <span class='ocrx_word' id='word_1_103' title='bbox 515 1301 543 1335; x_wconf 88' lang='lat' dir='ltr'>si</span> <span class='ocrx_word' id='word_1_104' title='bbox 558 1314 578 1335; x_wconf 91' lang='lat' dir='ltr'>a</span> <span class='ocrx_word' id='word_1_105' title='bbox 593 1305 743 1346; x_wconf 76' lang='grc' dir='ltr'>Μήθυμνα</span> <span class='ocrx_word' id='word_1_106' title='bbox 753 1326 763 1344; x_wconf 86' lang='grc'><strong><em>,</em></strong></span> <span class='ocrx_word' id='word_1_107' title='bbox 781 1306 856 1335; x_wconf 88' lang='lat' dir='ltr'>tam</span> 
     </span>
     <span class='ocr_line' id='line_1_21' title="bbox 174 1353 859 1399; baseline -0.001 -9"><span class='ocrx_word' id='word_1_108' title='bbox 174 1356 350 1399; x_wconf 67' lang='grc' dir='ltr'>Μηθύμνης</span> <span class='ocrx_word' id='word_1_109' title='bbox 366 1354 404 1388; x_wconf 83' lang='grc' dir='ltr'>ἰιι</span> <span class='ocrx_word' id='word_1_110' title='bbox 420 1366 487 1389; x_wconf 77' lang='lat' dir='ltr'>usu</span> <span class='ocrx_word' id='word_1_111' title='bbox 501 1353 627 1398; x_wconf 85' lang='lat' dir='ltr'>suerit,</span> <span class='ocrx_word' id='word_1_112' title='bbox 652 1366 759 1399; x_wconf 89' lang='lat' dir='ltr'>quam</span> <span class='ocrx_word' id='word_1_113' title='bbox 784 1360 859 1394; x_wconf 80' lang='grc' dir='ltr'>Μη-</span> 
     </span>
     <span class='ocr_line' id='line_1_22' title="bbox 176 1405 860 1452; baseline -0.003 -10"><span class='ocrx_word' id='word_1_114' title='bbox 176 1412 335 1451; x_wconf 75' lang='grc' dir='ltr'>θυμναῖος,</span> <span class='ocrx_word' id='word_1_115' title='bbox 348 1419 460 1452; x_wconf 90' lang='lat' dir='ltr'>quum</span> <span class='ocrx_word' id='word_1_116' title='bbox 472 1419 491 1441; x_wconf 90' lang='lat' dir='ltr'>a</span> <span class='ocrx_word' id='word_1_117' title='bbox 506 1407 663 1450; x_wconf 63' lang='grc' dir='ltr'>Κάλυδνα,</span> <span class='ocrx_word' id='word_1_118' title='bbox 672 1412 760 1441; x_wconf 86' lang='lat' dir='ltr'>teste</span> <span class='ocrx_word' id='word_1_119' title='bbox 776 1405 860 1441; x_wconf 90' lang='lat' dir='ltr'>Ste-</span> 
     </span>
     <span class='ocr_line' id='line_1_23' title="bbox 176 1458 861 1506; baseline 0 -12"><span class='ocrx_word' id='word_1_120' title='bbox 176 1458 296 1506; x_wconf 79' lang='lat' dir='ltr'>phano</span> <span class='ocrx_word' id='word_1_121' title='bbox 305 1485 316 1504; x_wconf 83' lang='lat'>,</span> <span class='ocrx_word' id='word_1_122' title='bbox 336 1459 375 1494; x_wconf 76' lang='lat' dir='ltr'>in</span> <span class='ocrx_word' id='word_1_123' title='bbox 386 1471 472 1495; x_wconf 82' lang='lat' dir='ltr'>voce</span> <span class='ocrx_word' id='word_1_124' title='bbox 481 1485 492 1503; x_wconf 88' lang='lat'>,</span> <span class='ocrx_word' id='word_1_125' title='bbox 509 1461 522 1495; x_wconf 78' lang='grc' dir='ltr'>ὁ</span> <span class='ocrx_word' id='word_1_126' title='bbox 535 1464 658 1501; x_wconf 74' lang='grc' dir='ltr'>πολίτης</span> <span class='ocrx_word' id='word_1_127' title='bbox 671 1464 861 1498; x_wconf 64' lang='grc' dir='ltr'>Καλυδναῖυς</span> 
     </span>
     <span class='ocr_line' id='line_1_24' title="bbox 175 1511 859 1556; baseline -0.001 -8"><span class='ocrx_word' id='word_1_128' title='bbox 175 1518 230 1550; x_wconf 79' lang='grc' dir='ltr'>καὶ</span> <span class='ocrx_word' id='word_1_129' title='bbox 243 1515 434 1555; x_wconf 55' lang='lat' dir='ltr'>Kalamon</span> <span class='ocrx_word' id='word_1_130' title='bbox 450 1511 546 1548; x_wconf 80' lang='lat' dir='ltr'>uude</span> <span class='ocrx_word' id='word_1_131' title='bbox 564 1516 730 1556; x_wconf 69' lang='grc' dir='ltr'><strong>Καλυῶσὶς,</strong></span> <span class='ocrx_word' id='word_1_132' title='bbox 747 1517 859 1550; x_wconf 85' lang='grc' dir='ltr'>Καλυ-</span> 
     </span>
     <span class='ocr_line' id='line_1_25' title="bbox 177 1566 859 1613; baseline -0.004 -12"><span class='ocrx_word' id='word_1_133' title='bbox 177 1566 286 1609; x_wconf 54' lang='lat' dir='ltr'>&amp;coifi</span> <span class='ocrx_word' id='word_1_134' title='bbox 313 1572 354 1600; x_wconf 88' lang='lat' dir='ltr'>ut</span> <span class='ocrx_word' id='word_1_135' title='bbox 368 1578 388 1600; x_wconf 88' lang='lat' dir='ltr'>a</span> <span class='ocrx_word' id='word_1_136' title='bbox 400 1567 651 1613; x_wconf 64' lang='lat' dir='ltr'>mlhymm&#39;us,</span> <span class='ocrx_word' id='word_1_137' title='bbox 678 1566 859 1611; x_wconf 79' lang='lat' dir='ltr'>Methym-</span> 
     </span>
     <span class='ocr_line' id='line_1_26' title="bbox 173 1618 706 1666; baseline -0.002 -12"><span class='ocrx_word' id='word_1_138' title='bbox 173 1622 252 1654; x_wconf 62' lang='grc' dir='ltr'><em>πᾶσι·</em></span> <span class='ocrx_word' id='word_1_139' title='bbox 264 1645 275 1661; x_wconf 83' lang='grc'><em>,</em></span> <span class='ocrx_word' id='word_1_140' title='bbox 303 1620 524 1666; x_wconf 68' lang='lat' dir='ltr'>Methymmlr.</span> <span class='ocrx_word' id='word_1_141' title='bbox 540 1618 706 1653; x_wconf 70' lang='lat' dir='ltr'>LRNRBP.</span> 
     </span>
    </p>

    <p class='ocr_par' dir='ltr' id='par_1_8' title="bbox 173 1669 863 1768">
     <span class='ocr_line' id='line_1_27' title="bbox 221 1669 863 1717; baseline -0.002 -11"><span class='ocrx_word' id='word_1_142' title='bbox 221 1671 274 1707; x_wconf 77' lang='lat'>16.</span> <span class='ocrx_word' id='word_1_143' title='bbox 311 1670 544 1715; x_wconf 68' lang='lat' dir='ltr'>Turbal&#39;uaat.</span> <span class='ocrx_word' id='word_1_144' title='bbox 559 1672 711 1714; x_wconf 73' lang='lat' dir='ltr'>Juoaat,</span> <span class='ocrx_word' id='word_1_145' title='bbox 737 1669 863 1717; x_wconf 86' lang='lat' dir='ltr'>optimi</span> 
     </span>
     <span class='ocr_line' id='line_1_28' title="bbox 173 1722 582 1768; baseline -0.005 -8"><span class='ocrx_word' id='word_1_146' title='bbox 173 1722 310 1760; x_wconf 82' lang='lat' dir='ltr'>codices</span> <span class='ocrx_word' id='word_1_147' title='bbox 320 1749 331 1768; x_wconf 89' lang='lat'>,</span> <span class='ocrx_word' id='word_1_148' title='bbox 348 1731 385 1759; x_wconf 88' lang='lat' dir='ltr'>et</span> <span class='ocrx_word' id='word_1_149' title='bbox 399 1723 582 1760; x_wconf 76' lang='lat' dir='ltr'>editiones.</span> 
     </span>
    </p>

    <p class='ocr_par' dir='ltr' id='par_1_9' title="bbox 173 1776 873 2823">
     <span class='ocr_line' id='line_1_29' title="bbox 223 1776 862 1823; baseline 0 -12"><span class='ocrx_word' id='word_1_150' title='bbox 223 1789 273 1823; x_wconf 86' lang='lat'>¹7·</span> <span class='ocrx_word' id='word_1_151' title='bbox 308 1778 397 1812; x_wconf 78' lang='lat' dir='ltr'>Vilis</span> <span class='ocrx_word' id='word_1_152' title='bbox 412 1777 612 1812; x_wconf 78' lang='lat' dir='ltr'><em>Anactorie.</em></span> <span class='ocrx_word' id='word_1_153' title='bbox 641 1776 718 1812; x_wconf 89' lang='lat' dir='ltr'>Cur</span> <span class='ocrx_word' id='word_1_154' title='bbox 731 1776 862 1813; x_wconf 73' lang='lat' dir='ltr'>Anac—</span> 
     </span>
     <span class='ocr_line' id='line_1_30' title="bbox 173 1829 856 1875; baseline 0 -11"><span class='ocrx_word' id='word_1_155' title='bbox 173 1832 259 1864; x_wconf 75' lang='lat' dir='ltr'>toric</span> <span class='ocrx_word' id='word_1_156' title='bbox 273 1841 349 1864; x_wconf 87' lang='lat' dir='ltr'>non</span> <span class='ocrx_word' id='word_1_157' title='bbox 363 1829 454 1864; x_wconf 87' lang='lat' dir='ltr'>male</span> <span class='ocrx_word' id='word_1_158' title='bbox 470 1829 507 1864; x_wconf 91' lang='lat' dir='ltr'>in</span> <span class='ocrx_word' id='word_1_159' title='bbox 525 1829 736 1875; x_wconf 80' lang='lat' dir='ltr'>quibusdam</span> <span class='ocrx_word' id='word_1_160' title='bbox 754 1829 856 1865; x_wconf 89' lang='lat' dir='ltr'>codi-</span> 
     </span>
     <span class='ocr_line' id='line_1_31' title="bbox 174 1881 862 1928; baseline 0 -12"><span class='ocrx_word' id='word_1_161' title='bbox 174 1882 271 1917; x_wconf 82' lang='lat' dir='ltr'>cibus</span> <span class='ocrx_word' id='word_1_162' title='bbox 289 1881 444 1928; x_wconf 82' lang='lat' dir='ltr'>legatur,</span> <span class='ocrx_word' id='word_1_163' title='bbox 459 1881 580 1918; x_wconf 85' lang='lat' dir='ltr'>docuit</span> <span class='ocrx_word' id='word_1_164' title='bbox 596 1883 862 1918; x_wconf 83' lang='lat' dir='ltr'>Bersmannus:</span> 
     </span>
     <span class='ocr_line' id='line_1_32' title="bbox 177 1933 864 1980; baseline 0 -11"><span class='ocrx_word' id='word_1_165' title='bbox 177 1933 273 1980; x_wconf 88' lang='lat' dir='ltr'>quod</span> <span class='ocrx_word' id='word_1_166' title='bbox 287 1960 298 1978; x_wconf 87' lang='lat'>,</span> <span class='ocrx_word' id='word_1_167' title='bbox 331 1933 504 1970; x_wconf 79' lang='lat' dir='ltr'>nimirum</span> <span class='ocrx_word' id='word_1_168' title='bbox 518 1961 529 1979; x_wconf 92' lang='lat'>,</span> <span class='ocrx_word' id='word_1_169' title='bbox 559 1935 654 1971; x_wconf 86' lang='lat' dir='ltr'>inter</span> <span class='ocrx_word' id='word_1_170' title='bbox 681 1942 814 1970; x_wconf 84' lang='lat' dir='ltr'>ceteras</span> <span class='ocrx_word' id='word_1_171' title='bbox 845 1947 864 1969; x_wconf 84' lang='lat' dir='ltr'>a</span> 
     </span>
     <span class='ocr_line' id='line_1_33' title="bbox 179 1986 863 2035; baseline 0 -14"><span class='ocrx_word' id='word_1_172' title='bbox 179 1987 340 2022; x_wconf 80' lang='lat' dir='ltr'>Maximo</span> <span class='ocrx_word' id='word_1_173' title='bbox 349 1986 475 2035; x_wconf 81' lang='lat' dir='ltr'>Tyrio,</span> <span class='ocrx_word' id='word_1_174' title='bbox 484 2001 503 2023; x_wconf 87' lang='lat' dir='ltr'>a</span> <span class='ocrx_word' id='word_1_175' title='bbox 513 1987 703 2034; x_wconf 87' lang='lat' dir='ltr'>Sapphone</span> <span class='ocrx_word' id='word_1_176' title='bbox 719 1994 863 2031; x_wconf 85' lang='lat' dir='ltr'>amatas,</span> 
     </span>
     <span class='ocr_line' id='line_1_34' title="bbox 180 2038 867 2087; baseline 0.004 -14"><span class='ocrx_word' id='word_1_177' title='bbox 180 2046 344 2085; x_wconf 87' lang='lat' dir='ltr'>ponatur.</span> <span class='ocrx_word' id='word_1_178' title='bbox 367 2038 466 2075; x_wconf 64' lang='lat' dir='ltr'>Diu«.</span> <span class='ocrx_word' id='word_1_179' title='bbox 483 2040 620 2076; x_wconf 69' lang='lat' dir='ltr'>Hmns.</span> <span class='ocrx_word' id='word_1_180' title='bbox 646 2043 735 2076; x_wconf 80' lang='lat' dir='ltr'>Vilis</span> <span class='ocrx_word' id='word_1_181' title='bbox 755 2041 867 2087; x_wconf 79' lang='lat' dir='ltr'><em>Amy-</em></span> 
     </span>
     <span class='ocr_line' id='line_1_35' title="bbox 182 2094 864 2140; baseline 0 -14"><span class='ocrx_word' id='word_1_182' title='bbox 182 2094 301 2135; x_wconf 74' lang='lat' dir='ltr'>thone,</span> <span class='ocrx_word' id='word_1_183' title='bbox 328 2094 409 2128; x_wconf 70' lang='lat' dir='ltr'><em>vilis</em></span> <span class='ocrx_word' id='word_1_184' title='bbox 432 2094 519 2128; x_wconf 72' lang='lat' dir='ltr'>mibi</span> <span class='ocrx_word' id='word_1_185' title='bbox 539 2095 690 2128; x_wconf 84' lang='lat' dir='ltr'>candida</span> <span class='ocrx_word' id='word_1_186' title='bbox 722 2094 839 2140; x_wconf 81' lang='lat' dir='ltr'><em>Cydno</em></span> <span class='ocrx_word' id='word_1_187' title='bbox 854 2119 864 2133; x_wconf 92' lang='lat'>‚</span> 
     </span>
     <span class='ocr_line' id='line_1_36' title="bbox 183 2144 867 2191; baseline -0.001 -11"><span class='ocrx_word' id='word_1_188' title='bbox 183 2144 380 2191; x_wconf 76' lang='lat' dir='ltr'>Naugerius</span> <span class='ocrx_word' id='word_1_189' title='bbox 390 2157 399 2180; x_wconf 72' lang='grc' dir='ltr'><strong>ε</strong></span> <span class='ocrx_word' id='word_1_190' title='bbox 410 2152 445 2180; x_wconf 87' lang='lat' dir='ltr'>at</span> <span class='ocrx_word' id='word_1_191' title='bbox 457 2145 581 2191; x_wconf 84' lang='lat' dir='ltr'>primae</span> <span class='ocrx_word' id='word_1_192' title='bbox 596 2145 769 2180; x_wconf 82' lang='lat' dir='ltr'>editiones</span> <span class='ocrx_word' id='word_1_193' title='bbox 785 2157 867 2180; x_wconf 90' lang='lat' dir='ltr'>cum</span> 
     </span>
     <span class='ocr_line' id='line_1_37' title="bbox 181 2197 868 2244; baseline -0.001 -11"><span class='ocrx_word' id='word_1_194' title='bbox 181 2197 317 2244; x_wconf 73' lang='lat' dir='ltr'>scriptis</span> <span class='ocrx_word' id='word_1_195' title='bbox 328 2197 536 2244; x_wconf 82' lang='lat' dir='ltr'>quibusdam</span> <span class='ocrx_word' id='word_1_196' title='bbox 545 2224 556 2243; x_wconf 92' lang='lat'>,</span> <span class='ocrx_word' id='word_1_197' title='bbox 574 2200 661 2234; x_wconf 81' lang='lat' dir='ltr'><em>Vilis</em></span> <span class='ocrx_word' id='word_1_198' title='bbox 671 2199 868 2242; x_wconf 58' lang='lat' dir='ltr'>Amatam,-</span> 
     </span>
     <span class='ocr_line' id='line_1_38' title="bbox 183 2249 869 2296; baseline -0.001 -11"><span class='ocrx_word' id='word_1_199' title='bbox 183 2249 241 2285; x_wconf 77' lang='lat' dir='ltr'>alii</span> <span class='ocrx_word' id='word_1_200' title='bbox 262 2250 454 2286; x_wconf 73' lang='lat' dir='ltr'>Am‘nton&#39;e</span> <span class='ocrx_word' id='word_1_201' title='bbox 469 2277 480 2296; x_wconf 89' lang='lat'>,</span> <span class='ocrx_word' id='word_1_202' title='bbox 506 2251 562 2286; x_wconf 85' lang='lat' dir='ltr'>vel</span> <span class='ocrx_word' id='word_1_203' title='bbox 586 2251 770 2286; x_wconf 80' lang='lat' dir='ltr'>Ametorie.</span> <span class='ocrx_word' id='word_1_204' title='bbox 795 2251 869 2286; x_wconf 89' lang='lat' dir='ltr'>Pro</span> 
     </span>
     <span class='ocr_line' id='line_1_39' title="bbox 185 2303 867 2351; baseline 0 -13"><span class='ocrx_word' id='word_1_205' title='bbox 185 2304 320 2349; x_wconf 82' lang='lat' dir='ltr'><em>Cydno,</em></span> <span class='ocrx_word' id='word_1_206' title='bbox 333 2303 452 2349; x_wconf 78' lang='lat' dir='ltr'>scripti</span> <span class='ocrx_word' id='word_1_207' title='bbox 461 2329 471 2347; x_wconf 93' lang='lat'>,</span> <span class='ocrx_word' id='word_1_208' title='bbox 486 2305 597 2351; x_wconf 83' lang='lat' dir='ltr'>Cydm</span> <span class='ocrx_word' id='word_1_209' title='bbox 605 2330 614 2345; x_wconf 91' lang='lat'><em>‚</em></span> <span class='ocrx_word' id='word_1_210' title='bbox 634 2305 741 2339; x_wconf 69' lang='lat' dir='ltr'>Credo</span> <span class='ocrx_word' id='word_1_211' title='bbox 750 2329 763 2348; x_wconf 89' lang='lat'>,</span> <span class='ocrx_word' id='word_1_212' title='bbox 775 2305 867 2345; x_wconf 80' lang='lat' dir='ltr'><em>Clio,</em></span> 
     </span>
     <span class='ocr_line' id='line_1_40' title="bbox 182 2354 869 2392; baseline 0.001 -2"><span class='ocrx_word' id='word_1_213' title='bbox 182 2362 220 2390; x_wconf 87' lang='lat' dir='ltr'>et</span> <span class='ocrx_word' id='word_1_214' title='bbox 241 2354 390 2391; x_wconf 75' lang='lat' dir='ltr'>similia:</span> <span class='ocrx_word' id='word_1_215' title='bbox 413 2356 452 2391; x_wconf 86' lang='lat' dir='ltr'>in</span> <span class='ocrx_word' id='word_1_216' title='bbox 473 2356 550 2391; x_wconf 92' lang='lat' dir='ltr'>loco</span> <span class='ocrx_word' id='word_1_217' title='bbox 576 2363 697 2392; x_wconf 88' lang='lat' dir='ltr'>tamen</span> <span class='ocrx_word' id='word_1_218' title='bbox 721 2356 869 2391; x_wconf 86' lang='lat' dir='ltr'>Maximi</span> 
     </span>
     <span class='ocr_line' id='line_1_41' title="bbox 182 2406 869 2459; baseline 0.003 -18"><span class='ocrx_word' id='word_1_219' title='bbox 182 2406 284 2454; x_wconf 84' lang='lat' dir='ltr'>Tyrii</span> <span class='ocrx_word' id='word_1_220' title='bbox 301 2420 367 2454; x_wconf 87' lang='lat' dir='ltr'>pro</span> <span class='ocrx_word' id='word_1_221' title='bbox 387 2413 516 2459; x_wconf 69' lang='grc' dir='ltr'>Γῦριννοι</span> <span class='ocrx_word' id='word_1_222' title='bbox 531 2435 541 2453; x_wconf 84' lang='grc'><em>,</em></span> <span class='ocrx_word' id='word_1_223' title='bbox 565 2409 691 2454; x_wconf 86' lang='lat' dir='ltr'><strong>opinor</strong></span> <span class='ocrx_word' id='word_1_224' title='bbox 705 2409 869 2444; x_wconf 85' lang='lat' dir='ltr'>scriben—</span> 
     </span>
     <span class='ocr_line' id='line_1_42' title="bbox 179 2459 873 2506; baseline 0.001 -11"><span class='ocrx_word' id='word_1_225' title='bbox 179 2459 268 2496; x_wconf 89' lang='lat' dir='ltr'>dum</span> <span class='ocrx_word' id='word_1_226' title='bbox 287 2459 422 2506; x_wconf 74' lang='grc' dir='ltr'>Ἠριννα.</span> <span class='ocrx_word' id='word_1_227' title='bbox 441 2460 579 2495; x_wconf 88' lang='lat' dir='ltr'>Erinna</span> <span class='ocrx_word' id='word_1_228' title='bbox 594 2461 692 2496; x_wconf 87' lang='lat' dir='ltr'>enim</span> <span class='ocrx_word' id='word_1_229' title='bbox 707 2468 743 2496; x_wconf 86' lang='lat' dir='ltr'>et</span> <span class='ocrx_word' id='word_1_230' title='bbox 755 2473 873 2496; x_wconf 81' lang='lat' dir='ltr'>coaeva</span> 
     </span>
     <span class='ocr_line' id='line_1_43' title="bbox 178 2512 866 2560; baseline 0 -12"><span class='ocrx_word' id='word_1_231' title='bbox 178 2512 360 2560; x_wconf 75' lang='lat' dir='ltr'>Sapphus,</span> <span class='ocrx_word' id='word_1_232' title='bbox 383 2520 419 2549; x_wconf 86' lang='lat' dir='ltr'>et</span> <span class='ocrx_word' id='word_1_233' title='bbox 442 2513 485 2549; x_wconf 80' lang='lat' dir='ltr'>ab</span> <span class='ocrx_word' id='word_1_234' title='bbox 507 2513 564 2548; x_wconf 91' lang='lat' dir='ltr'>illa</span> <span class='ocrx_word' id='word_1_235' title='bbox 579 2521 695 2549; x_wconf 78' lang='lat' dir='ltr'>amata</span> <span class='ocrx_word' id='word_1_236' title='bbox 714 2526 866 2560; x_wconf 90' lang='lat' dir='ltr'>quoque.</span> 
     </span>
     <span class='ocr_line' id='line_1_44' title="bbox 181 2565 869 2616; baseline 0.001 -15"><span class='ocrx_word' id='word_1_237' title='bbox 181 2565 240 2601; x_wconf 89' lang='lat' dir='ltr'>Sic</span> <span class='ocrx_word' id='word_1_238' title='bbox 267 2565 395 2601; x_wconf 75' lang='lat' dir='ltr'>suidas</span> <span class='ocrx_word' id='word_1_239' title='bbox 418 2566 456 2601; x_wconf 92' lang='lat' dir='ltr'>in</span> <span class='ocrx_word' id='word_1_240' title='bbox 485 2565 606 2616; x_wconf 68' lang='grc' dir='ltr'>Ἥρωνα</span> <span class='ocrx_word' id='word_1_241' title='bbox 621 2579 630 2600; x_wconf 88' lang='lat'>:</span> <span class='ocrx_word' id='word_1_242' title='bbox 645 2566 705 2602; x_wconf 83' lang='lat' dir='ltr'>sed</span> <span class='ocrx_word' id='word_1_243' title='bbox 723 2573 758 2602; x_wconf 82' lang='lat' dir='ltr'>et</span> <span class='ocrx_word' id='word_1_244' title='bbox 777 2567 869 2602; x_wconf 87' lang='lat' dir='ltr'>Eus-</span> 
     </span>
     <span class='ocr_line' id='line_1_45' title="bbox 182 2613 868 2664; baseline 0.001 -10"><span class='ocrx_word' id='word_1_245' title='bbox 182 2618 312 2654; x_wconf 76' lang='lat' dir='ltr'>tathius</span> <span class='ocrx_word' id='word_1_246' title='bbox 326 2619 363 2653; x_wconf 88' lang='lat' dir='ltr'>in</span> <span class='ocrx_word' id='word_1_247' title='bbox 381 2618 478 2654; x_wconf 81' lang='lat' dir='ltr'>Iliad.</span> <span class='ocrx_word' id='word_1_248' title='bbox 491 2619 532 2654; x_wconf 93' lang='lat' dir='ltr'>B.</span> <span class='ocrx_word' id='word_1_249' title='bbox 550 2619 594 2654; x_wconf 86' lang='lat' dir='ltr'>de</span> <span class='ocrx_word' id='word_1_250' title='bbox 608 2619 745 2654; x_wconf 87' lang='lat' dir='ltr'>Erinna</span> <span class='ocrx_word' id='word_1_251' title='bbox 758 2613 868 2664; x_wconf 52' lang='grc' dir='ltr'>,τΗνῶε</span> 
     </span>
     <span class='ocr_line' id='line_1_46' title="bbox 186 2673 870 2723; baseline -0.003 -15"><span class='ocrx_word' id='word_1_252' title='bbox 186 2673 292 2722; x_wconf 70' lang='grc' dir='ltr'>ἔταῖρα</span> <span class='ocrx_word' id='word_1_253' title='bbox 304 2679 439 2721; x_wconf 50' lang='grc' dir='ltr'>Σαπφοῦς</span> <span class='ocrx_word' id='word_1_254' title='bbox 450 2698 459 2716; x_wconf 86' lang='grc'>,</span> <span class='ocrx_word' id='word_1_255' title='bbox 475 2678 528 2708; x_wconf 81' lang='grc' dir='ltr'>καὶ</span> <span class='ocrx_word' id='word_1_256' title='bbox 539 2674 709 2714; x_wconf 71' lang='grc' dir='ltr'>ἐτελεύτησε</span> <span class='ocrx_word' id='word_1_257' title='bbox 723 2673 870 2723; x_wconf 71' lang='grc' dir='ltr'>πάρθενος.</span> 
     </span>
     <span class='ocr_line' id='line_1_47' title="bbox 189 2722 871 2771; baseline 0.001 -13"><span class='ocrx_word' id='word_1_258' title='bbox 189 2722 315 2760; x_wconf 68' lang='lat' dir='ltr'>suidas</span> <span class='ocrx_word' id='word_1_259' title='bbox 338 2737 380 2759; x_wconf 86' lang='lat' dir='ltr'>ex</span> <span class='ocrx_word' id='word_1_260' title='bbox 407 2724 529 2770; x_wconf 80' lang='lat' dir='ltr'>puellis</span> <span class='ocrx_word' id='word_1_261' title='bbox 559 2738 579 2759; x_wconf 84' lang='lat' dir='ltr'>a</span> <span class='ocrx_word' id='word_1_262' title='bbox 606 2724 750 2771; x_wconf 86' lang='lat' dir='ltr'>Sappho</span> <span class='ocrx_word' id='word_1_263' title='bbox 779 2724 871 2759; x_wconf 87' lang='lat' dir='ltr'>ada—</span> 
     </span>
     <span class='ocr_line' id='line_1_48' title="bbox 191 2776 871 2823; baseline 0.001 -11"><span class='ocrx_word' id='word_1_264' title='bbox 191 2776 293 2813; x_wconf 77' lang='lat' dir='ltr'>matis</span> <span class='ocrx_word' id='word_1_265' title='bbox 309 2783 379 2813; x_wconf 82' lang='lat' dir='ltr'>tres</span> <span class='ocrx_word' id='word_1_266' title='bbox 392 2784 572 2823; x_wconf 85' lang='lat' dir='ltr'>recenset,</span> <span class='ocrx_word' id='word_1_267' title='bbox 587 2777 786 2821; x_wconf 73' lang='lat' dir='ltr'>Atthidem,</span> <span class='ocrx_word' id='word_1_268' title='bbox 804 2778 871 2814; x_wconf 91' lang='lat' dir='ltr'>Te-</span> 
     </span>
    </p>
   </div>
   <div class='ocr_carea' id='block_1_6' title="bbox 914 767 1632 2815">
    <p class='ocr_par' dir='ltr' id='par_1_10' title="bbox 914 767 1632 2815">
     <span class='ocr_line' id='line_1_49' title="bbox 915 767 1602 816; baseline 0 -12"><span class='ocrx_word' id='word_1_269' title='bbox 915 768 1097 816; x_wconf 87' lang='lat' dir='ltr'>lesippam,</span> <span class='ocrx_word' id='word_1_270' title='bbox 1108 769 1306 815; x_wconf 80' lang='lat' dir='ltr'>Megaram,</span> <span class='ocrx_word' id='word_1_271' title='bbox 1318 768 1414 804; x_wconf 89' lang='lat' dir='ltr'>nulla</span> <span class='ocrx_word' id='word_1_272' title='bbox 1431 767 1602 816; x_wconf 77' lang='lat' dir='ltr'>Gyrinnae</span> 
     </span>
     <span class='ocr_line' id='line_1_50' title="bbox 914 821 1602 858; baseline -0.003 -1"><span class='ocrx_word' id='word_1_273' title='bbox 914 821 1098 858; x_wconf 74' lang='lat' dir='ltr'>mentione</span> <span class='ocrx_word' id='word_1_274' title='bbox 1112 822 1210 856; x_wconf 86' lang='lat' dir='ltr'>sacta.</span> <span class='ocrx_word' id='word_1_275' title='bbox 1227 821 1373 856; x_wconf 82' lang='lat' dir='ltr'>Erinnae</span> <span class='ocrx_word' id='word_1_276' title='bbox 1389 828 1509 855; x_wconf 82' lang='lat' dir='ltr'>tamen</span> <span class='ocrx_word' id='word_1_277' title='bbox 1526 822 1602 855; x_wconf 88' lang='lat' dir='ltr'>mi·-</span> 
     </span>
     <span class='ocr_line' id='line_1_51' title="bbox 915 873 1605 910; baseline 0 -2"><span class='ocrx_word' id='word_1_278' title='bbox 915 886 996 908; x_wconf 88' lang='lat' dir='ltr'>rum</span> <span class='ocrx_word' id='word_1_279' title='bbox 1009 887 1028 909; x_wconf 90' lang='lat' dir='ltr'>a</span> <span class='ocrx_word' id='word_1_280' title='bbox 1037 874 1178 910; x_wconf 89' lang='lat' dir='ltr'>Nasone</span> <span class='ocrx_word' id='word_1_281' title='bbox 1190 873 1412 908; x_wconf 86' lang='lat' dir='ltr'>mentionem</span> <span class='ocrx_word' id='word_1_282' title='bbox 1426 886 1500 908; x_wconf 90' lang='lat' dir='ltr'>non</span> <span class='ocrx_word' id='word_1_283' title='bbox 1512 873 1605 908; x_wconf 82' lang='lat' dir='ltr'>fieri:</span> 
     </span>
     <span class='ocr_line' id='line_1_52' title="bbox 915 926 1606 973; baseline -0.003 -11"><span class='ocrx_word' id='word_1_284' title='bbox 915 927 974 962; x_wconf 88' lang='lat' dir='ltr'>sed</span> <span class='ocrx_word' id='word_1_285' title='bbox 992 927 1102 962; x_wconf 88' lang='lat' dir='ltr'>multa</span> <span class='ocrx_word' id='word_1_286' title='bbox 1121 927 1164 962; x_wconf 90' lang='lat' dir='ltr'>ad</span> <span class='ocrx_word' id='word_1_287' title='bbox 1176 927 1354 962; x_wconf 81' lang='lat' dir='ltr'>Eretriam</span> <span class='ocrx_word' id='word_1_288' title='bbox 1366 926 1509 973; x_wconf 82' lang='lat' dir='ltr'>Sappho</span> <span class='ocrx_word' id='word_1_289' title='bbox 1522 940 1606 973; x_wconf 88' lang='lat' dir='ltr'>per-</span> 
     </span>
     <span class='ocr_line' id='line_1_53' title="bbox 916 980 1607 1028; baseline 0 -13"><span class='ocrx_word' id='word_1_290' title='bbox 916 981 1078 1025; x_wconf 86' lang='lat' dir='ltr'>tinentia,</span> <span class='ocrx_word' id='word_1_291' title='bbox 1095 980 1138 1015; x_wconf 88' lang='lat' dir='ltr'>ad</span> <span class='ocrx_word' id='word_1_292' title='bbox 1150 980 1242 1016; x_wconf 86' lang='lat' dir='ltr'>hanc</span> <span class='ocrx_word' id='word_1_293' title='bbox 1251 980 1495 1028; x_wconf 88' lang='lat' dir='ltr'>Mitylenaeam</span> <span class='ocrx_word' id='word_1_294' title='bbox 1510 981 1607 1015; x_wconf 89' lang='lat' dir='ltr'>rese-</span> 
     </span>
     <span class='ocr_line' id='line_1_54' title="bbox 915 1033 1605 1080; baseline -0.001 -11"><span class='ocrx_word' id='word_1_295' title='bbox 915 1041 1055 1069; x_wconf 88' lang='lat' dir='ltr'>runtur.</span> <span class='ocrx_word' id='word_1_296' title='bbox 1074 1033 1124 1069; x_wconf 84' lang='lat' dir='ltr'>At</span> <span class='ocrx_word' id='word_1_297' title='bbox 1135 1033 1179 1068; x_wconf 89' lang='lat' dir='ltr'>de</span> <span class='ocrx_word' id='word_1_298' title='bbox 1193 1033 1312 1069; x_wconf 85' lang='lat' dir='ltr'>Alcaeo</span> <span class='ocrx_word' id='word_1_299' title='bbox 1324 1033 1487 1080; x_wconf 89' lang='lat' dir='ltr'>Sapphus</span> <span class='ocrx_word' id='word_1_300' title='bbox 1499 1045 1605 1068; x_wconf 88' lang='lat' dir='ltr'>aemu-</span> 
     </span>
     <span class='ocr_line' id='line_1_55' title="bbox 917 1086 1606 1132; baseline -0.001 -11"><span class='ocrx_word' id='word_1_301' title='bbox 917 1086 952 1122; x_wconf 93' lang='lat' dir='ltr'>lo</span> <span class='ocrx_word' id='word_1_302' title='bbox 967 1113 976 1131; x_wconf 90' lang='lat'><strong><em>‚</em></strong></span> <span class='ocrx_word' id='word_1_303' title='bbox 1002 1086 1096 1121; x_wconf 87' lang='lat' dir='ltr'>inter</span> <span class='ocrx_word' id='word_1_304' title='bbox 1117 1086 1303 1132; x_wconf 86' lang='lat' dir='ltr'>scriptores</span> <span class='ocrx_word' id='word_1_305' title='bbox 1329 1087 1495 1122; x_wconf 85' lang='lat' dir='ltr'>convenit</span> <span class='ocrx_word' id='word_1_306' title='bbox 1514 1098 1521 1119; x_wconf 94' lang='lat'><strong>:</strong></span> <span class='ocrx_word' id='word_1_307' title='bbox 1544 1086 1606 1121; x_wconf 89' lang='lat' dir='ltr'>sed</span> 
     </span>
     <span class='ocr_line' id='line_1_56' title="bbox 919 1138 1606 1186; baseline -0.001 -12"><span class='ocrx_word' id='word_1_308' title='bbox 919 1152 1031 1185; x_wconf 88' lang='lat' dir='ltr'>quum</span> <span class='ocrx_word' id='word_1_309' title='bbox 1042 1139 1217 1174; x_wconf 84' lang='lat' dir='ltr'>Erinnam</span> <span class='ocrx_word' id='word_1_310' title='bbox 1227 1138 1440 1186; x_wconf 87' lang='lat' dir='ltr'>Olympiade</span> <span class='ocrx_word' id='word_1_311' title='bbox 1453 1149 1528 1183; x_wconf 72' lang='lat' dir='ltr'>CVI,</span> <span class='ocrx_word' id='word_1_312' title='bbox 1541 1139 1606 1173; x_wconf 82' lang='lat' dir='ltr'>cla-</span> 
     </span>
     <span class='ocr_line' id='line_1_57' title="bbox 919 1191 1610 1228; baseline -0.001 -1"><span class='ocrx_word' id='word_1_313' title='bbox 919 1193 1028 1228; x_wconf 84' lang='lat' dir='ltr'>ruisse</span> <span class='ocrx_word' id='word_1_314' title='bbox 1054 1192 1226 1228; x_wconf 88' lang='lat' dir='ltr'>Eusebius</span> <span class='ocrx_word' id='word_1_315' title='bbox 1250 1192 1288 1227; x_wconf 89' lang='lat' dir='ltr'>in</span> <span class='ocrx_word' id='word_1_316' title='bbox 1313 1191 1500 1227; x_wconf 88' lang='lat' dir='ltr'>Chronicis</span> <span class='ocrx_word' id='word_1_317' title='bbox 1515 1204 1610 1226; x_wconf 87' lang='lat' dir='ltr'>con-</span> 
     </span>
     <span class='ocr_line' id='line_1_58' title="bbox 922 1244 1610 1292; baseline -0.001 -12"><span class='ocrx_word' id='word_1_318' title='bbox 922 1245 1056 1290; x_wconf 88' lang='lat' dir='ltr'>tendat,</span> <span class='ocrx_word' id='word_1_319' title='bbox 1066 1258 1142 1280; x_wconf 88' lang='lat' dir='ltr'>non</span> <span class='ocrx_word' id='word_1_320' title='bbox 1155 1246 1270 1292; x_wconf 90' lang='lat' dir='ltr'>potuit</span> <span class='ocrx_word' id='word_1_321' title='bbox 1282 1257 1361 1281; x_wconf 88' lang='lat' dir='ltr'>eam</span> <span class='ocrx_word' id='word_1_322' title='bbox 1375 1245 1511 1280; x_wconf 86' lang='lat' dir='ltr'>novisse</span> <span class='ocrx_word' id='word_1_323' title='bbox 1524 1244 1610 1290; x_wconf 86' lang='lat' dir='ltr'>Sap-</span> 
     </span>
     <span class='ocr_line' id='line_1_59' title="bbox 921 1297 1609 1344; baseline -0.004 -10"><span class='ocrx_word' id='word_1_324' title='bbox 921 1298 1013 1344; x_wconf 85' lang='lat' dir='ltr'>pho;</span> <span class='ocrx_word' id='word_1_325' title='bbox 1034 1298 1101 1334; x_wconf 89' lang='lat' dir='ltr'>nisi</span> <span class='ocrx_word' id='word_1_326' title='bbox 1117 1298 1202 1334; x_wconf 89' lang='lat' dir='ltr'>duas</span> <span class='ocrx_word' id='word_1_327' title='bbox 1219 1298 1322 1333; x_wconf 82' lang='lat' dir='ltr'>fuisse</span> <span class='ocrx_word' id='word_1_328' title='bbox 1342 1297 1495 1332; x_wconf 79' lang='lat' dir='ltr'>ErInnas</span> <span class='ocrx_word' id='word_1_329' title='bbox 1514 1310 1609 1332; x_wconf 88' lang='lat' dir='ltr'>con-</span> 
     </span>
     <span class='ocr_line' id='line_1_60' title="bbox 922 1350 1610 1397; baseline -0.003 -11"><span class='ocrx_word' id='word_1_330' title='bbox 922 1351 1088 1387; x_wconf 85' lang='lat' dir='ltr'>cedimus.</span> <span class='ocrx_word' id='word_1_331' title='bbox 1101 1351 1158 1387; x_wconf 90' lang='lat' dir='ltr'>De</span> <span class='ocrx_word' id='word_1_332' title='bbox 1174 1351 1251 1397; x_wconf 82' lang='lat' dir='ltr'>ejus</span> <span class='ocrx_word' id='word_1_333' title='bbox 1263 1352 1359 1387; x_wconf 74' lang='lat' dir='ltr'>certe</span> <span class='ocrx_word' id='word_1_334' title='bbox 1373 1350 1484 1397; x_wconf 90' lang='lat' dir='ltr'>patria</span> <span class='ocrx_word' id='word_1_335' title='bbox 1498 1350 1610 1385; x_wconf 80' lang='lat' dir='ltr'>varias</span> 
     </span>
     <span class='ocr_line' id='line_1_61' title="bbox 924 1404 1610 1451; baseline -0.003 -12"><span class='ocrx_word' id='word_1_336' title='bbox 924 1404 1109 1451; x_wconf 91' lang='lat' dir='ltr'>opiniones</span> <span class='ocrx_word' id='word_1_337' title='bbox 1137 1404 1263 1440; x_wconf 88' lang='lat' dir='ltr'>Suidas</span> <span class='ocrx_word' id='word_1_338' title='bbox 1285 1410 1444 1439; x_wconf 89' lang='lat' dir='ltr'>recenset</span> <span class='ocrx_word' id='word_1_339' title='bbox 1459 1429 1469 1447; x_wconf 85' lang='lat'>,</span> <span class='ocrx_word' id='word_1_340' title='bbox 1499 1416 1610 1448; x_wconf 90' lang='lat' dir='ltr'>quum</span> 
     </span>
     <span class='ocr_line' id='line_1_62' title="bbox 925 1456 1614 1503; baseline -0.003 -11"><span class='ocrx_word' id='word_1_341' title='bbox 925 1457 1212 1496; x_wconf 80' lang='lat' dir='ltr'>tamen&#39;Teniam</span> <span class='ocrx_word' id='word_1_342' title='bbox 1227 1456 1385 1503; x_wconf 86' lang='lat' dir='ltr'>plerique</span> <span class='ocrx_word' id='word_1_343' title='bbox 1402 1456 1551 1499; x_wconf 88' lang='lat' dir='ltr'>saciant,</span> <span class='ocrx_word' id='word_1_344' title='bbox 1572 1463 1614 1490; x_wconf 91' lang='lat' dir='ltr'>ut</span> 
     </span>
     <span class='ocr_line' id='line_1_63' title="bbox 927 1508 1612 1557; baseline -0.004 -11"><span class='ocrx_word' id='word_1_345' title='bbox 927 1517 963 1546; x_wconf 85' lang='lat' dir='ltr'>et</span> <span class='ocrx_word' id='word_1_346' title='bbox 978 1510 1180 1556; x_wconf 85' lang='lat' dir='ltr'>Stephanus</span> <span class='ocrx_word' id='word_1_347' title='bbox 1195 1509 1387 1557; x_wconf 82' lang='lat' dir='ltr'>Byzantius</span> <span class='ocrx_word' id='word_1_348' title='bbox 1400 1508 1437 1543; x_wconf 90' lang='lat' dir='ltr'>in</span> <span class='ocrx_word' id='word_1_349' title='bbox 1448 1510 1612 1549; x_wconf 71' lang='grc' dir='ltr'>Τὴνος.Η.</span> 
     </span>
     <span class='ocr_line' id='line_1_64' title="bbox 973 1562 1610 1607; baseline -0.005 -9"><span class='ocrx_word' id='word_1_350' title='bbox 973 1563 1022 1598; x_wconf 89' lang='grc' dir='ltr'>ι8.</span> <span class='ocrx_word' id='word_1_351' title='bbox 1041 1565 1119 1598; x_wconf 83' lang='grc' dir='ltr'>Νοη</span> <span class='ocrx_word' id='word_1_352' title='bbox 1140 1565 1249 1597; x_wconf 79' lang='lat' dir='ltr'>oculis</span> <span class='ocrx_word' id='word_1_353' title='bbox 1268 1566 1371 1607; x_wconf 71' lang='lat' dir='ltr'>graia</span> <span class='ocrx_word' id='word_1_354' title='bbox 1386 1566 1442 1596; x_wconf 81' lang='lat' dir='ltr'>est</span> <span class='ocrx_word' id='word_1_355' title='bbox 1462 1562 1585 1596; x_wconf 75' lang='lat' dir='ltr'>Atthis</span> <span class='ocrx_word' id='word_1_356' title='bbox 1601 1588 1610 1602; x_wconf 87' lang='lat'>‚</span> 
     </span>
     <span class='ocr_line' id='line_1_65' title="bbox 924 1613 1612 1658; baseline -0.001 -8"><span class='ocrx_word' id='word_1_357' title='bbox 924 1619 965 1650; x_wconf 79' lang='lat' dir='ltr'>ut</span> <span class='ocrx_word' id='word_1_358' title='bbox 971 1620 1062 1657; x_wconf 80' lang='lat' dir='ltr'>ante,</span> <span class='ocrx_word' id='word_1_359' title='bbox 1071 1619 1166 1650; x_wconf 81' lang='lat' dir='ltr'>meis.</span> <span class='ocrx_word' id='word_1_360' title='bbox 1173 1615 1229 1650; x_wconf 89' lang='lat' dir='ltr'>De</span> <span class='ocrx_word' id='word_1_361' title='bbox 1240 1614 1306 1650; x_wconf 85' lang='lat' dir='ltr'>hac</span> <span class='ocrx_word' id='word_1_362' title='bbox 1315 1613 1475 1658; x_wconf 84' lang='lat' dir='ltr'>Atthide,</span> <span class='ocrx_word' id='word_1_363' title='bbox 1488 1613 1612 1658; x_wconf 85' lang='lat' dir='ltr'>amica,</span> 
     </span>
     <span class='ocr_line' id='line_1_66' title="bbox 925 1666 1614 1713; baseline -0.003 -11"><span class='ocrx_word' id='word_1_364' title='bbox 925 1667 973 1702; x_wconf 90' lang='lat' dir='ltr'>sic</span> <span class='ocrx_word' id='word_1_365' title='bbox 986 1667 1057 1713; x_wconf 90' lang='lat' dir='ltr'>ipsa</span> <span class='ocrx_word' id='word_1_366' title='bbox 1071 1666 1228 1713; x_wconf 82' lang='lat' dir='ltr'>Sappho,</span> <span class='ocrx_word' id='word_1_367' title='bbox 1245 1666 1337 1713; x_wconf 86' lang='lat' dir='ltr'>apud</span> <span class='ocrx_word' id='word_1_368' title='bbox 1351 1666 1614 1712; x_wconf 82' lang='lat' dir='ltr'>Haephestion.:</span> 
     </span>
     <span class='ocr_line' id='line_1_67' title="bbox 970 1715 1575 1770; baseline -0.003 -13"><span class='ocrx_word' id='word_1_369' title='bbox 970 1715 1058 1770; x_wconf 56' lang='lat' dir='ltr'>[ipoeg</span> <span class='ocrx_word' id='word_1_370' title='bbox 1076 1720 1104 1756; x_wconf 55' lang='grc' dir='ltr'>δ’</span> <span class='ocrx_word' id='word_1_371' title='bbox 1120 1725 1190 1756; x_wconf 77' lang='grc' dir='ltr'>αὖτε</span> <span class='ocrx_word' id='word_1_372' title='bbox 1206 1718 1242 1765; x_wconf 73' lang='grc' dir='ltr'>μ’</span> <span class='ocrx_word' id='word_1_373' title='bbox 1260 1722 1272 1756; x_wconf 78' lang='grc' dir='ltr'><strong>ὁ</strong></span> <span class='ocrx_word' id='word_1_374' title='bbox 1289 1724 1456 1764; x_wconf 62' lang='grc' dir='ltr'><strong><em>λυσιμελὴς</em></strong></span> <span class='ocrx_word' id='word_1_375' title='bbox 1474 1723 1551 1755; x_wconf 63' lang='grc' dir='ltr'>δονῖι</span> <span class='ocrx_word' id='word_1_376' title='bbox 1565 1745 1575 1763; x_wconf 87' lang='lat'><em>,</em></span> 
     </span>
     <span class='ocr_line' id='line_1_68' title="bbox 970 1774 1546 1824; baseline -0.003 -15"><span class='ocrx_word' id='word_1_377' title='bbox 970 1777 1169 1824; x_wconf 69' lang='grc' dir='ltr'>Γλυκύπικρον</span> <span class='ocrx_word' id='word_1_378' title='bbox 1186 1800 1196 1818; x_wconf 84' lang='lat'>,</span> <span class='ocrx_word' id='word_1_379' title='bbox 1230 1774 1391 1819; x_wconf 73' lang='grc' dir='ltr'>ἀμάχανον</span> <span class='ocrx_word' id='word_1_380' title='bbox 1418 1777 1546 1824; x_wconf 58' lang='lat' dir='ltr'>Spa-srvio·</span> 
     </span>
     <span class='ocr_line' id='line_1_69' title="bbox 970 1824 1613 1870; baseline -0.005 -9"><span class='ocrx_word' id='word_1_381' title='bbox 970 1824 1095 1868; x_wconf 57' lang='lat' dir='ltr'>&#39;Arh&#39;gj</span> <span class='ocrx_word' id='word_1_382' title='bbox 1124 1824 1183 1861; x_wconf 78' lang='grc' dir='ltr'><strong><em>σοι’</em></strong></span> <span class='ocrx_word' id='word_1_383' title='bbox 1203 1824 1231 1860; x_wconf 61' lang='grc' dir='ltr'>θ’</span> <span class='ocrx_word' id='word_1_384' title='bbox 1249 1827 1349 1870; x_wconf 61' lang='lat' dir='ltr'>Est-ifle)</span> <span class='ocrx_word' id='word_1_385' title='bbox 1365 1829 1421 1869; x_wconf 74' lang='grc' dir='ltr'>μὲν</span> <span class='ocrx_word' id='word_1_386' title='bbox 1439 1826 1613 1870; x_wconf 66' lang='grc' dir='ltr'>ἀπήχθετο,</span> 
     </span>
     <span class='ocr_line' id='line_1_70' title="bbox 972 1876 1615 1928; baseline -0.002 -16"><span class='ocrx_word' id='word_1_387' title='bbox 972 1883 1091 1928; x_wconf 49' lang='lat' dir='ltr'>&amp;potoris</span> <span class='ocrx_word' id='word_1_388' title='bbox 1110 1876 1138 1914; x_wconf 59' lang='grc' dir='ltr'>δ’</span> <span class='ocrx_word' id='word_1_389' title='bbox 1157 1880 1191 1918; x_wconf 79' lang='grc' dir='ltr'>ἦν</span> <span class='ocrx_word' id='word_1_390' title='bbox 1210 1880 1260 1914; x_wconf 78' lang='grc' dir='ltr'><strong><em>ε’πὶ</em></strong></span> <span class='ocrx_word' id='word_1_391' title='bbox 1274 1876 1303 1913; x_wconf 81' lang='lat' dir='ltr'>d&#39;&#39;</span> <span class='ocrx_word' id='word_1_392' title='bbox 1316 1877 1522 1928; x_wconf 60' lang='grc' dir='ltr'>Ἀνδρομέδαν</span> <span class='ocrx_word' id='word_1_393' title='bbox 1536 1881 1615 1913; x_wconf 78' lang='grc' dir='ltr'><strong>ποτέ.</strong></span> 
     </span>
     <span class='ocr_line' id='line_1_71' title="bbox 928 1930 1618 1980; baseline -0.003 -14"><span class='ocrx_word' id='word_1_394' title='bbox 928 1934 1127 1980; x_wconf 60' lang='lat' dir='ltr'>rhaetia-:xpm</span> <span class='ocrx_word' id='word_1_395' title='bbox 1155 1930 1302 1964; x_wconf 82' lang='lat' dir='ltr'>feliciter</span> <span class='ocrx_word' id='word_1_396' title='bbox 1329 1930 1410 1965; x_wconf 85' lang='lat' dir='ltr'>satis</span> <span class='ocrx_word' id='word_1_397' title='bbox 1436 1930 1618 1965; x_wconf 66' lang='lat' dir='ltr'>aemulatus</span> 
     </span>
     <span class='ocr_line' id='line_1_72' title="bbox 931 1982 1616 2028; baseline -0.001 -11"><span class='ocrx_word' id='word_1_398' title='bbox 931 1989 983 2018; x_wconf 86' lang='lat' dir='ltr'>est</span> <span class='ocrx_word' id='word_1_399' title='bbox 997 1982 1158 2018; x_wconf 84' lang='lat' dir='ltr'>Catullus</span> <span class='ocrx_word' id='word_1_400' title='bbox 1168 2008 1178 2028; x_wconf 87' lang='lat'>,</span> <span class='ocrx_word' id='word_1_401' title='bbox 1198 1982 1297 2028; x_wconf 83' lang='lat' dir='ltr'>Eleg.</span> <span class='ocrx_word' id='word_1_402' title='bbox 1309 1982 1353 2017; x_wconf 86' lang='lat' dir='ltr'>ad</span> <span class='ocrx_word' id='word_1_403' title='bbox 1370 1983 1468 2018; x_wconf 92' lang='lat' dir='ltr'>Mall.</span> <span class='ocrx_word' id='word_1_404' title='bbox 1484 1984 1523 2017; x_wconf 84' lang='lat'>18</span> <span class='ocrx_word' id='word_1_405' title='bbox 1533 2009 1543 2027; x_wconf 85' lang='lat'><strong>,</strong></span> <span class='ocrx_word' id='word_1_406' title='bbox 1556 1983 1616 2017; x_wconf 85' lang='lat' dir='ltr'>ubi</span> 
     </span>
     <span class='ocr_line' id='line_1_73' title="bbox 932 2034 1162 2070; baseline 0 0"><span class='ocrx_word' id='word_1_407' title='bbox 932 2034 976 2070; x_wconf 90' lang='lat' dir='ltr'>de</span> <span class='ocrx_word' id='word_1_408' title='bbox 995 2036 1162 2070; x_wconf 84' lang='lat' dir='ltr'>Venere:</span> 
     </span>
     <span class='ocr_line' id='line_1_74' title="bbox 966 2090 1515 2124; baseline 0.004 -10"><span class='ocrx_word' id='word_1_409' title='bbox 966 2091 1031 2124; x_wconf 79' lang='lat' dir='ltr'>Quae</span> <span class='ocrx_word' id='word_1_410' title='bbox 1043 2090 1148 2116; x_wconf 56' lang='lat' dir='ltr'>dulcem</span> <span class='ocrx_word' id='word_1_411' title='bbox 1161 2090 1233 2115; x_wconf 74' lang='lat' dir='ltr'>curis</span> <span class='ocrx_word' id='word_1_412' title='bbox 1249 2090 1340 2115; x_wconf 72' lang='lat' dir='ltr'>miscet</span> <span class='ocrx_word' id='word_1_413' title='bbox 1352 2091 1515 2116; x_wconf 71' lang='lat' dir='ltr'>amar-itiaem.</span> 
     </span>
     <span class='ocr_line' id='line_1_75' title="bbox 980 2142 1619 2188; baseline 0.003 -13"><span class='ocrx_word' id='word_1_414' title='bbox 980 2153 1031 2188; x_wconf 82' lang='lat'>¹9·</span> <span class='ocrx_word' id='word_1_415' title='bbox 1064 2142 1158 2184; x_wconf 82' lang='lat' dir='ltr'>Quas</span> <span class='ocrx_word' id='word_1_416' title='bbox 1177 2142 1234 2175; x_wconf 80' lang='lat' dir='ltr'>hic</span> <span class='ocrx_word' id='word_1_417' title='bbox 1253 2144 1329 2175; x_wconf 80' lang='lat' dir='ltr'>sine</span> <span class='ocrx_word' id='word_1_418' title='bbox 1344 2143 1492 2175; x_wconf 80' lang='lat' dir='ltr'>crimine.</span> <span class='ocrx_word' id='word_1_419' title='bbox 1525 2143 1619 2185; x_wconf 83' lang='lat' dir='ltr'>Quas</span> 
     </span>
     <span class='ocr_line' id='line_1_76' title="bbox 934 2194 1619 2238; baseline 0.003 -11"><span class='ocrx_word' id='word_1_420' title='bbox 934 2205 1001 2227; x_wconf 82' lang='lat' dir='ltr'>non</span> <span class='ocrx_word' id='word_1_421' title='bbox 1023 2197 1098 2227; x_wconf 80' lang='lat' dir='ltr'>sine</span> <span class='ocrx_word' id='word_1_422' title='bbox 1127 2196 1266 2228; x_wconf 71' lang='lat' dir='ltr'>crimine</span> <span class='ocrx_word' id='word_1_423' title='bbox 1289 2197 1423 2238; x_wconf 46' lang='lat' dir='ltr'>amam}</span> <span class='ocrx_word' id='word_1_424' title='bbox 1451 2194 1500 2229; x_wconf 87' lang='lat' dir='ltr'>sic</span> <span class='ocrx_word' id='word_1_425' title='bbox 1519 2201 1619 2229; x_wconf 80' lang='lat' dir='ltr'>vetus</span> 
     </span>
     <span class='ocr_line' id='line_1_77' title="bbox 934 2246 1621 2290; baseline 0.003 -10"><span class='ocrx_word' id='word_1_426' title='bbox 934 2246 1058 2290; x_wconf 85' lang='lat' dir='ltr'>lectio,</span> <span class='ocrx_word' id='word_1_427' title='bbox 1077 2258 1116 2281; x_wconf 84' lang='lat' dir='ltr'>ac</span> <span class='ocrx_word' id='word_1_428' title='bbox 1139 2258 1220 2281; x_wconf 85' lang='lat' dir='ltr'>mea</span> <span class='ocrx_word' id='word_1_429' title='bbox 1235 2246 1412 2282; x_wconf 80' lang='lat' dir='ltr'>sententia</span> <span class='ocrx_word' id='word_1_430' title='bbox 1433 2253 1528 2283; x_wconf 85' lang='lat' dir='ltr'>recte</span> <span class='ocrx_word' id='word_1_431' title='bbox 1545 2261 1554 2289; x_wconf 72' lang='grc' dir='ltr'>ς</span> <span class='ocrx_word' id='word_1_432' title='bbox 1584 2254 1621 2282; x_wconf 86' lang='lat' dir='ltr'>et</span> 
     </span>
     <span class='ocr_line' id='line_1_78' title="bbox 934 2299 1619 2344; baseline 0 -10"><span class='ocrx_word' id='word_1_433' title='bbox 934 2299 1080 2334; x_wconf 84' lang='lat' dir='ltr'>inferius</span> <span class='ocrx_word' id='word_1_434' title='bbox 1101 2299 1207 2333; x_wconf 85' lang='lat' dir='ltr'>etiam</span> <span class='ocrx_word' id='word_1_435' title='bbox 1221 2325 1231 2344; x_wconf 85' lang='lat'><em>,</em></span> <span class='ocrx_word' id='word_1_436' title='bbox 1267 2301 1432 2334; x_wconf 77' lang='lat' dir='ltr'>Lesbides</span> <span class='ocrx_word' id='word_1_437' title='bbox 1457 2300 1619 2344; x_wconf 83' lang='lat' dir='ltr'>infamem</span> 
     </span>
     <span class='ocr_line' id='line_1_79' title="bbox 935 2352 1621 2399; baseline 0.003 -13"><span class='ocrx_word' id='word_1_438' title='bbox 935 2366 1005 2399; x_wconf 83' lang='lat' dir='ltr'>quoe</span> <span class='ocrx_word' id='word_1_439' title='bbox 1017 2352 1212 2397; x_wconf 69' lang='lat' dir='ltr'>mescczzrm</span> <span class='ocrx_word' id='word_1_440' title='bbox 1217 2356 1350 2387; x_wconf 79' lang='lat' dir='ltr'>amaloe.</span> <span class='ocrx_word' id='word_1_441' title='bbox 1368 2352 1415 2387; x_wconf 90' lang='lat' dir='ltr'>Et</span> <span class='ocrx_word' id='word_1_442' title='bbox 1425 2365 1533 2387; x_wconf 88' lang='lat' dir='ltr'>nemo</span> <span class='ocrx_word' id='word_1_443' title='bbox 1544 2366 1621 2388; x_wconf 90' lang='lat' dir='ltr'>nes-</span> 
     </span>
     <span class='ocr_line' id='line_1_80' title="bbox 934 2404 1620 2451; baseline 0 -12"><span class='ocrx_word' id='word_1_444' title='bbox 934 2406 982 2440; x_wconf 87' lang='lat' dir='ltr'>cit</span> <span class='ocrx_word' id='word_1_445' title='bbox 995 2404 1079 2450; x_wconf 88' lang='lat' dir='ltr'>quid</span> <span class='ocrx_word' id='word_1_446' title='bbox 1093 2404 1136 2439; x_wconf 87' lang='lat' dir='ltr'>de</span> <span class='ocrx_word' id='word_1_447' title='bbox 1155 2404 1315 2451; x_wconf 86' lang='lat' dir='ltr'>Sapphus</span> <span class='ocrx_word' id='word_1_448' title='bbox 1328 2406 1365 2440; x_wconf 88' lang='lat' dir='ltr'>in</span> <span class='ocrx_word' id='word_1_449' title='bbox 1379 2405 1510 2451; x_wconf 88' lang='lat' dir='ltr'>puellas</span> <span class='ocrx_word' id='word_1_450' title='bbox 1526 2418 1620 2440; x_wconf 87' lang='lat' dir='ltr'>amo-</span> 
     </span>
     <span class='ocr_line' id='line_1_81' title="bbox 934 2457 1621 2501; baseline -0.001 -8"><span class='ocrx_word' id='word_1_451' title='bbox 934 2459 1030 2493; x_wconf 86' lang='lat' dir='ltr'>ribus</span> <span class='ocrx_word' id='word_1_452' title='bbox 1059 2457 1203 2493; x_wconf 71' lang='lat' dir='ltr'>dicatur.</span> <span class='ocrx_word' id='word_1_453' title='bbox 1234 2458 1410 2494; x_wconf 67' lang='lat' dir='ltr'><strong>NAUGER.</strong></span> <span class='ocrx_word' id='word_1_454' title='bbox 1442 2460 1536 2501; x_wconf 80' lang='lat' dir='ltr'>Quas</span> <span class='ocrx_word' id='word_1_455' title='bbox 1564 2460 1621 2492; x_wconf 75' lang='lat' dir='ltr'>hic</span> 
     </span>
     <span class='ocr_line' id='line_1_82' title="bbox 935 2510 1621 2556; baseline -0.001 -11"><span class='ocrx_word' id='word_1_456' title='bbox 935 2516 1010 2546; x_wconf 78' lang='lat' dir='ltr'>siue</span> <span class='ocrx_word' id='word_1_457' title='bbox 1022 2515 1160 2546; x_wconf 78' lang='lat' dir='ltr'>crimine</span> <span class='ocrx_word' id='word_1_458' title='bbox 1173 2512 1245 2546; x_wconf 82' lang='lat' dir='ltr'>fere</span> <span class='ocrx_word' id='word_1_459' title='bbox 1259 2524 1384 2546; x_wconf 86' lang='lat' dir='ltr'>omnes</span> <span class='ocrx_word' id='word_1_460' title='bbox 1397 2510 1515 2556; x_wconf 87' lang='lat' dir='ltr'>scripti</span> <span class='ocrx_word' id='word_1_461' title='bbox 1532 2523 1540 2545; x_wconf 71' lang='grc' dir='ltr'>ε</span> <span class='ocrx_word' id='word_1_462' title='bbox 1560 2510 1621 2546; x_wconf 87' lang='lat' dir='ltr'>sed</span> 
     </span>
     <span class='ocr_line' id='line_1_83' title="bbox 936 2565 1622 2611; baseline -0.004 -10"><span class='ocrx_word' id='word_1_463' title='bbox 936 2573 1030 2601; x_wconf 84' lang='lat' dir='ltr'>recte</span> <span class='ocrx_word' id='word_1_464' title='bbox 1050 2578 1114 2600; x_wconf 81' lang='lat' dir='ltr'>nec</span> <span class='ocrx_word' id='word_1_465' title='bbox 1135 2565 1352 2611; x_wconf 83' lang='lat' dir='ltr'>repositum,</span> <span class='ocrx_word' id='word_1_466' title='bbox 1380 2565 1428 2599; x_wconf 87' lang='lat' dir='ltr'>sic</span> <span class='ocrx_word' id='word_1_467' title='bbox 1448 2565 1538 2599; x_wconf 83' lang='lat' dir='ltr'>Met.</span> <span class='ocrx_word' id='word_1_468' title='bbox 1565 2575 1594 2599; x_wconf 89' lang='lat'>11</span> <span class='ocrx_word' id='word_1_469' title='bbox 1613 2591 1622 2608; x_wconf 91' lang='lat'>‚</span> 
     </span>
     <span class='ocr_line' id='line_1_84' title="bbox 936 2616 1627 2663; baseline -0.003 -10"><span class='ocrx_word' id='word_1_470' title='bbox 936 2619 1001 2663; x_wconf 76' lang='lat'>433</span> <span class='ocrx_word' id='word_1_471' title='bbox 1015 2632 1023 2654; x_wconf 94' lang='lat'><strong>:</strong></span> <span class='ocrx_word' id='word_1_472' title='bbox 1041 2620 1114 2653; x_wconf 84' lang='lat' dir='ltr'>Nec</span> <span class='ocrx_word' id='word_1_473' title='bbox 1123 2631 1161 2653; x_wconf 86' lang='lat' dir='ltr'>sc</span> <span class='ocrx_word' id='word_1_474' title='bbox 1170 2621 1244 2653; x_wconf 76' lang='lat' dir='ltr'>sinc</span> <span class='ocrx_word' id='word_1_475' title='bbox 1254 2621 1393 2652; x_wconf 79' lang='lat' dir='ltr'>crimine</span> <span class='ocrx_word' id='word_1_476' title='bbox 1399 2619 1525 2662; x_wconf 73' lang='lat' dir='ltr'>prodit.</span> <span class='ocrx_word' id='word_1_477' title='bbox 1535 2616 1627 2652; x_wconf 77' lang='lat' dir='ltr'>Stat.</span> 
     </span>
     <span class='ocr_line' id='line_1_85' title="bbox 935 2672 1624 2718; baseline -0.004 -11"><span class='ocrx_word' id='word_1_478' title='bbox 935 2684 995 2716; x_wconf 77' lang='lat' dir='ltr'>lx,</span> <span class='ocrx_word' id='word_1_479' title='bbox 1013 2672 1125 2707; x_wconf 89' lang='lat' dir='ltr'>Theb.</span> <span class='ocrx_word' id='word_1_480' title='bbox 1144 2674 1204 2718; x_wconf 88' lang='lat'>757</span> <span class='ocrx_word' id='word_1_481' title='bbox 1230 2685 1238 2707; x_wconf 90' lang='lat'>:</span> <span class='ocrx_word' id='word_1_482' title='bbox 1264 2672 1362 2705; x_wconf 80' lang='lat' dir='ltr'>Male</span> <span class='ocrx_word' id='word_1_483' title='bbox 1379 2672 1539 2705; x_wconf 78' lang='lat' dir='ltr'>dz&#39;leclum</span> <span class='ocrx_word' id='word_1_484' title='bbox 1559 2674 1624 2704; x_wconf 72' lang='lat' dir='ltr'>mi—</span> 
     </span>
     <span class='ocr_line' id='line_1_86' title="bbox 936 2722 1632 2772; baseline -0.006 -13"><span class='ocrx_word' id='word_1_485' title='bbox 936 2738 1019 2760; x_wconf 80' lang='lat' dir='ltr'>serae</span> <span class='ocrx_word' id='word_1_486' title='bbox 1053 2726 1194 2772; x_wconf 80' lang='lat' dir='ltr'>Cydona</span> <span class='ocrx_word' id='word_1_487' title='bbox 1224 2727 1335 2760; x_wconf 83' lang='lat' dir='ltr'>sorori</span> <span class='ocrx_word' id='word_1_488' title='bbox 1355 2722 1456 2769; x_wconf 77' lang='lat' dir='ltr'>dixit3</span> <span class='ocrx_word' id='word_1_489' title='bbox 1479 2723 1538 2758; x_wconf 90' lang='lat' dir='ltr'>ubi</span> <span class='ocrx_word' id='word_1_490' title='bbox 1564 2722 1632 2757; x_wconf 75' lang='lat' dir='ltr'>vid.</span> 
     </span>
     <span class='ocr_line' id='line_1_87' title="bbox 939 2778 1334 2815; baseline -0.008 -1"><span class='ocrx_word' id='word_1_491' title='bbox 939 2778 1170 2815; x_wconf 80' lang='lat' dir='ltr'>Scholiastcn.</span> <span class='ocrx_word' id='word_1_492' title='bbox 1203 2778 1334 2813; x_wconf 77' lang='lat' dir='ltr'><strong>BURM.</strong></span> 
     </span>
    </p>
   </div>
  </div>
 </body>
</html>
