1884 3112
604 228 799 276 PARIS
837 228 1142 276 HELENAE.

1491 233 1577 293 287

232 322 334 391 Ipse
357 332 518 390 potens
541 320 699 374 dubito
721 324 851 373 fortis
872 342 929 373 an
950 341 1044 372 esse
1065 321 1208 372 velim.

169 397 311 449 Dulce
334 397 487 449 Venus
503 400 631 450 risit:
657 423 681 445 «
700 403 794 454 Nec
817 413 881 460 te,
907 400 1030 459 Pari,
1053 417 1236 449 munera
1256 409 1439 463 tangant

234 478 434 543 Utraque
454 479 658 545 suspensi
676 478 808 546 plena
830 478 1021 535 timoris,
1046 477 1120 525 ait.

168 552 267 603 Nos
290 553 492 604 dabimus
517 555 640 622 quod
662 574 779 605 ames
798 572 809 601 ε
830 566 875 604 et
895 553 1090 621 pulchrae
1112 553 1202 602 filia
1223 553 1353 604 Ledae
1539 568 1582 604 85

234 629 329 679 Ibit
351 630 399 679 in
421 631 671 699 amplexus,
695 631 925 698 pulchrior
945 630 1064 697 ipsa,
1091 642 1204 679 tuos.
1234 652 1258 674 »

171 706 299 755 Dixit
318 727 328 756 :
349 719 395 755 et
415 726 468 766 ex
485 726 612 774 aequo
637 707 768 756 donis
791 706 1020 774 formaque
1037 707 1224 774 probata
1238 744 1250 767 ,

234 783 462 833 Victorem
484 784 589 834 caelo
611 783 785 833 rettulit
806 783 882 832 illa
903 783 1073 851 pedem.

169 861 365 918 Interea,
392 861 546 919 credo,
569 861 705 909 versis
728 861 784 908 ad
805 879 1019 927 prospera
1040 860 1167 920 fatis,

236 936 406 1002 Regius
429 954 647 1000 agnoscor
669 955 749 1003 per
771 948 866 985 rata
886 937 1012 1000 signa
1033 956 1157 1004 puer.
1545 963 1589 999 ρο
1632 959 1638 963 ·

172 1015 292 1064 Laeta
314 1013 493 1072 domus,
517 1024 624 1062 nato
647 1032 728 1080 per
745 1025 944 1081 tempora
964 1014 1100 1077 longa
1121 1025 1324 1081 recepto;

236 1091 379 1141 Addit
401 1102 447 1141 et
468 1090 525 1140 ad
542 1090 679 1140 festos
700 1091 819 1141 hunc
845 1111 1023 1160 quoque
1045 1093 1181 1159 Troja
1204 1092 1331 1141 diem.

173 1239 254 1272 §ael
267 1251 300 1272 σε
318 1235 499 1286 κοιρανίην,
517 1239 570 1271 καὶ
583 1235 700 1284 Τρῶῖον
718 1236 779 1278 ἅςυ
796 1250 854 1281 φυ-

262 1289 397 1324 λᾶσσειν·

175 1342 270 1391 Δεῦρὸ
283 1356 316 1376 σε
330 1340 525 1391 retentivum
547 1333 705 1376 cadmum
724 1338 854 1389 ἄνθράσι

267 1395 349 1434 θήσω
359 1418 370 1436 ,

176 1446 300 1486 Μία-στί
315 1460 365 1481 σοι
377 1446 546 1496 βαρύμηνις
560 1445 733 1493 ‘’crepion-tw
745 1442 854 1478 Ἐνυώ.

221 1495 274 1532 83.
291 1498 365 1534 Nec
377 1500 412 1532 te
421 1523 431 1538 ‚
443 1497 530 1531 Pan·
536 1523 545 1538 ‚
562 1509 697 1531 munem
712 1497 858 1539 tangant

176 1551 324 1595 utraque.
342 1548 504 1594 Utraque
517 1560 666 1583 munera
677 1574 687 1591 ‚
705 1547 773 1582 hoc
783 1552 853 1590 est,

176 1613 285 1647 regna
295 1627 306 1646 ,
322 1613 399 1647 quae
414 1600 512 1636 Juno
526 1600 698 1647 promittit
712 1605 769 1635 :et
784 1599 857 1634 vir-

179 1660 236 1689 tus
257 1652 399 1697 bellica,
418 1665 495 1698 quae
517 1665 536 1687 a
557 1652 697 1688 Pallade
718 1663 855 1698 propo-

178 1705 284 1741 nitur.
306 1705 491 1740 MlcYL.—·
512 1704 599 1740 lbid.
620 1707 679 1750 ¹57
692 1731 702 1748 ‚
723 1716 811 1749 sqq:

178 1759 288 1804 Δίξεο,
316 1763 370 1794 καὶ
393 1760 528 1803 πολέμων
557 1759 699 1799 ἐπιλήθεο·
731 1759 857 1801 δέχνυσο

263 1816 381 1862 μ’θτῡν

190 1865 354 1913 Effluet-few,
365 1867 419 1899 καὶ
431 1869 583 1908 σκῆπτρα,
595 1866 648 1898 καὶ
661 1865 766 1901 Δσίδα
783 1861 859 1896 κέλ-

269 1919 334 1950 λικε
348 1922 448 1960 γαῖαν.

176 1962 277 2018 ’Ἔργα
302 1969 402 2012 μᾶθων
427 1969 477 2003 οὐκ
502 1970 583 2002 omn·
606 1971 640 2002 τί
662 1968 719 2016 γὰρ
747 1965 860 2002 σακέων

273 2023 425 2071 Δφροδίτῃ
441 2033 451 2062 ;

184 2078 301 2122 Ayzoetp
318 2075 389 2107 πολὺ
404 2076 516 2117 μᾶλλον
531 2071 706 2120 ἄρις-εὐουσι
718 2075 862 2114 γυναῖκες.

185 2124 271 2164 ’Δντὶ
293 2129 348 2170 μὶν
375 2126 494 2175 ἠνορέης
518 2126 667 2174 ἔρατείνην
689 2123 864 2173 παράκοιτιν

274 2179 406 2214 ἐπιτάσσω·

185 2229 272 2269 ‘Au-:2
287 2234 319 2266 δὲ
330 2233 500 2282 κοιρανίης,
520 2220 632 2268 ἑλίνης
645 2229 782 2269 ἐπιθήσω
798 2228 867 2262 λέκ-

275 2299 361 2330 τρων.

235 2337 288 2372 86.
300 2338 480 2372 Pulchrior
487 2339 572 2381 ipsa.
592 2335 688 2370 Male
705 2333 868 2381 Micyllus

190 2397 227 2426 et
245 2390 380 2426 Bersm.
404 2389 590 2424 ediderunt
600 2390 772 2433 pulchrior
785 2388 866 2427 illa,

191 2450 233 2478 ut
248 2449 285 2478 et
310 2441 420 2478 Aldus
442 2442 480 2476 in
503 2442 617 2488 priore
641 2438 817 2480 editionem
834 2444 871 2473 et

192 2507 377 2542 perperam
386 2493 510 2529 Douza
520 2493 655 2540 probat,
664 2505 706 2527 ex
713 2491 776 2528 illis
786 2491 871 2526 Pro-

193 2548 295 2595 pertii
316 2558 345 2581 11
357 2574 367 2592 ‚
385 2546 483 2593 Eleg.
495 2557 535 2581 v1
547 2572 557 2590 ,
575 2559 612 2580 12
623 2557 632 2580 :

258 2603 338 2629 Tibia
349 2602 452 2627 funesta
464 2601 562 2626 tristior
574 2600 620 2625 iu·
632 2599 703 2625 tuba.

961 1234 1013 1280 87.
1044 1235 1103 1269 Ex
1122 1247 1213 1280 oequo
1234 1234 1332 1270 donis
1358 1240 1423 1269 etc.
1455 1235 1567 1269 Βοιώ·
1578 1241 1592 1276 ,“

918 1285 1077 1330 Helena,
1096 1298 1173 1332 quae
1188 1285 1284 1321 dono
1307 1287 1495 1332 promissa;
1511 1287 1593 1332 for-

917 1353 1052 1385 maque,
1071 1339 1221 1374 Veneris
1241 1339 1310 1374 scil.
1322 1339 1592 1385 pulchritudine.

959 1392 1012 1426 88.
1035 1393 1200 1427 Vt'clorem
1214 1393 1301 1426 coelo
1313 1394 1443 1425 rettulit
1450 1394 1512 1426 illa
1520 1405 1592 1436 pe·-

915 1444 1009 1491 dem.x
1026 1443 1107 1478 Hoc
1120 1450 1171 1478 est
1185 1442 1312 1487 frediit
1327 1443 1364 1477 in
1380 1442 1503 1478 caelum
1520 1443 1594 1478 vic-

916 1494 982 1529 trix
999 1520 1008 1539 ,
1034 1501 1132 1541 parta
1160 1494 1310 1530 victoria.
1342 1496 1493 1530 Battum
1514 1497 1595 1530 inde

910 1548 1030 1591 pedem
1048 1574 1057 1589 ,
1083 1547 1220 1582 volebat
1245 1547 1411 1582 Francius
1427 1559 1436 1582 ε
1452 1546 1519 1583 vid.
1549 1548 1594 1583 ad

919 1600 1026 1646 Epist.
1049 1610 1112 1635 x1v
1124 1627 1134 1644 ,
1153 1601 1204 1645 24.

962 1653 1014 1700 89.
1044 1654 1157 1687 Ver-sis
1171 1653 1223 1687 ad
1227 1665 1388 1697 pmspem
1392 1652 1494 1697 satir.
1519 1651 1597 1688 Diis

917 1705 991 1751 jam
1005 1705 1149 1740 meliora
1165 1703 1208 1739 de
1221 1717 1278 1739 me
1292 1705 1530 1740 statuentibus.
1542 1705 1597 1740 M.

917 1778 962 1785 —
971 1758 1049 1793 Sem
1058 1760 1164 1792 versis·
1172 1759 1223 1792 ad
1222 1770 1381 1802 prospera
1383 1757 1484 1802 satis.
1489 1755 1596 1792 Haud

918 1809 1094 1856 inelegans
1108 1810 1310 1855 conjectura
1324 1816 1376 1845 est
1391 1808 1597 1844 Medenba-

920 1862 989 1899 chii
1007 1862 1200 1897 Wakkeri.

965 1927 1018 1962 9⁰·
1041 1916 1112 1949 Per
1132 1918 1210 1949 rata
1238 1917 1346 1959 signa.
1377 1913 1449 1948 Hic
1475 1913 1599 1948 Douza

923 1967 1058 2002 volebat
1091 1966 1244 2001 inserere
1278 1965 1448 2000 distichon
1485 1964 1571 2000 illud
1588 1991 1599 2009 ‚

924 2018 1019 2065 quod
1039 2031 1130 2065 supr.
1152 2029 1175 2053 v
1194 2044 1205 2061 ‚
1242 2019 1280 2052 51
1306 2030 1315 2052 :
1339 2019 1459 2051 Fbrma
1482 2020 1602 2061 vigor-

925 2085 986 2117 que
1009 2077 1072 2105 etc.
1101 2069 1201 2115 Quid
1213 2081 1297 2104 vero
1313 2068 1356 2103 ad
1369 2081 1446 2103 rem
1461 2075 1603 2115 pertur—

925 2122 1020 2158 batio
1036 2121 1136 2157 haec?

970 2188 1024 2223 9¹·
1047 2176 1116 2208 Per
1121 2177 1268 2218 tempora
1277 2174 1386 2217 longa.
1401 2172 1493 2219 Lege
1506 2198 1516 2217 ‚
1524 2176 1608 2217 post

929 2232 1077 2273 tempora
1100 2229 1201 2272 longa
1228 2230 1369 2271 recepto.
1390 2225 1522 2261 Hnms.
1550 2226 1604 2260 lta

928 2287 965 2317 et
983 2280 1107 2315 Douza
1121 2285 1156 2314 et
1172 2278 1358 2314 Francius:
1373 2276 1433 2313 sed
1442 2290 1510 2323 per
1520 2282 1606 2313 tem-

924 2345 1011 2379 pora
1025 2339 1129 2368 recte.
1155 2332 1284 2367 Burm-

968 2383 1430 2434 92.Add1‘tetadseslos.Hoc
1436 2390 1499 2427 est,
1511 2395 1608 2418 eum-

933 2451 1000 2485 que
1012 2437 1107 2472 diem
1115 2463 1124 2481 ,
1137 2449 1206 2482 quo
1217 2436 1351 2482 agnitus
1366 2436 1432 2479 sui,
1445 2447 1508 2481 pro
1522 2436 1610 2470 sesto

933 2490 1119 2527 celebrant.
1134 2489 1282 2523 Addidit
1291 2489 1341 2522 ad
1349 2500 1468 2533 margo
1478 2487 1611 2534 Micyll.

935 2551 971 2579 et
979 2540 1237 2586 Bersm.fistas
1249 2539 1356 2575 Palat.
1366 2552 1374 2574 :
1385 2545 1419 2574 et
1430 2546 1513 2573 tunc
1523 2541 1612 2574 hanc

934 2593 1124 2641 legendum
1141 2598 1236 2628 esset.
1252 2591 1400 2637 Elegans
1417 2603 1501 2625 vero
1521 2590 1612 2625 locu-

197 2651 419 2687 Concinnior
434 2650 502 2685 erit
516 2649 642 2694 lectio,
671 2648 700 2684 si
722 2648 875 2693 probatae
937 2647 987 2682 tio
1007 2647 1130 2681 addere
1145 2646 1210 2685 ad,
1226 2657 1293 2690 qua
1310 2650 1344 2678 et
1367 2655 1446 2676 usus
1467 2641 1616 2678 Sueton.

196 2716 354 2751 reponas.
371 2703 430 2739 sic
452 2703 542 2738 infra
565 2702 649 2737 203:

306 2759 412 2787 Connus
420 2758 503 2787 soma
517 2758 651 2785 Menelao
662 2763 688 2785 et
697 2757 786 2784 umis.
803 2757 840 2783 Η.

942 2699 1029 2736 Caes.
1042 2700 1100 2743 24:
1110 2692 1172 2733 Ad'
1177 2699 1339 2741 legiones,
1356 2707 1440 2740 quas
1449 2707 1472 2729 a
1484 2696 1615 2739 Repub.

941 2754 1117 2798 acceperat
1129 2777 1138 2794 ,
1162 2751 1252 2785 alias
1271 2749 1412 2784 addidit.
1429 2745 1535 2793 Calig.
1554 2748 1618 2791 40:
