1884 3112
631 768 1056 827 EPISTOLAE
1093 773 1370 831 SEXTAE

742 929 1265 975 ARGUMENTUM.

356 1082 487 1135 Quum
508 1085 550 1125 in
569 1084 790 1126 Colchidem
806 1115 818 1137 ‚
844 1086 963 1127 vellus
982 1101 1137 1126 aureum
1165 1086 1278 1127 Peliae
1296 1086 1404 1141 jussu
1424 1085 1609 1128 relaturus
1627 1087 1711 1129 vela

302 1155 405 1195 daret
420 1157 560 1206 Jason,
579 1156 677 1195 inter
696 1156 944 1212 navigandum
961 1157 1135 1196 Lemnon
1154 1156 1296 1210 adpulit
1307 1187 1318 1208 ‚
1337 1156 1402 1197 ubi
1415 1157 1461 1197 ab
1476 1157 1685 1212 Hypsipyle
1698 1187 1711 1209 ‚

302 1240 387 1278 quae
416 1240 575 1282 regnum
610 1226 663 1266 ibi
692 1226 885 1267 obtinebat
898 1256 909 1277 ‚
931 1227 1122 1280 hospitio,
1146 1227 1322 1280 lectoque
1355 1228 1471 1268 amice
1503 1236 1680 1282 exceptus
1696 1257 1708 1278 ‚

300 1295 396 1335 duos
429 1310 547 1337 annos
578 1296 700 1351 exegit
722 1326 734 1347 ,
769 1296 912 1338 ovidio
931 1305 1052 1348 teste,
1084 1296 1279 1338 Colchidis
1305 1312 1462 1351 prorsus
1495 1306 1533 1338 et
1559 1297 1707 1338 velleris

299 1364 509 1405 immemor.
542 1366 618 1406 Sed
636 1366 861 1406 instantibus
884 1366 1019 1415 sociis,
1041 1381 1088 1406 ne
1115 1366 1186 1406 sibi
1211 1375 1250 1406 et
1267 1366 1352 1408 fatis
1373 1367 1519 1408 deesset
1541 1366 1681 1407 diutius
1695 1395 1710 1418 ,

298 1435 485 1490 gravidam
510 1436 746 1491 Hypsipylen
763 1436 940 1489 reliquit,
954 1435 1162 1477 rediturum
1177 1451 1216 1477 se
1231 1438 1406 1477 Lemnon
1418 1466 1430 1486 ,
1450 1445 1489 1477 et
1503 1436 1706 1477 ducturum

296 1519 450 1546 uxorem
485 1507 624 1546 iterum
654 1515 766 1560 atque
795 1506 934 1546 iterum
974 1507 1179 1560 pollicitus.
1221 1507 1297 1547 Sed
1317 1508 1381 1551 vix
1403 1506 1571 1548 Colchos
1590 1506 1708 1548 adve—

296 1575 433 1615 nientis
456 1591 583 1617 amore
601 1577 752 1616 incensa
767 1576 920 1626 Medea,
942 1575 1070 1615 AEetae
1090 1576 1189 1629 regis
1209 1575 1282 1615 filia
1297 1606 1309 1626 ‚
1334 1577 1485 1629 sopito,
1500 1576 1571 1629 vqui
1586 1575 1710 1618 vellus

295 1645 527 1685 custodiebat
542 1676 555 1696 ,
589 1647 775 1696 dracone,
800 1646 993 1698 taurisque
1029 1644 1210 1695 subactis,
1238 1658 1391 1684 aureum
1422 1645 1541 1687 vellus
1571 1645 1707 1685 ,Iasoni

293 1713 465 1766 tradidit,
486 1724 524 1755 et
542 1730 627 1755 cum
644 1716 728 1770 ipso
745 1723 870 1756 avecta
882 1745 894 1766 ‚
916 1716 956 1754 in
972 1714 1201 1755 Thessaliam
1224 1714 1386 1755 devenit.

348 1786 448 1834 Quae
467 1801 584 1839 quum
603 1786 814 1840 Hypsipyle
833 1785 932 1825 sorte
957 1785 1168 1826 rescivisset
1181 1814 1193 1835 ‚
1216 1785 1312 1825 hanc
1337 1783 1550 1838 Epistulam
1569 1783 1705 1824 Jasoni

293 1854 409 1894 mittit
424 1884 436 1905 ‚
464 1869 538 1907 qua
566 1863 605 1895 et
629 1855 792 1909 perfidiae
820 1856 967 1911 arguit,
995 1863 1033 1894 et
1055 1870 1140 1908 quae
1159 1855 1251 1894 mala
1274 1854 1471 1894 imminent
1500 1854 1705 1894 ominatur.

292 1925 404 1964 Plura
419 1924 465 1964 de
477 1925 686 1979 Hypsipyle
697 1925 796 1979 apud
811 1924 941 1979 Apoll.
957 1925 1085 1965 Rhod.
1106 1937 1135 1965 Ι.
1146 1946 1200 1955 -
1214 1926 1308 1964 Stat.
1330 1923 1452 1964 Theb.
1474 1935 1521 1963 lv
1539 1931 1577 1964 et
1589 1934 1631 1962 v.
1647 1945 1703 1953 —

296 1994 420 2034 Valet.
440 1995 561 2036 Flacc.
592 2007 639 2035 11.
659 2018 713 2026 —
732 1995 916 2050 Apollod.
939 2006 976 2047 Ι,
995 2009 1043 2049 9;
1069 2006 1143 2047 111,
1167 1993 1206 2035 6.
1223 2016 1278 2027 —
1296 1994 1440 2051 Hygin.
1472 1992 1543 2044 15,
1565 1993 1629 2047 74.
