1884 3112
282 252 362 296 130

728 255 1083 302 EPISTOLA
1123 258 1211 306 VI.

338 343 419 393 Illa
440 343 558 393 volat
577 363 587 393 τ
608 357 763 394 ventus
787 366 974 396 concava
996 347 1091 397 vela
1114 335 1254 398 tenet.-

276 411 445 470 Caerula
466 421 687 488 propulsae
711 423 971 471 subducitur
989 423 1108 472 unda
1130 425 1316 474 carinae·

336 499 471 563 Terra
494 498 598 555 tibi,
623 498 755 545 nobis
778 498 1081 564 adspiciuntur
1101 519 1238 566 aquae.

273 576 327 622 In
349 573 463 621 latus
489 592 617 621 omne
639 585 795 639 patens
819 575 952 627 turris
975 576 1269 643 circumspicit
1288 577 1453 627 undas:

334 651 436 699 Huc
459 650 597 710 feror3
621 663 666 699 et
685 650 874 700 lacrimis
899 671 1036 719 osque
1059 654 1269 720 sinusque
1290 655 1477 704 madent.
1630 683 1678 718 '7⁰

269 727 354 775 Per
375 725 574 774 lacrimas
597 739 774 793 specto;
799 728 1056 795 cupidaeque
1075 728 1263 794 faventia
1284 731 1419 779 menti

330 803 527 864 Longius
549 803 730 852 adsueto
754 803 919 853 lumina
938 817 1090 854 nostra
1111 806 1273 855 vident.

267 879 398 928 Addo
421 899 570 946 preces
593 892 753 941 castas,
779 881 1064 948 immixtaque
1084 895 1187 932 vota
1210 885 1383 943 timori,

329 958 459 1005 Nunc
482 976 660 1023 quoque
684 968 726 1005 te
747 956 865 1006 salvo
888 958 1181 1024 persoluenda
1203 961 1325 1008 mihi.

265 1032 383 1080 Vota
404 1052 485 1095 ego
507 1032 780 1098 persolvam?
800 1034 915 1082 votis
934 1034 1090 1084 Medea
1111 1035 1310 1084 fruatur?
1629 1054 1672 1101 75

331 1109 422 1157 Cor
445 1107 589 1166 dolet;
613 1120 743 1174 atque
765 1109 831 1157 ira
851 1110 1015 1158 mixtus
1033 1111 1229 1160 abundat
1247 1131 1381 1161 amor.

265 1183 394 1234 Dona
415 1185 551 1234 feram
569 1185 766 1252 templis,
791 1185 937 1234 vivum
955 1186 1077 1252 quod
1098 1188 1254 1236 Iasona
1270 1189 1479 1255 perdam?
1545 1222 1546 1227 =

330 1261 489 1309 Hostia
510 1279 592 1327 pro
612 1260 781 1308 damnis
805 1261 1009 1310 concidat
1029 1262 1115 1311 icta
1136 1263 1273 1312 meis?

263 1388 406 1424 doctum
433 1395 626 1424 amatorem
651 1388 863 1425 exhiberent.
886 1389 936 1424 At

254 1440 410 1489 ,Ovidius
432 1441 542 1486 aptius
566 1441 687 1487 fingit,
715 1448 752 1475 et
768 1440 934 1475 decorum

251 1485 370 1538 ⁴magis
388 1493 503 1528 fraudi
528 1493 728 1540 Hypsipylae
748 1493 790 1527 ab
804 1492 934 1528 Jasone

260 1545 375 1588 sactae,
399 1558 482 1580 eum
501 1548 651 1579 coactum
670 1544 712 1578 ab
730 1544 881 1579 Hercule
899 1550 934 1578 et

260 1596 332 1630 aliis
347 1621 356 1639 ,
397 1598 546 1629 ultimum
571 1594 714 1629 tandem
738 1594 775 1628 in
806 1607 933 1628 navem

260 1647 488 1692 compulsum.
501 1645 660 1680 Valerius
670 1671 680 1689 ,
696 1645 775 1680 licet
785 1658 858 1679 non
873 1659 934 1680 ex-

260 1698 383 1744 pressis
408 1697 520 1732 verbis
546 1696 636 1732 dicat
661 1697 828 1731 Jasonem
851 1696 934 1731 ulti-

259 1763 361 1785 mum
379 1748 613 1785 conscendisse
627 1775 636 1792 ,
660 1748 793 1795 haesisse
813 1756 932 1783 tamen

259 1815 341 1837 cum
369 1800 514 1836 Castore
545 1807 580 1836 et
606 1800 746 1835 Polluce
760 1827 769 1843 ,
804 1800 932 1836 diutius

258 1853 398 1899 reliquis
414 1852 623 1899 Argonautis
635 1878 644 1896 ,
671 1852 931 1898 in.amplexibus

261 1904 493 1940 Lemniadum
503 1931 512 1948 ,
524 1904 640 1939 innuit
651 1930 661 1948 ,
678 1904 733 1938 lib.
744 1915 773 1938 11
783 1930 792 1948 ,
804 1906 876 1948 425.
889 1904 930 1938 B.

302 1957 355 1991 66.
368 1959 436 1991 Illa
449 1958 552 1991 volat.
567 1955 699 1990 Alludit
716 1955 758 1990 ad
775 1956 931 2003 Etymon

257 2008 406 2054 'Ap-york,
424 2020 500 2054 quae
509 2007 636 2042 idcirco
649 2010 719 2042 ct'ta
734 2008 829 2042 navis
839 2020 857 2042 a
868 2020 931 2041 ve-

259 2061 389 2095 teribus
406 2060 497 2095 dicta
518 2067 580 2095 est.
604 2058 708 2094 Clor.
729 2078 774 2085 —
804 2062 929 2094 Ventus

257 2124 407 2147 concaua
423 2114 501 2146 vela
522 2116 621 2146 tenet.
646 2111 773 2157 Implet
787 2112 879 2156 vela,
895 2112 932 2146 in

259 2164 351 2199 orbis
367 2163 515 2198 modum
527 2165 722 2198 tumefacta.

301 2215 355 2261 67.
371 2216 573 2250 subducitur
580 2217 670 2250 unda
680 2218 813 2250 can‘nae.
827 2215 884 2252 Sic
895 2223 930 2251 et

260 2266 352 2312 apud
366 2267 464 2313 Virg.
480 2267 620 2302 AEneid.
637 2279 682 2302 111
692 2294 701 2312 ‚
722 2268 806 2312 564:

258 2326 388 2351 Tollimur
404 2327 431 2351 in
441 2328 529 2352 celum
538 2346 546 2359 ,
561 2333 668 2353 curvato
680 2328 779 2360 gurgite
789 2337 797 2360 ;
813 2334 839 2353 et
850 2327 929 2353 iidem

257 2375 397 2401 Subducta
409 2375 442 2400 ad
453 2384 539 2400 manes
551 2376 615 2400 imos
629 2376 720 2401 descen

302 2437 319 2468 7
326 2437 352 2457 1.
365 2424 722 2470 Cupidoequefaventia
729 2428 837 2461 menti
842 2426 928 2459 lon-

254 2477 331 2523 gius
345 2481 408 2510 etc.
425 2476 494 2520 Ipsi
512 2476 620 2520 oculi,
644 2489 842 2522 quanquam
868 2476 926 2510 la-

256 2526 371 2560 crimis
386 2527 546 2571 obducti,
565 2528 664 2562 solito
681 2528 814 2574 longius
829 2541 928 2573 pros-

257 2577 369 2620 picere
400 2578 607 2613 videbantur
619 2606 628 2624 ,
659 2581 753 2626 quasi
769 2581 929 2625 faverent

258 2627 446 2674 Hypsipilae
458 2657 466 2673 ,
486 2643 591 2675 quam
607 2632 801 2678 longissime
818 2632 926 2666 Jaso—

257 2689 342 2712 nem
357 2681 516 2726 subsequi
531 2683 714 2727 exoptanti.

308 2743 358 2775 72.
371 2731 472 2766 Addo
479 2746 598 2776 preces
609 2739 725 2769 castas
736 2741 799 2770 etc.
816 2735 925 2770 Recte

722 2376 807 2401 dimus
824 2377 905 2401 unda.

998 1394 1114 1425 castas
1123 1402 1138 1434 ,·
1164 1404 1251 1427 uxor
1265 1393 1362 1428 enim
1383 1393 1523 1440 conjugi
1539 1393 1670 1440 adpre-

999 1442 1150 1478 cabatur.
1162 1461 1206 1469 —-
1218 1446 1437 1491 Imma-laque
1451 1450 1533 1480 vola
1543 1449 1669 1489 lt'mon'5

999 1494 1118 1529 timide
1134 1503 1308 1542 suscepta,
1325 1497 1369 1531 oh
1382 1497 1496 1543 ipsum
1509 1496 1602 1543 quod
1611 1510 1672 1533 re-

997 1544 1204 1581 formidabat
1216 1561 1278 1592 per
1278 1545 1419 1583 iculum.

1042 1598 1092 1641 75.
1115 1599 1202 1631 Vota
1212 1611 1274 1642 ego
1277 1600 1475 1652 persolvam
1471 1600 1488 1625 Ρ
1494 1600 1520 1635 J
1520 1613 1582 1635 ure
1593 1599 1672 1647 qui-

997 1646 1079 1683 dem
1098 1648 1310 1694 indignantis
1332 1642 1429 1694 liaec,
1460 1657 1497 1685 et
1523 1663 1599 1696 quae
1614 1664 1672 1686 se-

996 1706 1157 1744 quentur.
1181 1700 1279 1745 Quid
1294 1701 1390 1735 enim
1403 1701 1589 1748 indignum
1598 1715 1670 1737 ma-

996 1751 1045 1797 gis
1058 1777 1067 1795 ,
1087 1764 1192 1796 quam
1207 1759 1287 1787 vota
1308 1753 1440 1788 solvere
1462 1753 1670 1801 Hypsipilen

995 1815 1059 1847 pro
1069 1802 1177 1838 salute
1193 1804 1218 1838 J
1220 1804 1343 1849 asonis,
1359 1804 1446 1840 dum
1461 1804 1553 1841 salvo
1573 1805 1671 1840 frue-

998 1861 1055 1888 tur
1073 1853 1229 1893 Medea?

1039 1905 1089 1951 76.
1105 1907 1169 1940 Iroe
1179 1910 1314 1942 mixtus.
1323 1908 1396 1951 Ira,
1413 1907 1491 1942 libri
1502 1908 1574 1944 sere
1589 1919 1669 1943 om-

994 1968 1067 1992 nes.
1082 1958 1214 1993 Hunis.

1039 2009 1324 2054 77.Donaferam.
1343 2011 1442 2052 Tura,
1456 2010 1666 2055 Gronovius,

994 2071 1070 2104 quae
1085 2067 1136 2095 est
1147 2061 1253 2108 glossa
1262 2068 1314 2097 τοῦ
1327 2064 1416 2096 dona
1422 2075 1435 2106 ‚·
1452 2075 1528 2107 quae
1537 2075 1614 2106 vox,
1631 2070 1668 2097 et

995 2120 1086 2157 tura,
1103 2120 1138 2148 et
1148 2114 1266 2148 omnia
1279 2127 1356 2160 quae
1367 2114 1442 2150 Diis
1455 2114 1666 2159 offeruntur,

995 2165 1244 2201 notat.Bunm.
1276 2183 1280 2188 ¹

1038 2218 1088 2262 78.
1114 2219 1238 2252 Hostia
1260 2230 1323 2261 pro
1349 2219 1481 2252 damnis
1509 2219 1670 2253 concavat

993 2271 1064 2303 icta
1075 2272 1157 2303 meis
1169 2269 1179 2303 l
1194 2269 1321 2304 Melius
1336 2271 1502 2311 concidat,
1515 2281 1579 2314 pro
1590 2282 1665 2304 con·

993 2323 1085 2355 cc'del
1091 2332 1104 2362 ,·
1119 2321 1166 2356 sic
1177 2320 1257 2355 etin
1269 2320 1414 2366 praeced.
1428 2333 1515 2355 vers.
1523 2322 1664 2365 perdam

992 2385 1056 2418 pro
1066 2374 1188 2416 perdo,
1218 2379 1254 2408 et
1275 2372 1377 2418 paulo
1398 2378 1500 2416 ante,
1517 2372 1663 2417 fruatur.

993 2424 1156 2459 Senserat
1168 2451 1178 2468 ,
1198 2431 1233 2458 et
1256 2422 1511 2458 restituendum
1533 2422 1664 2458 curavit

991 2476 1169 2519 Heinsius,
1178 2476 1275 2519 cujus
1290 2475 1432 2521 quidem
1443 2473 1571 2521 ingenii
1580 2486 1663 2508 acu—

991 2540 1073 2563 men
1084 2554 1093 2571 ,
1112 2528 1196 2562 etin
1212 2526 1433 2562 emendando
1444 2524 1660 2571 sagacitatem

989 2579 1269 2624 spectatissimam
1291 2578 1369 2613 satis
1383 2588 1562 2621 nunquam
1577 2575 1661 2609 lau—

990 2631 1123 2666 daveris
1134 2657 1143 2675 ‚
1157 2630 1212 2664 vel
1228 2643 1337 2675 quum
1353 2627 1519 2675 quidquid
1531 2638 1660 2672 propo·
1707 2644 1711 2654 =

988 2683 1095 2717 suerit
1106 2709 1116 2727 ,
1134 2695 1206 2717 non
1217 2681 1296 2718 ideo
1307 2678 1563 2716 admittendum
1574 2689 1661 2713 cen-

987 2748 1106 2770 suems.
