1884 3112
315 271 400 319 332

722 273 1078 319 EPISTOLA-
1105 272 1306 322 XVIII.
1341 288 1344 291 ’

311 368 374 415 At
397 378 447 415 tu
469 366 523 415 de
547 362 713 433 rapidis
734 367 1144 430 immansuetissime
1169 370 1341 428 ventis-‚¹

377 443 501 507 Quid
522 462 691 492 meeum
711 456 827 493 certa
850 443 999 511 praelia
1020 457 1166 494 mente
1191 446 1340 508 geris?

311 522 365 569 In
387 540 475 578 me,
499 521 536 568 si
559 522 722 581 nescis,
746 523 910 582 Borea,
935 541 1026 588 non
1050 540 1251 589 aequora,
1278 522 1418 571 saevis.'

377 596 500 660 Quid
521 597 708 658 faceres,
735 612 850 649 esset
871 600 918 648 ni
944 599 1028 648 tibi
1048 610 1183 647 notus
1208 608 1354 646 amor.
1343 599 1363 632 9
1522 621 1541 628 ··
1680 612 1724 657 4ο

308 674 418 721 Tam
434 673 602 736 gelidus
617 695 754 742 quum
770 677 852 734 sis,
873 696 966 724 non
986 689 1027 726 te
1054 688 1222 735 tamen,
1250 675 1475 743 improbe,
1502 668 1725 742 qumdffin

373 752 560 813 Ignibus
581 754 742 801 Actaeis
764 754 997 803 incaluisse
1020 773 1169 817 negas.

311 827 482 878 Gaudia
503 842 685 897 rapturo
711 831 750 878 si
774 832 874 897 quis
898 832 982 879 tibi
1005 831 1203 880 claudere
1226 830 1356 880 vellet

371 907 529 955 Aerios
553 908 718 966 aditus,
744 928 835 974 quo
857 919 1054 975 paterere
1077 909 1243 958 modo?

310 981 466 1042 Parce,
492 1003 670 1050 precor3
693 984 949 1052 facilemque
972 1006 1099 1035 move
1121 987 1388 1048 moderatius
1410 1004 1572 1035 auram.
1679 991 1724 1045 425

372 1062 564 1127 Imperet
588 1062 868 1128 Hippotades
889 1063 952 1111 sic
975 1064 1058 1111 tibi
1080 1063 1204 1112 triste
1221 1063 1361 1111 nihil!

305 1142 430 1188 Vana
452 1151 557 1206 peto
576 1177 587 1199 ,
612 1141 907 1208 precibusque
930 1142 1038 1190 meis
1064 1142 1369 1190 obmurmurat
1391 1141 1512 1206 ip'se3

373 1221 584 1286 Quasque
611 1219 772 1285 quatit,
798 1219 920 1268 nulla
942 1231 1065 1286 parte
1091 1230 1261 1267 coercet
1282 1230 1430 1284 aquas.

305 1300 436 1347 Nunc
463 1298 586 1346 daret
609 1297 793 1346 audaces
817 1298 986 1346 utinam
1007 1297 1117 1345 mihi
1141 1295 1349 1344 Daedalus
1370 1295 1483 1344 alas!

371 1375 561 1424 Icarium
586 1375 786 1441 quamvis
809 1375 881 1424 hic
904 1394 1046 1442 prope
1069 1374 1175 1423 litus
1200 1373 1335 1422 adest.
1647 1364 1653 1379 ³
1680 1387 1724 1421 50

346 1535 399 1581 39.
420 1537 462 1569 In
487 1548 539 1569 mc
553 1538 589 1569 si
605 1538 733 1577 nescis,
768 1537 886 1571 Borea
917 1543 982 1571 etc.

306 1586 461 1621 Musaeus
476 1613 485 1630 ,
504 1587 569 1620 320
588 1600 596 1622 ι

302 1639 430 1674 nomm
440 1643 494 1681 μέν
505 1639 656 1674 imaum
668 1643 854 1680 θαλασσαιήν
869 1638 981 1688 Ἀφρο-

396 1694 491 1730 ‹Pir-qv·

303 1743 433 1778 Πολλάκι
447 1741 476 1776 δ’
492 1742 578 1776 &urb-1
590 1744 701 1777 ἄνακτα
712 1743 908 1778 Ποσειδάωνα
926 1751 982 1779 θα·-

395 1795 518 1834 λάπης·

303 1846 439 1884 ’Aveld'oq
466 1848 496 1881 οὐ
527 1847 634 1894 Βορέην
671 1846 832 1890 ἀμνήμονα
861 1847 981 1883 κάλλιπε

390 1901 516 1944 νύμᾳης.

303 1949 396 1987 Ἀλλά
415 1954 441 1985 οἱ
457 1954 535 1988 οὔτις
547 1951 666 1999 ἅρηγεν,
677 1945 764 1999 Ε’ρως
776 1950 803 1985 δ’
818 1954 866 1986 οὐκ
880 1956 981 2002 ἤρκειζε

393 2007 511 2051 μοίρας.

306 2055 398 2090 Nota
407 2053 519 2087 sabula
528 2052 867 2099 Orithyae,Erechtei
875 2054 982 2089 Athe-

306 2118 434 2140 narum
442 2105 530 2150 regis
538 2105 763 2150 antiquissimi
776 2105 866 2150 filiae,
875 2114 981 2152 raptae

305 2173 324 2193 a
341 2159 477 2199 Borea;
504 2171 544 2191 ex
562 2156 721 2202 Apollod.
738 2169 805 2202 111,
835 2160 896 2201 15;
921 2159 981 2193 ubi

304 2211 372 2245 vid.
391 2209 522 2256 Heynii
536 2236 545 2253 ,
570 2210 651 2245 Not.
672 2210 767 2244 Part.
788 2220 836 2254 11,
856 2224 888 2256 p.
906 2211 980 2255 334.

305 2282 348 2289 -·
367 2265 443 2298 Non
466 2276 595 2307 oequora
615 2266 720 2296 saevis.
749 2264 860 2298 Vetus
879 2263 980 2298 lectio

305 2315 417 2350 deleta
441 2314 578 2360 penitus
604 2315 640 2348 in
667 2315 860 2349 Puteaneo.
883 2315 980 2361 Opi-

306 2380 385 2410 nor,
400 2380 461 2400 nec
474 2369 509 2400 ia
519 2379 657 2410 oequora,
675 2366 789 2408 suisse;
803 2367 980 2412 quomodo

306 2420 461 2464 quinque
478 2418 604 2463 scripti.
621 2418 755 2454 HEINS.

349 2474 402 2516 4ι.
426 2473 508 2505 Tam
520 2472 651 2515 gelidus
659 2484 754 2516 quum
763 2474 814 2505 sis
825 2477 889 2506 etc.
900 2471 979 2517 Ipso

306 2525 420 2559 Borea
436 2526 592 2568 gelidior,
619 2525 677 2569 qui
700 2524 778 2558 talia
801 2524 837 2558 in
860 2524 918 2559 tali
940 2537 978 2558 re

309 2577 471 2611 Leandro
488 2578 523 2610 in
544 2585 701 2611 mentem
723 2578 886 2611 obvenire
908 2589 978 2622 po-

306 2630 409 2663 tuisse
438 2629 592 2663 credidit.
619 2648 662 2654 —-
688 2630 816 2663 Acloellr
838 2631 979 2672 tgrmbus.

310 2681 417 2725 Quia,
431 2688 470 2715 ut
488 2680 594 2715 modo
606 2681 764 2726 diximus,
779 2694 819 2714 ex
833 2681 978 2715 Athenis

309 2731 469 2778 Orithya.

352 2785 402 2826 42.
429 2786 553 2828 libeas.
579 2785 766 2829 Francius,
790 2795 911 2829 negem
939 2791 977 2818 ut

1049 1535 1158 1581 Epist.
1170 1546 1216 1569 111
1229 1562 1238 1579 ,
1261 1549 1273 1569 1
1282 1549 1319 1569 12
1333 1547 1341 1571 :
1357 1534 1463 1580 quiet
1473 1533 1581 1581 priori
1595 1540 1698 1570 versu
1709 1559 1721 1579 ,

1046 1602 1123 1623 num
1139 1592 1172 1621 le
1187 1592 1299 1622 lamen
1314 1588 1491 1633 probabat.

1090 1641 1142 1682 43.
1162 1641 1448 1682 Gaudt'araplum.
1457 1640 1596 1679 Laluro',
1610 1637 1721 1673 Gron.

1090 1694 1142 1735 44.
1166 1692 1289 1726 Aerios
1312 1693 1436 1726 adtsslus
1469 1690 1719 1777 Famesianus,

1045 1744 1169 1778 Aerios
1179 1748 1307 1788 portus.

1089 1795 1141 1839 46.
1164 1797 1383 1839 Hippolades.
1414 1797 1471 1830 Δυυ
1506 1798 1618 1830 Αἴολοι·
1641 1797 1721 1833 οὗτος

1045 1850 1101 1902 μὲν
1122 1840 1260 1882 irmina
1286 1853 1338 1882 τοῦ
1366 1851 1541 1891 Μίμαντος,
1568 1860 1662 1903 ετερσς
1689 1849 1721 1880 δὲ

1045 1903 1175 1939 Ελληνος
1189 1924 1198 1942 ,
1227 1899 1256 1937 ἒς
1284 1900 1319 1939 ἦν
1346 1901 1436 1941 Διὲς,
1464 1902 1499 1933 οὔ
1516 1903 1569 1933 καὶ
1593 1890 1721 1937 Beieo'oc

1046 1954 1164 1996 μέμνῃ·
1152 1967 1211 1986 ,exc-
1229 1950 1343 1985 Schol.
1360 1950 1396 1984 in
1415 1949 1540 1997 Odyss.
1557 1956 1605 1993 K,
1630 1963 1660 1984 2.
1677 1967 1721 1976 -·

1045 2004 1208 2038 Priorem
1240 2015 1322 2049 ergo
1352 2001 1505 2048 intellige
1536 2011 1619 2037 eum
1632 2028 1642 2046 ,
1676 2001 1720 2036 ad

1046 2069 1152 2102 quem
1177 2055 1313 2102 Ulysses
1329 2055 1425 2090 venit
1439 2055 1533 2089 inter
1551 2052 1720 2100 navigalsss

1046 2109 1131 2143 dum
1146 2135 1154 2152 ,
1170 2108 1228 2153 qui
1244 2108 1355 2144 ventis
1366 2107 1577 2153 imperabat:
1595 2106 1638 2141 de
1649 2119 1719 2152 quo

1046 2161 1172 2196 eodem
1192 2169 1226 2195 et
1247 2160 1302 2195 hic
1317 2160 1452 2194 dicitur.
1475 2158 1639 2193 Alterum
1656 2172 1720 2193 au-

1044 2221 1118 2248 tem
1147 2220 1282 2259 patrem
1315 2211 1512 2255 Salmonei,
1544 2208 1688 2245 Crethei
1705 2236 1717 2255 ‚

1045 2265 1203 2313 Sisyphi,
1218 2263 1438 2299 Athamantis
1451 2270 1485 2298 et
1497 2269 1695 2298 ceterorum
1705 2288 1716 2307 ,

1045 2317 1088 2352 de
1105 2318 1228 2362 quibus
1243 2316 1367 2363 passim
1382 2315 1419 2350 in
1434 2312 1556 2350 sabulis
1572 2314 1718 2350 mentio.

1088 2372 1140 2415 47.
1166 2372 1360 2413 Vanapeto.
1374 2367 1502 2413 Regius
1514 2373 1549 2401 et
1565 2366 1635 2400 duo
1643 2366 1717 2410 alii,

1038 2431 1160 2467 precor
1168 2434 1180 2465 ;
1207 2427 1247 2455 ut
1266 2421 1310 2455 sit
1338 2418 1497 2466 repetitio
1520 2418 1719 2454 Ovi'diana·
1710 2444 1720 2452 .

1037 2487 1170 2518 precor,
1186 2475 1402 2517 precibusque
1424 2474 1507 2506 meis·
1523 2473 1716 2506 obmurm-

1045 2531 1110 2561 rat.
1127 2526 1257 2560 Bunm.

1087 2580 1140 2612 50.
1150 2580 1219 2612 Hic
1224 2590 1338 2622 prope.
1350 2576 1530 2620 Francius,
1541 2576 1718 2619 haudpm-

1043 2633 1101 2664 cul
1106 2632 1320 2675 oequorabest
1327 2643 1337 2663 .·
1348 2631 1411 2663 hoc
1416 2638 1519 2673 prope
1529 2630 1611 2662 liius
1620 2628 1720 2660 abest

1043 2681 1251 2716 Bersmanni
1266 2680 1383 2716 codex.
1401 2679 1534 2714 Eadem
1551 2678 1693 2713 varietas
1703 2703 1714 2722 ‚

1041 2732 1098 2767 lib.
1109 2744 1138 2767 11
1151 2760 1160 2778 ,
1177 2733 1253 2767 Art.
1267 2745 1323 2767 10:
1337 2734 1386 2766 Et
1393 2735 1506 2775 longe,
1522 2734 1711 2775 quempclo,

1036 2789 1154 2828 portus
1166 2788 1265 2819 abest
1275 2798 1287 2829 ,·
1305 2791 1339 2818 et
1357 2782 1446 2829 apud
1467 2782 1577 2817 Cicer.
1596 2794 1659 2827 pro
1675 2781 1715 2816 L,
