1884 3112
308 277 393 337 278

749 275 1093 322 EPISTOLA
1130 279 1243 325 XV.
1280 280 1283 285 ’

302 357 538 416 Νοιιὴιὶἰιὶ
559 367 827 433 respondent
849 379 1014 417 veteres
1036 369 1083 417 in
1107 369 1294 418 carmina
1312 370 1449 420 vires:

367 442 536 492 Plectra
561 443 713 492 dolore
737 456 903 502 tacent;
927 457 1046 493 muta
1067 445 1215 495 dolore
1236 446 1327 513 lyra
1349 460 1427 496 est.

306 518 514 567 Lesbides
538 538 764 585 aequoreae,
790 532 1068 587 nupturaque
1091 534 1315 588 nuptaque
1335 522 1509 590 proles;

366 596 597 654 Lesbides,
624 596 769 645 AEolia
791 598 968 646 nomina
992 597 1106 646 dicta
1123 596 1238 664 lyra;

1638 611 1704 650 :oo

301 672 538 731 Lesbides,
562 673 765 722 infamem
789 693 883 739 quae
906 693 974 722 me
996 673 1160 723 fecistis
1183 687 1353 736 amatae;

239 741 241 744 Α
365 749 563 797 Desinite
587 749 642 797 ad
660 747 849 798 'citharas
874 751 1005 798 turba
1023 750 1166 799 venire
1190 770 1318 800 meas.

300 822 503 873 Abstulit
527 845 653 874 omne
673 827 851 885 Phaon,
879 827 998 893 quod
1017 816 1144 875 vobis
1171 840 1270 877 ante
1294 827 1521 894 placebat:

366 903 443 951 Me
468 903 687 952 miseram!
715 904 803 952 dixi
819 908 956 970 ‘quam
975 905 1109 968 modo
1134 924 1279 971 paene,
1302 907 1450 953 meus!

302 978 473 1028 Efficite
490 992 541 1028 ut
558 981 706 1029 redeat
725 1000 734 1028 :
754 993 871 1029 vates
896 1000 1071 1048 quoque
1094 993 1235 1030 vestra
1256 981 1441 1039 redibit;

1642 995 1706 1030 205

366 1057 550 1120 Ingenio
574 1058 686 1106 vires
709 1057 782 1106 ille
802 1058 897 1115 dat,
920 1057 992 1106 ille
1016 1058 1145 1124 rapit.

304 1131 478 1198 Ecquid
503 1152 585 1196 ago
610 1134 845 1199 precibus?
867 1145 1076 1200 pectusne
1100 1146 1265 1197 agreste
1286 1134 1515 1182 movetur?

367 1209 439 1256 An
463 1209 606 1272 riget?
627 1221 670 1258 et
694 1211 881 1277 Zephyri
904 1211 1036 1260 verba
1059 1211 1219 1259 caduca
1241 1210 1422 1259 ferunt?

303 1280 394 1348 Qui
418 1305 512 1334 mea
536 1287 668 1336 verba
690 1287 861 1347 ferunt,
885 1287 1038 1337 vellem
1061 1286 1248 1335 tua‘vela
1271 1286 1509 1335 referrent:

369 1363 469 1409 Hoc
491 1375 554 1421 te,
580 1364 617 1411 si
641 1383 833 1430 saperes,
857 1363 972 1413 lente
989 1402 1000 1422 ,
1025 1364 1204 1412 decebat
1227 1381 1351 1429 opus.

1642 1383 1705 1407 210

305 1440 403 1488 Sive
423 1440 539 1488 redis
553 1477 564 1498 ‚
588 1441 816 1507 puppique
841 1453 925 1489 tuae
947 1441 1091 1490 votiva
1114 1451 1324 1508 parantur

302 1543 434 1577 clarum
449 1544 646 1589 exemplum
663 1543 751 1589 apud
772 1544 866 1578 hunc
882 1544 974 1579 Nos-

302 1601 400 1629 trum
412 1620 421 1637 ,
438 1595 582 1629 Metam.
591 1621 600 1638 ‚
620 1595 677 1629 ubi
690 1596 734 1629 ita
745 1594 788 1629 de
804 1596 949 1630 Hecuba
961 1622 970 1639 ,

303 1658 413 1691 quum
434 1646 669 1693 Pofydorum,
700 1659 804 1691 quem
828 1646 973 1694 Polym—

303 1697 432 1732 nestori
446 1710 526 1732 cum
542 1697 675 1742 ingenti
691 1698 764 1740 auri
781 1698 877 1743 copia
889 1711 972 1732 cre-

304 1749 459 1794 diderat,
475 1749 696 1784 intersectum
712 1749 865 1785 vidisset:

302 1809 416 1835 'rra-des
427 1810 571 1835 exclamant
582 1819 589 1836 :
602 1810 730 1836 obmutuit
739 1810 783 1835 illa
796 1811 898 1841 dolore,

302 1859 337 1884 Et
343 1859 439 1892 pai-iter
447 1867 547 1889 vocem,
556 1858 724 1892 lacrimasque
736 1858 861 1884 introrsus
871 1858 972 1884 obortas

303 1909 416 1933 Devorat
430 1907 483 1940 ipse
493 1906 585 1938 dolor3
599 1907 715 1940 duroque
725 1907 857 1932 simillima
870 1917 931 1933 saxo

303 1956 411 1989 Torpet.
611 1956 623 1988 (
632 1956 699 1980 Vide
708 1955 754 1981 lib.
766 1963 841 1987 1111,
857 1957 912 1982 538.
929 1956 939 1988 )

351 2004 423 2051 198.
451 2003 587 2038 Tacent.
601 2005 723 2045 Sileni,
743 2017 832 2038 unus
848 2003 972 2038 Medi-

304 2067 384 2089 ceus
396 2068 404 2090 :
416 2055 515 2090 bene.
531 2056 663 2091 HEINS.
677 2057 818 2098 Jacent,
839 2056 972 2090 Bersm.

303 2108 340 2141 in
356 2118 464 2152 marg.

346 2172 407 2193 201
415 2187 422 2193 .
433 2160 602 2200 Lesbides,
614 2160 773 2205 infamem
782 2173 851 2206 quoe
862 2159 973 2203 mese-

304 2214 409 2247 czkh's.
426 2212 507 2247 Huc
522 2213 659 2258 respicit
682 2214 804 2247 Horat.
823 2223 875 2257 11,
903 2210 972 2247 Od.

304 2275 374 2299 xm
385 2289 395 2308 ‚
411 2265 474 2307 24:

470 2323 561 2350 AEoliis
572 2324 666 2349 fidibus
681 2330 829 2358 querentem

340 2372 444 2405 Sappho
456 2373 550 2405 puellis
562 2372 593 2397 de
605 2373 782 2406 popularibus.

357 2420 432 2454 203.
463 2422 562 2464 Quod
584 2423 687 2455 vobis.
726 2423 826 2465 Quod
850 2423 946 2456 nobb·
961 2447 970 2462 ‚

304 2471 479 2506 Wittian.
493 2471 607 2506 Oxon.
621 2472 750 2506 Lincol.
760 2479 794 2506 et
806 2472 972 2507 Mazarin.

353 2534 429 2567 207.
447 2524 581 2567 Ecquid
591 2536 656 2567 ago
667 2526 831 2568 precibus.
847 2522 973 2567 Scripti

305 2575 412 2609 nostri
423 2587 547 2620 magna
558 2589 597 2610 ex
606 2583 717 2620 parte:
727 2577 809 2610 Haec
815 2577 969 2621 quidego,

303 2626 357 2660 vel
371 2652 380 2669 ,
404 2629 537 2672 Ecquid
546 2640 616 2671 ego.
639 2629 722 2661 Hoec
735 2629 816 2672 quid
831 2640 891 2670 ego
906 2639 969 2668 an,

302 2683 382 2711 tres.
401 2679 483 2712 Hoec
499 2692 559 2722 ego
574 2680 671 2724 quid,
696 2691 796 2712 unus.
812 2678 905 2723 Lego
920 2690 928 2711 :

305 2737 353 2762 Sed
365 2737 430 2771 quid
440 2745 486 2769 ego
503 2737 556 2762 haec
567 2738 581 2763 ἶ)
601 2738 719 2773 precibus
737 2742 859 2773 pectusne
876 2741 972 2770 agreste

397 2790 517 2810 movetur
529 2786 544 2812 'z'

1037 1544 1164 1578 Noster
1183 1542 1290 1587 Epist.
1312 1551 1402 1584 xm,
1426 1539 1485 1575 135
1505 1551 1513 1574 :
1530 1537 1707 1585 quomodo

1036 1593 1103 1627 illic
1118 1592 1305 1638 legendum
1324 1590 1489 1626 Heinsius
1503 1595 1706 1625 monuerat:

1038 1653 1088 1678 Sed
1098 1653 1163 1686 quid
1173 1661 1219 1685 ego
1235 1651 1288 1676 hae
1301 1652 1316 1676 ?
1337 1651 1432 1676 levum
1447 1649 1616 1676 revoc-minis
1631 1655 1706 1674 ouen

1131 1700 1227 1735 abesto.

1078 1763 1153 1784 211.
1178 1752 1353 1784 Par-antur.
1383 1748 1426 1783 In
1447 1745 1624 1782 nonnullis
1637 1757 1706 1790 pa-

1035 1815 1154 1837 ramus.
1179 1801 1269 1846 Quis
1288 1813 1360 1836 non
1375 1800 1470 1835 videt
1482 1825 1492 1844 ,
1519 1798 1624 1834 etiam
1641 1811 1706 1832 re·-

1036 1855 1204 1889 clamante
1223 1853 1381 1888 codicum
1403 1851 1492 1894 fide,
1517 1848 1706 1895 legendum

1031 1918 1209 1950 paramus,
1233 1917 1307 1939 non
1327 1907 1493 1948 parantur
1504 1915 1545 1936 ex
1561 1901 1706 1936 amantis

1038 1957 1180 1992 affectu?
1190 1956 1390 2003 Significare
1401 1955 1496 1990 enim
1503 1953 1610 1988 voluit
1618 1965 1707 1988 nun·

1036 2015 1157 2054 cupata
1174 2022 1193 2043 a
1208 2022 1243 2043 se
1268 2009 1338 2054 ipsa
1363 2014 1443 2042 vota
1468 2019 1531 2052 pro
1554 2003 1706 2040 Phaonis

1036 2059 1160 2094 reditu,
1171 2060 1312 2095 EGNA'r.
1328 2059 1438 2093 Locus
1447 2057 1585 2092 videtur
1595 2068 1706 2091 men-

1037 2111 1157 2154 dosus;
1181 2111 1245 2145 nisi
1258 2117 1342 2156 post
1363 2110 1429 2144 hoc
1457 2108 1626 2143 distichon
1643 2120 1705 2143 se-

1038 2170 1163 2208 quatur
1185 2162 1266 2197 illud
1282 2189 1291 2206 ‚
1317 2166 1387 2196 sive
1401 2162 1506 2206 juvat
1527 2163 1623 2204 lon5e
1645 2171 1656 2193 .·
1670 2166 1708 2194 et

1037 2222 1121 2250 tunc
1133 2215 1300 2250 constabit
1315 2226 1442 2254 sensus.
1460 2213 1592 2247 Hssms.
1608 2211 1654 2246 Et
1666 2211 1706 2246 in

1037 2267 1192 2301 Lincoln.
1208 2272 1355 2311 quatuor
1380 2263 1486 2299 medii
1507 2276 1625 2299 versus
1635 2262 1705 2297 de-

1035 2318 1297 2353 siderabantur:
1321 2317 1387 2352 nisi
1407 2329 1490 2362 ergo
1513 2316 1550 2350 in
1572 2326 1705 2361 paren-

1036 2370 1123 2405 thesi
1143 2375 1337 2415 ponantur;
1361 2374 1396 2403 et
1411 2368 1485 2411 hic,
1513 2371 1582 2401 siue
1601 2368 1703 2406 ndns,

1029 2425 1138 2466 puppi
1146 2434 1223 2456 ecce
1238 2425 1303 2454 tuoe
1318 2423 1431 2455 votiva
1439 2430 1598 2463 paramus
1610 2444 1620 2459 ‚
1642 2417 1700 2452 le·—

1037 2480 1137 2518 gatur
1148 2499 1157 2516 ,
1177 2483 1317 2507 sensum
1331 2472 1385 2505 vix
1400 2471 1511 2505 video.
1526 2471 1705 2505 Banu.—

1036 2526 1109 2558 Slve
1133 2526 1221 2558 redis
1242 2530 1306 2558 etc.
1332 2522 1505 2557 AEstuasse
1523 2521 1611 2556 circa
1638 2519 1705 2553 loci

1037 2575 1140 2620 hujus
1149 2588 1289 2610 sensum
1307 2581 1342 2608 et
1362 2573 1548 2609 Heinsium
1563 2578 1598 2606 et
1612 2570 1705 2605 Bur-

1036 2640 1207 2661 mannum
1229 2626 1385 2661 videmus
1398 2651 1408 2669 ,
1430 2625 1488 2669 qui
1507 2630 1624 2657 tamen
1641 2622 1702 2655 sa—

1035 2679 1097 2713 cile
1117 2679 1164 2713 sic
1179 2677 1335 2723 explicari
1351 2676 1472 2721 potuit.
1489 2674 1568 2708 Sive
1589 2672 1709 2711 redire,

1035 2730 1160 2775 cogitas
1169 2755 1179 2773 ‚
1197 2736 1231 2763 et
1240 2730 1310 2773 jam
1319 2729 1390 2773 jam
1400 2728 1700 2771 parastimunera,

1037 2781 1157 2824 quibus
1180 2792 1243 2825 pro
1263 2779 1353 2815 salvo
1381 2785 1449 2814 tuae
1472 2777 1567 2813 navis
1588 2775 1702 2811 reditu
