<?xml version="1.0" encoding="UTF-8"?>
<!DOCTYPE html PUBLIC "-//W3C//DTD XHTML 1.0 Transitional//EN"
    "http://www.w3.org/TR/xhtml1/DTD/xhtml1-transitional.dtd">
<html xmlns="http://www.w3.org/1999/xhtml" xml:lang="en" lang="en">
 <head>
  <title>
</title>
<meta http-equiv="Content-Type" content="text/html;charset=utf-8" />
  <meta name='ocr-system' content='tesseract 3.04.00' />
  <meta name='ocr-capabilities' content='ocr_page ocr_carea ocr_par ocr_line ocrx_word'/>
</head>
<body>
  <div class='ocr_page' id='page_1' title='image "./quaeextantomniao01oviduoft_0057.png"; bbox 0 0 1884 3112; ppageno 0'>
   <div class='ocr_carea' id='block_1_1' title="bbox 0 0 87 598">
    <p class='ocr_par' dir='ltr' id='par_1_1' title="bbox 0 0 87 598">
     <span class='ocr_line' id='line_1_1' title="bbox 0 0 87 598; baseline 0 2514"><span class='ocrx_word' id='word_1_1' title='bbox 0 0 87 598; x_wconf 95' lang='lat' dir='ltr'><strong> </strong></span> 
     </span>
    </p>
   </div>
   <div class='ocr_carea' id='block_1_2' title="bbox 0 83 39 860">
    <p class='ocr_par' dir='ltr' id='par_1_2' title="bbox 0 83 39 860">
     <span class='ocr_line' id='line_1_2' title="bbox 0 101 25 860; textangle 90"><span class='ocrx_word' id='word_1_2' title='bbox 0 852 4 860; x_wconf 76' lang='lat'><em>⁷</em></span> <span class='ocrx_word' id='word_1_3' title='bbox 0 823 11 838; x_wconf 36' lang='grc' dir='ltr'><strong>-Α</strong></span> <span class='ocrx_word' id='word_1_4' title='bbox 0 669 25 804; x_wconf 42' lang='lat' dir='ltr'><strong>:vt-⁷⁷²5„</strong></span> <span class='ocrx_word' id='word_1_5' title='bbox 0 597 23 668; x_wconf 32' lang='grc' dir='ltr'><strong>«Ρη-Λ</strong></span> <span class='ocrx_word' id='word_1_6' title='bbox 8 548 18 574; x_wconf 24' lang='grc' dir='ltr'><strong>Α,</strong></span> <span class='ocrx_word' id='word_1_7' title='bbox 0 345 22 432; x_wconf 55' lang='lat'><strong>‘2⁸:³⁸&#39;</strong></span> <span class='ocrx_word' id='word_1_8' title='bbox 0 265 22 300; x_wconf 60' lang='lat'><strong>1⁹*</strong></span> <span class='ocrx_word' id='word_1_9' title='bbox 3 218 23 251; x_wconf 55' lang='lat' dir='ltr'><strong>S„</strong></span> <span class='ocrx_word' id='word_1_10' title='bbox 14 101 23 109; x_wconf 55' lang='lat' dir='ltr'>f</span> 
     </span>
     <span class='ocr_line' id='line_1_3' title="bbox 26 83 39 755; textangle 90"><span class='ocrx_word' id='word_1_11' title='bbox 27 752 29 755; x_wconf 81' lang='grc'><strong>“</strong></span> <span class='ocrx_word' id='word_1_12' title='bbox 26 164 30 172; x_wconf 67' lang='lat'><strong>⁴</strong></span> <span class='ocrx_word' id='word_1_13' title='bbox 26 83 39 127; x_wconf 50' lang='grc' dir='ltr'><strong>ἕνθ’.</strong></span> 
     </span>
    </p>
   </div>
   <div class='ocr_carea' id='block_1_3' title="bbox 0 839 29 1735">
    <p class='ocr_par' dir='ltr' id='par_1_3' title="bbox 0 839 29 1735">
     <span class='ocr_line' id='line_1_4' title="bbox 0 839 29 1735; baseline 0 0"><span class='ocrx_word' id='word_1_14' title='bbox 0 839 29 1735; x_wconf 95' lang='lat' dir='ltr'><strong> </strong></span> 
     </span>
    </p>
   </div>
   <div class='ocr_carea' id='block_1_4' title="bbox 172 240 1597 478">
    <p class='ocr_par' dir='ltr' id='par_1_4' title="bbox 172 240 1597 478">
     <span class='ocr_line' id='line_1_5' title="bbox 542 240 1592 286; baseline -0.004 0"><span class='ocrx_word' id='word_1_15' title='bbox 542 240 803 286; x_wconf 86' lang='lat' dir='ltr'><strong>ULIXES</strong></span> <span class='ocrx_word' id='word_1_16' title='bbox 848 240 1238 285; x_wconf 82' lang='lat' dir='ltr'><strong>PENELOPAE.</strong></span> <span class='ocrx_word' id='word_1_17' title='bbox 1538 243 1592 283; x_wconf 83' lang='lat'><strong>25</strong></span> 
     </span>
     <span class='ocr_line' id='line_1_6' title="bbox 172 332 1336 401; baseline -0.003 -16"><span class='ocrx_word' id='word_1_18' title='bbox 172 337 349 399; x_wconf 81' lang='lat' dir='ltr'><strong>Ingrata</strong></span> <span class='ocrx_word' id='word_1_19' title='bbox 371 345 439 384; x_wconf 88' lang='lat' dir='ltr'><strong>est</strong></span> <span class='ocrx_word' id='word_1_20' title='bbox 460 334 623 401; x_wconf 84' lang='lat' dir='ltr'><strong>pietas,</strong></span> <span class='ocrx_word' id='word_1_21' title='bbox 649 335 720 383; x_wconf 85' lang='lat' dir='ltr'><strong>cui</strong></span> <span class='ocrx_word' id='word_1_22' title='bbox 744 346 866 383; x_wconf 86' lang='lat' dir='ltr'><strong>tanta</strong></span> <span class='ocrx_word' id='word_1_23' title='bbox 889 332 1085 401; x_wconf 87' lang='lat' dir='ltr'><strong>pericula</strong></span> <span class='ocrx_word' id='word_1_24' title='bbox 1108 333 1301 383; x_wconf 83' lang='lat' dir='ltr'><strong>subsunt</strong></span> <span class='ocrx_word' id='word_1_25' title='bbox 1327 352 1336 380; x_wconf 91' lang='lat'>:</span> 
     </span>
     <span class='ocr_line' id='line_1_7' title="bbox 232 410 1597 478; baseline -0.003 -17"><span class='ocrx_word' id='word_1_26' title='bbox 232 413 347 462; x_wconf 87' lang='lat' dir='ltr'><strong>Nam</strong></span> <span class='ocrx_word' id='word_1_27' title='bbox 367 411 479 461; x_wconf 84' lang='lat' dir='ltr'><strong>male</strong></span> <span class='ocrx_word' id='word_1_28' title='bbox 503 412 763 461; x_wconf 82' lang='lat' dir='ltr'><strong>commissus</strong></span> <span class='ocrx_word' id='word_1_29' title='bbox 785 411 995 461; x_wconf 87' lang='lat' dir='ltr'><strong>fluctibus</strong></span> <span class='ocrx_word' id='word_1_30' title='bbox 1016 411 1112 478; x_wconf 90' lang='lat' dir='ltr'><strong>ipse</strong></span> <span class='ocrx_word' id='word_1_31' title='bbox 1133 410 1231 459; x_wconf 87' lang='lat' dir='ltr'><strong>fuit.</strong></span> <span class='ocrx_word' id='word_1_32' title='bbox 1535 435 1597 458; x_wconf 81' lang='lat'><strong>120</strong></span> 
     </span>
    </p>
   </div>
   <div class='ocr_carea' id='block_1_5' title="bbox 171 488 1336 635">
    <p class='ocr_par' dir='ltr' id='par_1_5' title="bbox 171 488 1336 635">
     <span class='ocr_line' id='line_1_8' title="bbox 171 488 1336 539; baseline -0.003 -1"><span class='ocrx_word' id='word_1_33' title='bbox 171 489 260 539; x_wconf 87' lang='lat' dir='ltr'><strong>Sed</strong></span> <span class='ocrx_word' id='word_1_34' title='bbox 281 488 408 538; x_wconf 87' lang='lat' dir='ltr'><strong>labor</strong></span> <span class='ocrx_word' id='word_1_35' title='bbox 430 489 477 537; x_wconf 90' lang='lat' dir='ltr'><strong>in</strong></span> <span class='ocrx_word' id='word_1_36' title='bbox 499 490 586 539; x_wconf 86' lang='lat' dir='ltr'><strong>fine</strong></span> <span class='ocrx_word' id='word_1_37' title='bbox 610 502 677 539; x_wconf 91' lang='lat' dir='ltr'><strong>est</strong></span> <span class='ocrx_word' id='word_1_38' title='bbox 699 509 709 537; x_wconf 77' lang='grc' dir='ltr'>ε</span> <span class='ocrx_word' id='word_1_39' title='bbox 737 507 968 538; x_wconf 90' lang='lat' dir='ltr'><strong>occursum</strong></span> <span class='ocrx_word' id='word_1_40' title='bbox 991 489 1039 537; x_wconf 86' lang='lat' dir='ltr'><strong>in</strong></span> <span class='ocrx_word' id='word_1_41' title='bbox 1062 488 1192 537; x_wconf 87' lang='lat' dir='ltr'><strong>litore</strong></span> <span class='ocrx_word' id='word_1_42' title='bbox 1216 498 1336 536; x_wconf 86' lang='lat' dir='ltr'><strong>vates</strong></span> 
     </span>
     <span class='ocr_line' id='line_1_9' title="bbox 234 565 1186 635; baseline -0.002 -19"><span class='ocrx_word' id='word_1_43' title='bbox 234 567 362 616; x_wconf 80' lang='lat' dir='ltr'>Dixit</span> <span class='ocrx_word' id='word_1_44' title='bbox 385 588 395 616; x_wconf 80' lang='lat' dir='ltr'><em>z</em></span> <span class='ocrx_word' id='word_1_45' title='bbox 421 568 469 616; x_wconf 89' lang='lat' dir='ltr'><strong>in</strong></span> <span class='ocrx_word' id='word_1_46' title='bbox 493 567 739 635; x_wconf 84' lang='lat' dir='ltr'><strong>amplexus,</strong></span> <span class='ocrx_word' id='word_1_47' title='bbox 767 587 884 625; x_wconf 84' lang='lat' dir='ltr'><strong>care,</strong></span> <span class='ocrx_word' id='word_1_48' title='bbox 908 565 1046 616; x_wconf 87' lang='lat' dir='ltr'><strong>ferere</strong></span> <span class='ocrx_word' id='word_1_49' title='bbox 1071 578 1186 615; x_wconf 87' lang='lat' dir='ltr'><strong>tuos.</strong></span> 
     </span>
    </p>
   </div>
   <div class='ocr_carea' id='block_1_6' title="bbox 170 643 879 693">
    <p class='ocr_par' dir='ltr' id='par_1_6' title="bbox 170 643 879 693">
     <span class='ocr_line' id='line_1_10' title="bbox 170 643 879 693; baseline -0.004 0"><span class='ocrx_word' id='word_1_50' title='bbox 170 644 433 693; x_wconf 87' lang='lat' dir='ltr'><strong>Noscendus</strong></span> <span class='ocrx_word' id='word_1_51' title='bbox 457 644 541 693; x_wconf 89' lang='lat' dir='ltr'><strong>soli</strong></span> <span class='ocrx_word' id='word_1_52' title='bbox 563 644 734 693; x_wconf 85' lang='lat' dir='ltr'><strong>veniam</strong></span> <span class='ocrx_word' id='word_1_53' title='bbox 757 643 841 692; x_wconf 82' lang='lat' dir='ltr'><strong>tibi</strong></span> <span class='ocrx_word' id='word_1_54' title='bbox 869 660 879 689; x_wconf 78' lang='grc' dir='ltr'><strong><em>ε</em></strong></span> 
     </span>
    </p>
   </div>
   <div class='ocr_carea' id='block_1_7' title="bbox 906 641 1340 709">
    <p class='ocr_par' dir='ltr' id='par_1_7' title="bbox 906 641 1340 709">
     <span class='ocr_line' id='line_1_11' title="bbox 906 641 1340 709; baseline -0.002 -18"><span class='ocrx_word' id='word_1_55' title='bbox 906 655 955 691; x_wconf 89' lang='lat' dir='ltr'><strong>tu</strong></span> <span class='ocrx_word' id='word_1_56' title='bbox 978 661 1127 709; x_wconf 81' lang='lat' dir='ltr'>preme</span> <span class='ocrx_word' id='word_1_57' title='bbox 1152 641 1290 690; x_wconf 86' lang='lat' dir='ltr'><strong>solers</strong></span> <span class='ocrx_word' id='word_1_58' title='bbox 1335 695 1340 700; x_wconf 10' lang='grc' dir='ltr'>ξ</span> 
     </span>
    </p>
   </div>
   <div class='ocr_carea' id='block_1_8' title="bbox 164 720 1600 1410">
    <p class='ocr_par' dir='ltr' id='par_1_8' title="bbox 164 720 1600 1410">
     <span class='ocr_line' id='line_1_12' title="bbox 234 720 1189 784; baseline -0.003 -14"><span class='ocrx_word' id='word_1_59' title='bbox 234 721 474 780; x_wconf 76' lang='lat' dir='ltr'><strong>Laetitiam,</strong></span> <span class='ocrx_word' id='word_1_60' title='bbox 500 733 544 770; x_wconf 91' lang='lat' dir='ltr'><strong>et</strong></span> <span class='ocrx_word' id='word_1_61' title='bbox 567 721 701 770; x_wconf 83' lang='lat' dir='ltr'><strong>tacito</strong></span> <span class='ocrx_word' id='word_1_62' title='bbox 726 720 886 784; x_wconf 85' lang='lat' dir='ltr'><strong>gaudia</strong></span> <span class='ocrx_word' id='word_1_63' title='bbox 909 720 1049 769; x_wconf 89' lang='lat' dir='ltr'><strong>conde</strong></span> <span class='ocrx_word' id='word_1_64' title='bbox 1074 720 1189 768; x_wconf 88' lang='lat' dir='ltr'><strong>sinu.</strong></span> 
     </span>
     <span class='ocr_line' id='line_1_13' title="bbox 169 796 1600 866; baseline -0.003 -18"><span class='ocrx_word' id='word_1_65' title='bbox 169 801 275 848; x_wconf 88' lang='lat' dir='ltr'><strong>Non</strong></span> <span class='ocrx_word' id='word_1_66' title='bbox 296 799 340 847; x_wconf 86' lang='lat' dir='ltr'><strong>vi</strong></span> <span class='ocrx_word' id='word_1_67' title='bbox 363 798 637 857; x_wconf 85' lang='lat' dir='ltr'><strong>certandum,</strong></span> <span class='ocrx_word' id='word_1_68' title='bbox 662 818 744 848; x_wconf 88' lang='lat' dir='ltr'><strong>nec</strong></span> <span class='ocrx_word' id='word_1_69' title='bbox 769 810 920 866; x_wconf 87' lang='lat' dir='ltr'><strong>aperta</strong></span> <span class='ocrx_word' id='word_1_70' title='bbox 942 798 990 846; x_wconf 87' lang='lat' dir='ltr'><strong>in</strong></span> <span class='ocrx_word' id='word_1_71' title='bbox 1012 796 1132 846; x_wconf 75' lang='lat' dir='ltr'><strong>bella</strong></span> <span class='ocrx_word' id='word_1_72' title='bbox 1154 796 1386 846; x_wconf 82' lang='lat' dir='ltr'><strong>ruendum.</strong></span> <span class='ocrx_word' id='word_1_73' title='bbox 1538 811 1600 844; x_wconf 78' lang='lat'><strong>125</strong></span> 
     </span>
     <span class='ocr_line' id='line_1_14' title="bbox 232 874 1102 927; baseline -0.005 -1"><span class='ocrx_word' id='word_1_74' title='bbox 232 877 306 926; x_wconf 82' lang='lat' dir='ltr'><strong>Sic</strong></span> <span class='ocrx_word' id='word_1_75' title='bbox 329 877 488 927; x_wconf 78' lang='lat' dir='ltr'>cecinit</span> <span class='ocrx_word' id='word_1_76' title='bbox 508 874 661 926; x_wconf 88' lang='lat' dir='ltr'><strong>laurus</strong></span> <span class='ocrx_word' id='word_1_77' title='bbox 683 875 758 926; x_wconf 84' lang='lat' dir='ltr'><strong>ille</strong></span> <span class='ocrx_word' id='word_1_78' title='bbox 781 894 963 925; x_wconf 86' lang='lat' dir='ltr'><strong>monere</strong></span> <span class='ocrx_word' id='word_1_79' title='bbox 987 893 1102 923; x_wconf 86' lang='lat' dir='ltr'><strong>suas.</strong></span> 
     </span>
     <span class='ocr_line' id='line_1_15' title="bbox 166 952 1264 1020; baseline -0.002 -18"><span class='ocrx_word' id='word_1_80' title='bbox 166 954 372 1003; x_wconf 81' lang='lat' dir='ltr'><strong>Forsitan</strong></span> <span class='ocrx_word' id='word_1_81' title='bbox 394 966 494 1011; x_wconf 86' lang='lat' dir='ltr'><strong>ante</strong></span> <span class='ocrx_word' id='word_1_82' title='bbox 520 953 674 1020; x_wconf 87' lang='lat' dir='ltr'><strong>dapes,</strong></span> <span class='ocrx_word' id='word_1_83' title='bbox 698 954 903 1020; x_wconf 89' lang='lat' dir='ltr'><strong>interque</strong></span> <span class='ocrx_word' id='word_1_84' title='bbox 922 953 1121 1001; x_wconf 83' lang='lat' dir='ltr'><strong>vacantia</strong></span> <span class='ocrx_word' id='word_1_85' title='bbox 1143 952 1264 1009; x_wconf 85' lang='lat' dir='ltr'><strong>vina,</strong></span> 
     </span>
     <span class='ocr_line' id='line_1_16' title="bbox 231 1023 1106 1099; baseline -0.005 -18"><span class='ocrx_word' id='word_1_86' title='bbox 231 1031 402 1080; x_wconf 87' lang='lat' dir='ltr'><strong>Ultoris</strong></span> <span class='ocrx_word' id='word_1_87' title='bbox 424 1031 644 1099; x_wconf 86' lang='lat' dir='ltr'><strong>pharetris</strong></span> <span class='ocrx_word' id='word_1_88' title='bbox 667 1031 776 1080; x_wconf 89' lang='lat' dir='ltr'><strong>utile</strong></span> <span class='ocrx_word' id='word_1_89' title='bbox 802 1042 977 1097; x_wconf 88' lang='lat' dir='ltr'><strong>tempus</strong></span> <span class='ocrx_word' id='word_1_90' title='bbox 1001 1023 1106 1086; x_wconf 88' lang='lat' dir='ltr'><strong>erit;</strong></span> 
     </span>
     <span class='ocr_line' id='line_1_17' title="bbox 165 1106 1284 1178; baseline -0.004 -19"><span class='ocrx_word' id='word_1_91' title='bbox 165 1111 225 1158; x_wconf 87' lang='lat' dir='ltr'><strong>Et</strong></span> <span class='ocrx_word' id='word_1_92' title='bbox 244 1110 379 1159; x_wconf 86' lang='lat' dir='ltr'><strong>modo</strong></span> <span class='ocrx_word' id='word_1_93' title='bbox 405 1110 659 1178; x_wconf 85' lang='lat' dir='ltr'><strong>despectum</strong></span> <span class='ocrx_word' id='word_1_94' title='bbox 683 1109 834 1158; x_wconf 88' lang='lat' dir='ltr'><strong>subito</strong></span> <span class='ocrx_word' id='word_1_95' title='bbox 859 1108 1079 1157; x_wconf 83' lang='lat' dir='ltr'><strong>mirentur</strong></span> <span class='ocrx_word' id='word_1_96' title='bbox 1095 1106 1284 1155; x_wconf 82' lang='lat' dir='ltr'>Ulixen:</span> 
     </span>
     <span class='ocr_line' id='line_1_18' title="bbox 230 1184 1600 1256; baseline -0.004 -19"><span class='ocrx_word' id='word_1_97' title='bbox 230 1188 354 1237; x_wconf 81' lang='lat' dir='ltr'><strong>Heu!</strong></span> <span class='ocrx_word' id='word_1_98' title='bbox 379 1206 560 1256; x_wconf 84' lang='lat' dir='ltr'><strong>precor,</strong></span> <span class='ocrx_word' id='word_1_99' title='bbox 584 1199 636 1236; x_wconf 90' lang='lat' dir='ltr'><strong>ut</strong></span> <span class='ocrx_word' id='word_1_100' title='bbox 657 1198 871 1254; x_wconf 91' lang='lat' dir='ltr'><strong>properet</strong></span> <span class='ocrx_word' id='word_1_101' title='bbox 892 1184 1003 1234; x_wconf 86' lang='lat' dir='ltr'><strong>velle</strong></span> <span class='ocrx_word' id='word_1_102' title='bbox 1026 1185 1174 1234; x_wconf 79' lang='lat' dir='ltr'><strong>venire</strong></span> <span class='ocrx_word' id='word_1_103' title='bbox 1199 1185 1311 1243; x_wconf 82' lang='lat' dir='ltr'><strong>dies,</strong></span> <span class='ocrx_word' id='word_1_104' title='bbox 1541 1201 1600 1232; x_wconf 78' lang='lat'><strong>130</strong></span> 
     </span>
     <span class='ocr_line' id='line_1_19' title="bbox 164 1261 1155 1332; baseline -0.004 -19"><span class='ocrx_word' id='word_1_105' title='bbox 164 1263 356 1332; x_wconf 83' lang='lat' dir='ltr'><strong>Antiqui</strong></span> <span class='ocrx_word' id='word_1_106' title='bbox 379 1276 564 1314; x_wconf 85' lang='lat' dir='ltr'><strong>renovet</strong></span> <span class='ocrx_word' id='word_1_107' title='bbox 588 1264 666 1331; x_wconf 85' lang='lat' dir='ltr'><strong>qui</strong></span> <span class='ocrx_word' id='word_1_108' title='bbox 689 1263 818 1312; x_wconf 89' lang='lat' dir='ltr'><strong>laetus</strong></span> <span class='ocrx_word' id='word_1_109' title='bbox 841 1262 1007 1312; x_wconf 84' lang='lat' dir='ltr'><strong>soedera</strong></span> <span class='ocrx_word' id='word_1_110' title='bbox 1028 1261 1155 1318; x_wconf 88' lang='lat' dir='ltr'><strong>lecti,</strong></span> 
     </span>
     <span class='ocr_line' id='line_1_20' title="bbox 229 1339 1223 1410; baseline -0.004 -18"><span class='ocrx_word' id='word_1_111' title='bbox 229 1345 292 1392; x_wconf 88' lang='lat' dir='ltr'><strong>Et</strong></span> <span class='ocrx_word' id='word_1_112' title='bbox 314 1343 493 1392; x_wconf 87' lang='lat' dir='ltr'><strong>tandem</strong></span> <span class='ocrx_word' id='word_1_113' title='bbox 515 1342 703 1410; x_wconf 84' lang='lat' dir='ltr'><strong>incipias</strong></span> <span class='ocrx_word' id='word_1_114' title='bbox 728 1341 940 1408; x_wconf 86' lang='lat' dir='ltr'><strong>conjuge,</strong></span> <span class='ocrx_word' id='word_1_115' title='bbox 967 1360 1086 1399; x_wconf 87' lang='lat' dir='ltr'><strong>cara,</strong></span> <span class='ocrx_word' id='word_1_116' title='bbox 1111 1339 1223 1388; x_wconf 83' lang='lat' dir='ltr'><strong>frui!</strong></span> 
     </span>
    </p>
   </div>
   <div class='ocr_carea' id='block_1_9' title="bbox 159 1489 846 2636">
    <p class='ocr_par' dir='ltr' id='par_1_9' title="bbox 161 1489 846 1646">
     <span class='ocr_line' id='line_1_21' title="bbox 163 1489 846 1537; baseline 0 -13"><span class='ocrx_word' id='word_1_117' title='bbox 163 1489 256 1537; x_wconf 81' lang='lat' dir='ltr'><strong>gavit</strong></span> <span class='ocrx_word' id='word_1_118' title='bbox 266 1489 285 1525; x_wconf 85' lang='lat'>?</span> <span class='ocrx_word' id='word_1_119' title='bbox 290 1502 429 1536; x_wconf 70' lang='lat' dir='ltr'><strong>jussum</strong></span> <span class='ocrx_word' id='word_1_120' title='bbox 437 1489 494 1525; x_wconf 71' lang='lat' dir='ltr'><strong>vel</strong></span> <span class='ocrx_word' id='word_1_121' title='bbox 507 1493 655 1530; x_wconf 78' lang='lat' dir='ltr'><strong>missum,</strong></span> <span class='ocrx_word' id='word_1_122' title='bbox 670 1490 808 1536; x_wconf 84' lang='lat' dir='ltr'><strong>opinor,</strong></span> <span class='ocrx_word' id='word_1_123' title='bbox 827 1502 846 1524; x_wconf 90' lang='lat' dir='ltr'><strong>a</strong></span> 
     </span>
     <span class='ocr_line' id='line_1_22' title="bbox 163 1541 846 1588; baseline -0.001 -11"><span class='ocrx_word' id='word_1_124' title='bbox 163 1549 276 1578; x_wconf 80' lang='lat' dir='ltr'><strong>matre</strong></span> <span class='ocrx_word' id='word_1_125' title='bbox 299 1541 478 1584; x_wconf 73' lang='lat' dir='ltr'><strong>videlicet3</strong></span> <span class='ocrx_word' id='word_1_126' title='bbox 498 1548 538 1577; x_wconf 91' lang='lat' dir='ltr'><strong>ut</strong></span> <span class='ocrx_word' id='word_1_127' title='bbox 557 1541 601 1577; x_wconf 84' lang='lat' dir='ltr'><strong>ad</strong></span> <span class='ocrx_word' id='word_1_128' title='bbox 614 1541 671 1577; x_wconf 89' lang='lat' dir='ltr'><strong>illa</strong></span> <span class='ocrx_word' id='word_1_129' title='bbox 685 1542 846 1588; x_wconf 84' lang='lat' dir='ltr'><strong>respiciat</strong></span> 
     </span>
     <span class='ocr_line' id='line_1_23' title="bbox 161 1593 543 1646; baseline 0 -16"><span class='ocrx_word' id='word_1_130' title='bbox 161 1593 314 1643; x_wconf 69' lang='lat' dir='ltr'><strong>epistole</strong></span> <span class='ocrx_word' id='word_1_131' title='bbox 326 1593 543 1646; x_wconf 59' lang='lat' dir='ltr'><strong>Penelopes:</strong></span> 
     </span>
    </p>

    <p class='ocr_par' dir='ltr' id='par_1_10' title="bbox 161 1654 802 1690">
     <span class='ocr_line' id='line_1_24' title="bbox 161 1654 802 1690; baseline 0.002 -9"><span class='ocrx_word' id='word_1_132' title='bbox 161 1654 258 1681; x_wconf 74' lang='lat' dir='ltr'><strong>Omni·</strong></span> <span class='ocrx_word' id='word_1_133' title='bbox 267 1661 382 1689; x_wconf 58' lang='lat' dir='ltr'><strong>ampo</strong></span> <span class='ocrx_word' id='word_1_134' title='bbox 393 1660 442 1680; x_wconf 83' lang='lat' dir='ltr'><strong>tuo</strong></span> <span class='ocrx_word' id='word_1_135' title='bbox 454 1654 540 1681; x_wconf 71' lang='lat' dir='ltr'><strong>senior</strong></span> <span class='ocrx_word' id='word_1_136' title='bbox 553 1661 579 1681; x_wconf 76' lang='lat' dir='ltr'><strong>to</strong></span> <span class='ocrx_word' id='word_1_137' title='bbox 595 1664 710 1690; x_wconf 63' lang='lat' dir='ltr'><strong>quarere</strong></span> <span class='ocrx_word' id='word_1_138' title='bbox 722 1656 802 1682; x_wconf 75' lang='lat' dir='ltr'><strong>misso</strong></span> 
     </span>
    </p>

    <p class='ocr_par' dir='ltr' id='par_1_11' title="bbox 165 1703 706 1731">
     <span class='ocr_line' id='line_1_25' title="bbox 165 1703 706 1731; baseline 0 0"><span class='ocrx_word' id='word_1_139' title='bbox 165 1712 170 1715; x_wconf 67' lang='grc'><em>’</em></span> <span class='ocrx_word' id='word_1_140' title='bbox 224 1703 374 1731; x_wconf 62' lang='lat' dir='ltr'><strong>huda-t</strong></span> <span class='ocrx_word' id='word_1_141' title='bbox 387 1709 448 1730; x_wconf 71' lang='lat' dir='ltr'><strong>nto</strong></span> <span class='ocrx_word' id='word_1_142' title='bbox 464 1704 572 1730; x_wconf 69' lang='lat' dir='ltr'><strong>Nestor.</strong></span> <span class='ocrx_word' id='word_1_143' title='bbox 606 1706 706 1731; x_wconf 69' lang='lat' dir='ltr'><strong>Bonn-</strong></span> 
     </span>
    </p>

    <p class='ocr_par' dir='ltr' id='par_1_12' title="bbox 159 1754 846 2052">
     <span class='ocr_line' id='line_1_26' title="bbox 206 1754 844 1802; baseline 0.003 -14"><span class='ocrx_word' id='word_1_144' title='bbox 206 1767 221 1788; x_wconf 85' lang='lat'>1</span> <span class='ocrx_word' id='word_1_145' title='bbox 229 1766 280 1802; x_wconf 85' lang='lat'><strong>¹9·</strong></span> <span class='ocrx_word' id='word_1_146' title='bbox 294 1754 437 1798; x_wconf 69' lang='lat' dir='ltr'><strong>Ingrata</strong></span> <span class='ocrx_word' id='word_1_147' title='bbox 445 1757 502 1788; x_wconf 78' lang='lat' dir='ltr'><strong>est</strong></span> <span class='ocrx_word' id='word_1_148' title='bbox 505 1756 623 1798; x_wconf 82' lang='lat' dir='ltr'><strong>pietas</strong></span> <span class='ocrx_word' id='word_1_149' title='bbox 634 1761 698 1790; x_wconf 88' lang='lat' dir='ltr'><strong>etc.</strong></span> <span class='ocrx_word' id='word_1_150' title='bbox 711 1754 844 1799; x_wconf 81' lang='lat' dir='ltr'><strong>Timet,</strong></span> 
     </span>
     <span class='ocr_line' id='line_1_27' title="bbox 159 1804 844 1853; baseline 0.001 -12"><span class='ocrx_word' id='word_1_151' title='bbox 159 1819 206 1841; x_wconf 86' lang='lat' dir='ltr'><strong>ne</strong></span> <span class='ocrx_word' id='word_1_152' title='bbox 217 1832 227 1850; x_wconf 91' lang='lat'><strong>,</strong></span> <span class='ocrx_word' id='word_1_153' title='bbox 249 1818 327 1852; x_wconf 79' lang='lat' dir='ltr'><strong>quae</strong></span> <span class='ocrx_word' id='word_1_154' title='bbox 354 1804 397 1840; x_wconf 87' lang='lat' dir='ltr'><strong>ad</strong></span> <span class='ocrx_word' id='word_1_155' title='bbox 423 1805 679 1851; x_wconf 85' lang='lat' dir='ltr'><strong>inquirendum</strong></span> <span class='ocrx_word' id='word_1_156' title='bbox 706 1814 844 1853; x_wconf 85' lang='lat' dir='ltr'><strong>patrem</strong></span> 
     </span>
     <span class='ocr_line' id='line_1_28' title="bbox 161 1854 846 1905; baseline 0.001 -12"><span class='ocrx_word' id='word_1_157' title='bbox 161 1854 394 1893; x_wconf 73' lang='lat' dir='ltr'><strong>Telemachus</strong></span> <span class='ocrx_word' id='word_1_158' title='bbox 424 1857 552 1893; x_wconf 86' lang='lat' dir='ltr'><strong>itinera</strong></span> <span class='ocrx_word' id='word_1_159' title='bbox 589 1859 739 1905; x_wconf 85' lang='lat' dir='ltr'><strong>suscepit</strong></span> <span class='ocrx_word' id='word_1_160' title='bbox 753 1886 762 1903; x_wconf 95' lang='lat'><strong>,</strong></span> <span class='ocrx_word' id='word_1_161' title='bbox 793 1866 846 1894; x_wconf 88' lang='lat' dir='ltr'><strong>tot</strong></span> 
     </span>
     <span class='ocr_line' id='line_1_29' title="bbox 159 1910 846 1956; baseline 0.001 -11"><span class='ocrx_word' id='word_1_162' title='bbox 159 1911 334 1956; x_wconf 83' lang='lat' dir='ltr'><strong>tantisque</strong></span> <span class='ocrx_word' id='word_1_163' title='bbox 346 1910 507 1956; x_wconf 88' lang='lat' dir='ltr'><strong>periculis</strong></span> <span class='ocrx_word' id='word_1_164' title='bbox 517 1911 725 1946; x_wconf 80' lang='lat' dir='ltr'><strong>circumfusa</strong></span> <span class='ocrx_word' id='word_1_165' title='bbox 736 1938 745 1955; x_wconf 90' lang='lat'><strong>,</strong></span> <span class='ocrx_word' id='word_1_166' title='bbox 754 1911 846 1946; x_wconf 87' lang='lat' dir='ltr'><strong>labe-</strong></span> 
     </span>
     <span class='ocr_line' id='line_1_30' title="bbox 159 1963 844 2009; baseline 0 -11"><span class='ocrx_word' id='word_1_167' title='bbox 159 1964 322 1999; x_wconf 80' lang='lat' dir='ltr'><strong>factatam</strong></span> <span class='ocrx_word' id='word_1_168' title='bbox 345 1963 513 2009; x_wconf 86' lang='lat' dir='ltr'><strong>pietatem</strong></span> <span class='ocrx_word' id='word_1_169' title='bbox 540 1964 630 1999; x_wconf 82' lang='lat' dir='ltr'><strong>illius</strong></span> <span class='ocrx_word' id='word_1_170' title='bbox 653 1964 692 1998; x_wconf 87' lang='lat' dir='ltr'><strong>in</strong></span> <span class='ocrx_word' id='word_1_171' title='bbox 725 1964 844 1999; x_wconf 90' lang='lat' dir='ltr'><strong>animo</strong></span> 
     </span>
     <span class='ocr_line' id='line_1_31' title="bbox 159 2015 532 2052; baseline 0.003 -2"><span class='ocrx_word' id='word_1_172' title='bbox 159 2015 288 2052; x_wconf 77' lang='lat' dir='ltr'><strong>sensim</strong></span> <span class='ocrx_word' id='word_1_173' title='bbox 304 2015 532 2052; x_wconf 81' lang='lat' dir='ltr'><strong>imminuant.</strong></span> 
     </span>
    </p>

    <p class='ocr_par' dir='ltr' id='par_1_13' title="bbox 160 2070 843 2167">
     <span class='ocr_line' id='line_1_32' title="bbox 207 2070 843 2104; baseline 0 -1"><span class='ocrx_word' id='word_1_174' title='bbox 207 2081 280 2104; x_wconf 85' lang='lat'><strong>120.</strong></span> <span class='ocrx_word' id='word_1_175' title='bbox 302 2070 392 2104; x_wconf 85' lang='lat' dir='ltr'><strong>Nam</strong></span> <span class='ocrx_word' id='word_1_176' title='bbox 415 2071 506 2104; x_wconf 81' lang='lat' dir='ltr'><strong>male</strong></span> <span class='ocrx_word' id='word_1_177' title='bbox 527 2071 733 2104; x_wconf 65' lang='lat' dir='ltr'><strong>comminus.</strong></span> <span class='ocrx_word' id='word_1_178' title='bbox 760 2070 843 2103; x_wconf 85' lang='lat' dir='ltr'><strong>Jam</strong></span> 
     </span>
     <span class='ocr_line' id='line_1_33' title="bbox 160 2121 513 2167; baseline 0.006 -13"><span class='ocrx_word' id='word_1_179' title='bbox 160 2122 249 2156; x_wconf 85' lang='lat' dir='ltr'><strong>male</strong></span> <span class='ocrx_word' id='word_1_180' title='bbox 263 2127 359 2167; x_wconf 82' lang='lat' dir='ltr'><strong>puto.</strong></span> <span class='ocrx_word' id='word_1_181' title='bbox 377 2121 513 2157; x_wconf 73' lang='lat' dir='ltr'><strong>Hzms.</strong></span> 
     </span>
    </p>

    <p class='ocr_par' dir='ltr' id='par_1_14' title="bbox 159 2173 845 2575">
     <span class='ocr_line' id='line_1_34' title="bbox 209 2173 843 2222; baseline 0.002 -14"><span class='ocrx_word' id='word_1_182' title='bbox 209 2186 281 2208; x_wconf 63' lang='grc' dir='ltr'><strong>ηπ.</strong></span> <span class='ocrx_word' id='word_1_183' title='bbox 303 2173 440 2220; x_wconf 83' lang='lat' dir='ltr'><strong>Vulgo,</strong></span> <span class='ocrx_word' id='word_1_184' title='bbox 457 2181 493 2210; x_wconf 91' lang='lat' dir='ltr'><strong>et</strong></span> <span class='ocrx_word' id='word_1_185' title='bbox 508 2174 579 2222; x_wconf 82' lang='lat' dir='ltr'><strong>ipse</strong></span> <span class='ocrx_word' id='word_1_186' title='bbox 596 2175 843 2210; x_wconf 85' lang='lat' dir='ltr'><strong>Burmannus:</strong></span> 
     </span>
     <span class='ocr_line' id='line_1_35' title="bbox 160 2227 843 2273; baseline 0.006 -15"><span class='ocrx_word' id='word_1_187' title='bbox 160 2228 197 2259; x_wconf 85' lang='lat' dir='ltr'><strong>in</strong></span> <span class='ocrx_word' id='word_1_188' title='bbox 209 2227 399 2270; x_wconf 73' lang='lat' dir='ltr'><strong>amplexus,</strong></span> <span class='ocrx_word' id='word_1_189' title='bbox 415 2239 494 2262; x_wconf 74' lang='lat' dir='ltr'><strong>care</strong></span> <span class='ocrx_word' id='word_1_190' title='bbox 505 2254 515 2269; x_wconf 89' lang='lat'><em>‚</em></span> <span class='ocrx_word' id='word_1_191' title='bbox 527 2227 644 2273; x_wconf 55' lang='lat' dir='ltr'><strong>serere</strong></span> <span class='ocrx_word' id='word_1_192' title='bbox 660 2232 745 2263; x_wconf 80' lang='lat' dir='ltr'><strong>tuos.</strong></span> <span class='ocrx_word' id='word_1_193' title='bbox 771 2227 843 2262; x_wconf 83' lang='lat' dir='ltr'><strong>sed</strong></span> 
     </span>
     <span class='ocr_line' id='line_1_36' title="bbox 159 2277 843 2323; baseline 0.004 -11"><span class='ocrx_word' id='word_1_194' title='bbox 159 2278 264 2323; x_wconf 81' lang='lat' dir='ltr'><strong>friget</strong></span> <span class='ocrx_word' id='word_1_195' title='bbox 285 2277 373 2314; x_wconf 74' lang='lat' dir='ltr'><strong>illud</strong></span> <span class='ocrx_word' id='word_1_196' title='bbox 395 2292 490 2321; x_wconf 81' lang='lat' dir='ltr'><strong>care,</strong></span> <span class='ocrx_word' id='word_1_197' title='bbox 509 2292 529 2315; x_wconf 85' lang='lat' dir='ltr'><strong>a</strong></span> <span class='ocrx_word' id='word_1_198' title='bbox 551 2280 685 2315; x_wconf 85' lang='lat' dir='ltr'><strong>Tiresia</strong></span> <span class='ocrx_word' id='word_1_199' title='bbox 710 2279 843 2315; x_wconf 78' lang='lat' dir='ltr'><strong>dictum</strong></span> 
     </span>
     <span class='ocr_line' id='line_1_37' title="bbox 162 2329 844 2379; baseline 0.003 -15"><span class='ocrx_word' id='word_1_200' title='bbox 162 2329 282 2373; x_wconf 83' lang='lat' dir='ltr'><strong>Ulixi;</strong></span> <span class='ocrx_word' id='word_1_201' title='bbox 306 2342 375 2366; x_wconf 82' lang='lat' dir='ltr'><strong>nec</strong></span> <span class='ocrx_word' id='word_1_202' title='bbox 398 2343 524 2367; x_wconf 77' lang='lat' dir='ltr'><strong>sanum</strong></span> <span class='ocrx_word' id='word_1_203' title='bbox 553 2339 640 2379; x_wconf 82' lang='lat' dir='ltr'><strong>puto</strong></span> <span class='ocrx_word' id='word_1_204' title='bbox 667 2334 844 2377; x_wconf 77' lang='lat' dir='ltr'><strong>amplexus</strong></span> 
     </span>
     <span class='ocr_line' id='line_1_38' title="bbox 162 2384 845 2431; baseline 0.004 -14"><span class='ocrx_word' id='word_1_205' title='bbox 162 2387 259 2424; x_wconf 75' lang='lat' dir='ltr'><strong>tuos,</strong></span> <span class='ocrx_word' id='word_1_206' title='bbox 283 2394 348 2429; x_wconf 87' lang='lat' dir='ltr'><strong>pro</strong></span> <span class='ocrx_word' id='word_1_207' title='bbox 374 2386 503 2418; x_wconf 78' lang='lat' dir='ltr'><strong>tuomm</strong></span> <span class='ocrx_word' id='word_1_208' title='bbox 523 2384 711 2431; x_wconf 87' lang='lat' dir='ltr'><strong>amplexus.</strong></span> <span class='ocrx_word' id='word_1_209' title='bbox 729 2385 845 2420; x_wconf 87' lang='lat' dir='ltr'><strong>Docet</strong></span> 
     </span>
     <span class='ocr_line' id='line_1_39' title="bbox 163 2437 844 2483; baseline 0.003 -13"><span class='ocrx_word' id='word_1_210' title='bbox 163 2448 304 2481; x_wconf 90' lang='lat' dir='ltr'><strong>quoque</strong></span> <span class='ocrx_word' id='word_1_211' title='bbox 317 2448 435 2471; x_wconf 81' lang='lat' dir='ltr'><strong>versus</strong></span> <span class='ocrx_word' id='word_1_212' title='bbox 446 2449 595 2482; x_wconf 85' lang='lat' dir='ltr'><strong>sequens</strong></span> <span class='ocrx_word' id='word_1_213' title='bbox 608 2437 651 2472; x_wconf 89' lang='lat' dir='ltr'><strong>de</strong></span> <span class='ocrx_word' id='word_1_214' title='bbox 665 2437 844 2483; x_wconf 89' lang='lat' dir='ltr'><strong>Penelope</strong></span> 
     </span>
     <span class='ocr_line' id='line_1_40' title="bbox 162 2483 844 2535; baseline 0.001 -12"><span class='ocrx_word' id='word_1_215' title='bbox 162 2500 366 2523; x_wconf 80' lang='lat' dir='ltr'><strong>sermonem</strong></span> <span class='ocrx_word' id='word_1_216' title='bbox 386 2501 469 2523; x_wconf 87' lang='lat' dir='ltr'><strong>esse.</strong></span> <span class='ocrx_word' id='word_1_217' title='bbox 493 2483 616 2535; x_wconf 72' lang='lat' dir='ltr'><strong>Itaque</strong></span> <span class='ocrx_word' id='word_1_218' title='bbox 637 2502 712 2524; x_wconf 89' lang='lat' dir='ltr'><strong>non</strong></span> <span class='ocrx_word' id='word_1_219' title='bbox 734 2489 844 2524; x_wconf 85' lang='lat' dir='ltr'><strong>dubi—</strong></span> 
     </span>
     <span class='ocr_line' id='line_1_41' title="bbox 164 2540 446 2575; baseline 0.004 -1"><span class='ocrx_word' id='word_1_220' title='bbox 164 2546 282 2575; x_wconf 85' lang='lat' dir='ltr'><strong>tanter</strong></span> <span class='ocrx_word' id='word_1_221' title='bbox 293 2540 426 2575; x_wconf 87' lang='lat' dir='ltr'><strong>correxi</strong></span> <span class='ocrx_word' id='word_1_222' title='bbox 438 2553 446 2575; x_wconf 74' lang='grc' dir='ltr'>ε</span> 
     </span>
    </p>

    <p class='ocr_par' dir='ltr' id='par_1_15' title="bbox 212 2599 826 2636">
     <span class='ocr_line' id='line_1_42' title="bbox 212 2599 826 2636; baseline 0.005 -10"><span class='ocrx_word' id='word_1_223' title='bbox 212 2599 245 2626; x_wconf 69' lang='lat' dir='ltr'><strong>In</strong></span> <span class='ocrx_word' id='word_1_224' title='bbox 256 2600 391 2635; x_wconf 66' lang='lat' dir='ltr'><strong>amplexus</strong></span> <span class='ocrx_word' id='word_1_225' title='bbox 401 2619 410 2632; x_wconf 86' lang='lat'><strong>,</strong></span> <span class='ocrx_word' id='word_1_226' title='bbox 426 2609 510 2636; x_wconf 79' lang='lat' dir='ltr'><strong>cara,</strong></span> <span class='ocrx_word' id='word_1_227' title='bbox 518 2601 652 2636; x_wconf 71' lang='lat' dir='ltr'><strong>firarque</strong></span> <span class='ocrx_word' id='word_1_228' title='bbox 664 2607 731 2628; x_wconf 72' lang='lat' dir='ltr'><strong>tuoe.</strong></span> <span class='ocrx_word' id='word_1_229' title='bbox 753 2602 826 2629; x_wconf 65' lang='lat'>112¹·</span> 
     </span>
    </p>
   </div>
   <div class='ocr_carea' id='block_1_10' title="bbox 900 1489 1602 2637">
    <p class='ocr_par' dir='ltr' id='par_1_16' title="bbox 910 1489 1600 1644">
     <span class='ocr_line' id='line_1_43' title="bbox 959 1489 1600 1524; baseline 0 0"><span class='ocrx_word' id='word_1_230' title='bbox 959 1489 1031 1524; x_wconf 75' lang='lat'><strong>126.</strong></span> <span class='ocrx_word' id='word_1_231' title='bbox 1055 1489 1112 1524; x_wconf 71' lang='lat' dir='ltr'><strong>Sic</strong></span> <span class='ocrx_word' id='word_1_232' title='bbox 1124 1492 1251 1524; x_wconf 82' lang='lat' dir='ltr'><strong>cect&#39;m&#39;l</strong></span> <span class='ocrx_word' id='word_1_233' title='bbox 1264 1491 1382 1524; x_wconf 82' lang='lat' dir='ltr'><strong>laurus</strong></span> <span class='ocrx_word' id='word_1_234' title='bbox 1395 1491 1456 1523; x_wconf 82' lang='lat' dir='ltr'><strong>ille</strong></span> <span class='ocrx_word' id='word_1_235' title='bbox 1468 1502 1600 1524; x_wconf 68' lang='lat' dir='ltr'><strong>monem¹</strong></span> 
     </span>
     <span class='ocr_line' id='line_1_44' title="bbox 910 1541 1597 1586; baseline 0.001 -10"><span class='ocrx_word' id='word_1_236' title='bbox 910 1554 1003 1576; x_wconf 84' lang='lat' dir='ltr'><strong>suas.</strong></span> <span class='ocrx_word' id='word_1_237' title='bbox 1022 1541 1105 1577; x_wconf 90' lang='lat' dir='ltr'><strong>Non</strong></span> <span class='ocrx_word' id='word_1_238' title='bbox 1130 1542 1178 1577; x_wconf 87' lang='lat' dir='ltr'><strong>ita</strong></span> <span class='ocrx_word' id='word_1_239' title='bbox 1199 1542 1406 1577; x_wconf 80' lang='lat' dir='ltr'><strong>manifestus</strong></span> <span class='ocrx_word' id='word_1_240' title='bbox 1424 1541 1574 1577; x_wconf 85' lang='lat' dir='ltr'><strong>Tiresias</strong></span> <span class='ocrx_word' id='word_1_241' title='bbox 1588 1569 1597 1586; x_wconf 87' lang='lat'><strong>,</strong></span> 
     </span>
     <span class='ocr_line' id='line_1_45' title="bbox 913 1594 1548 1644; baseline 0 -15"><span class='ocrx_word' id='word_1_242' title='bbox 913 1595 972 1641; x_wconf 91' lang='lat' dir='ltr'><strong>qui</strong></span> <span class='ocrx_word' id='word_1_243' title='bbox 987 1602 1110 1630; x_wconf 88' lang='lat' dir='ltr'><strong>contra</strong></span> <span class='ocrx_word' id='word_1_244' title='bbox 1125 1594 1216 1630; x_wconf 85' lang='lat' dir='ltr'><strong>dicat</strong></span> <span class='ocrx_word' id='word_1_245' title='bbox 1230 1609 1238 1637; x_wconf 87' lang='lat'>;</span> <span class='ocrx_word' id='word_1_246' title='bbox 1258 1594 1387 1644; x_wconf 85' lang='lat' dir='ltr'><strong>Odyss.</strong></span> <span class='ocrx_word' id='word_1_247' title='bbox 1403 1603 1432 1633; x_wconf 82' lang='lat' dir='ltr'>A</span> <span class='ocrx_word' id='word_1_248' title='bbox 1443 1621 1453 1639; x_wconf 94' lang='lat'><strong>,</strong></span> <span class='ocrx_word' id='word_1_249' title='bbox 1477 1609 1489 1630; x_wconf 83' lang='grc' dir='ltr'><strong><em>ι</em></strong></span> <span class='ocrx_word' id='word_1_250' title='bbox 1499 1609 1548 1643; x_wconf 85' lang='lat'><strong>¹9·</strong></span> 
     </span>
    </p>

    <p class='ocr_par' dir='ltr' id='par_1_17' title="bbox 956 1648 1514 1696">
     <span class='ocr_line' id='line_1_46' title="bbox 956 1648 1514 1696; baseline -0.004 -12"><span class='ocrx_word' id='word_1_251' title='bbox 956 1652 996 1685; x_wconf 68' lang='lat'><strong>112¹</strong></span> <span class='ocrx_word' id='word_1_252' title='bbox 1013 1651 1090 1696; x_wconf 60' lang='grc' dir='ltr'><strong>δόλῳ</strong></span> <span class='ocrx_word' id='word_1_253' title='bbox 1102 1674 1111 1691; x_wconf 81' lang='lat'>‚</span> <span class='ocrx_word' id='word_1_254' title='bbox 1128 1648 1143 1690; x_wconf 72' lang='grc' dir='ltr'>ἢ</span> <span class='ocrx_word' id='word_1_255' title='bbox 1163 1648 1307 1696; x_wconf 56' lang='grc' dir='ltr'><strong>ἀμφαεθὲυ</strong></span> <span class='ocrx_word' id='word_1_256' title='bbox 1321 1649 1386 1693; x_wconf 59' lang='lat' dir='ltr'><strong>&amp;get</strong></span> <span class='ocrx_word' id='word_1_257' title='bbox 1398 1649 1514 1695; x_wconf 70' lang='grc' dir='ltr'>χᾶλκῷ.</span> 
     </span>
    </p>

    <p class='ocr_par' dir='ltr' id='par_1_18' title="bbox 908 1699 1602 2208">
     <span class='ocr_line' id='line_1_47' title="bbox 960 1699 1602 1747; baseline -0.002 -12"><span class='ocrx_word' id='word_1_258' title='bbox 960 1714 1029 1747; x_wconf 82' lang='lat'><strong>1²7·</strong></span> <span class='ocrx_word' id='word_1_259' title='bbox 1056 1701 1216 1746; x_wconf 64' lang='lat' dir='ltr'><strong>Interque</strong></span> <span class='ocrx_word' id='word_1_260' title='bbox 1235 1704 1402 1735; x_wconf 80' lang='lat' dir='ltr'><strong>vacantia</strong></span> <span class='ocrx_word' id='word_1_261' title='bbox 1419 1700 1511 1735; x_wconf 74' lang='lat' dir='ltr'><em>vina.</em></span> <span class='ocrx_word' id='word_1_262' title='bbox 1531 1699 1602 1734; x_wconf 87' lang='lat' dir='ltr'><strong>Hic</strong></span> 
     </span>
     <span class='ocr_line' id='line_1_48' title="bbox 911 1752 1601 1798; baseline 0 -11"><span class='ocrx_word' id='word_1_263' title='bbox 911 1752 978 1788; x_wconf 82' lang='lat' dir='ltr'><strong>dici</strong></span> <span class='ocrx_word' id='word_1_264' title='bbox 991 1756 1156 1787; x_wconf 75' lang='lat' dir='ltr'><strong>vacantia</strong></span> <span class='ocrx_word' id='word_1_265' title='bbox 1170 1753 1251 1788; x_wconf 85' lang='lat' dir='ltr'><strong>vina</strong></span> <span class='ocrx_word' id='word_1_266' title='bbox 1266 1780 1276 1797; x_wconf 92' lang='lat'><strong>,</strong></span> <span class='ocrx_word' id='word_1_267' title='bbox 1294 1753 1420 1798; x_wconf 79' lang='lat' dir='ltr'><strong>quibus</strong></span> <span class='ocrx_word' id='word_1_268' title='bbox 1434 1765 1553 1787; x_wconf 80' lang='lat' dir='ltr'><strong>vacua·</strong></span> <span class='ocrx_word' id='word_1_269' title='bbox 1564 1759 1601 1787; x_wconf 83' lang='lat' dir='ltr'><strong>et</strong></span> 
     </span>
     <span class='ocr_line' id='line_1_49' title="bbox 911 1805 1601 1850; baseline -0.001 -11"><span class='ocrx_word' id='word_1_270' title='bbox 911 1805 1029 1840; x_wconf 86' lang='lat' dir='ltr'><strong>otiosae</strong></span> <span class='ocrx_word' id='word_1_271' title='bbox 1048 1812 1187 1840; x_wconf 89' lang='lat' dir='ltr'><strong>mentes</strong></span> <span class='ocrx_word' id='word_1_272' title='bbox 1200 1813 1409 1850; x_wconf 85' lang='lat' dir='ltr'><strong>teneantur,</strong></span> <span class='ocrx_word' id='word_1_273' title='bbox 1422 1812 1518 1840; x_wconf 89' lang='lat' dir='ltr'><strong>recte</strong></span> <span class='ocrx_word' id='word_1_274' title='bbox 1532 1817 1601 1838; x_wconf 83' lang='lat' dir='ltr'><strong>no-</strong></span> 
     </span>
     <span class='ocr_line' id='line_1_50' title="bbox 912 1857 1599 1906; baseline -0.003 -14"><span class='ocrx_word' id='word_1_275' title='bbox 912 1864 963 1892; x_wconf 89' lang='lat' dir='ltr'><strong>tat</strong></span> <span class='ocrx_word' id='word_1_276' title='bbox 978 1858 1164 1902; x_wconf 88' lang='lat' dir='ltr'><strong>Heinsius,</strong></span> <span class='ocrx_word' id='word_1_277' title='bbox 1180 1857 1222 1892; x_wconf 90' lang='lat' dir='ltr'><strong>ad</strong></span> <span class='ocrx_word' id='word_1_278' title='bbox 1236 1871 1323 1893; x_wconf 90' lang='lat' dir='ltr'><strong>vers.</strong></span> <span class='ocrx_word' id='word_1_279' title='bbox 1337 1859 1391 1906; x_wconf 80' lang='grc'><strong>49.</strong></span> <span class='ocrx_word' id='word_1_280' title='bbox 1405 1857 1499 1892; x_wconf 85' lang='lat' dir='ltr'><strong>Mire</strong></span> <span class='ocrx_word' id='word_1_281' title='bbox 1515 1857 1599 1891; x_wconf 87' lang='lat' dir='ltr'><strong>For-</strong></span> 
     </span>
     <span class='ocr_line' id='line_1_51' title="bbox 910 1909 1596 1954; baseline -0.001 -10"><span class='ocrx_word' id='word_1_282' title='bbox 910 1909 1054 1945; x_wconf 83' lang='lat' dir='ltr'><strong>cellinus</strong></span> <span class='ocrx_word' id='word_1_283' title='bbox 1075 1910 1112 1944; x_wconf 90' lang='lat' dir='ltr'><strong>in</strong></span> <span class='ocrx_word' id='word_1_284' title='bbox 1133 1910 1241 1945; x_wconf 84' lang='lat' dir='ltr'><strong>lexico</strong></span> <span class='ocrx_word' id='word_1_285' title='bbox 1257 1936 1266 1954; x_wconf 89' lang='lat'><strong>,</strong></span> <span class='ocrx_word' id='word_1_286' title='bbox 1285 1910 1329 1945; x_wconf 89' lang='lat' dir='ltr'><strong>ad</strong></span> <span class='ocrx_word' id='word_1_287' title='bbox 1351 1922 1475 1945; x_wconf 86' lang='lat' dir='ltr'><strong>vocem</strong></span> <span class='ocrx_word' id='word_1_288' title='bbox 1492 1913 1575 1943; x_wconf 76' lang='lat' dir='ltr'><strong>vina</strong></span> <span class='ocrx_word' id='word_1_289' title='bbox 1587 1937 1596 1949; x_wconf 83' lang='lat'><em>‚</em></span> 
     </span>
     <span class='ocr_line' id='line_1_52' title="bbox 910 1960 1598 2007; baseline 0 -11"><span class='ocrx_word' id='word_1_290' title='bbox 910 1975 982 1997; x_wconf 88' lang='lat' dir='ltr'><strong>esse</strong></span> <span class='ocrx_word' id='word_1_291' title='bbox 1004 1962 1079 1996; x_wconf 82' lang='lat' dir='ltr'><strong>vult</strong></span> <span class='ocrx_word' id='word_1_292' title='bbox 1097 1969 1216 2007; x_wconf 88' lang='lat' dir='ltr'><strong>parata</strong></span> <span class='ocrx_word' id='word_1_293' title='bbox 1233 1961 1378 2007; x_wconf 79' lang='lat' dir='ltr'><strong>quidem</strong></span> <span class='ocrx_word' id='word_1_294' title='bbox 1392 1988 1403 2005; x_wconf 86' lang='lat'><strong><em>‚</em></strong></span> <span class='ocrx_word' id='word_1_295' title='bbox 1421 1960 1484 1997; x_wconf 79' lang='lat' dir='ltr'><strong>sed</strong></span> <span class='ocrx_word' id='word_1_296' title='bbox 1502 1974 1598 1996; x_wconf 83' lang='lat' dir='ltr'><strong>non-</strong></span> 
     </span>
     <span class='ocr_line' id='line_1_53' title="bbox 911 2013 1596 2049; baseline 0.001 -2"><span class='ocrx_word' id='word_1_297' title='bbox 911 2013 998 2048; x_wconf 90' lang='lat' dir='ltr'><strong>dum</strong></span> <span class='ocrx_word' id='word_1_298' title='bbox 1024 2014 1062 2049; x_wconf 83' lang='lat' dir='ltr'><strong>in</strong></span> <span class='ocrx_word' id='word_1_299' title='bbox 1083 2027 1245 2048; x_wconf 84' lang='lat' dir='ltr'><strong>mensam</strong></span> <span class='ocrx_word' id='word_1_300' title='bbox 1269 2014 1372 2049; x_wconf 83' lang='lat' dir='ltr'><strong>illata.</strong></span> <span class='ocrx_word' id='word_1_301' title='bbox 1396 2014 1596 2049; x_wconf 82' lang='lat' dir='ltr'><strong>Burmanni</strong></span> 
     </span>
     <span class='ocr_line' id='line_1_54' title="bbox 911 2066 1597 2113; baseline -0.001 -11"><span class='ocrx_word' id='word_1_302' title='bbox 911 2067 1055 2113; x_wconf 82' lang='lat' dir='ltr'><strong>argutiae</strong></span> <span class='ocrx_word' id='word_1_303' title='bbox 1073 2066 1153 2101; x_wconf 86' lang='lat' dir='ltr'><strong>satis</strong></span> <span class='ocrx_word' id='word_1_304' title='bbox 1169 2067 1399 2101; x_wconf 86' lang='lat' dir='ltr'><strong>confutantur</strong></span> <span class='ocrx_word' id='word_1_305' title='bbox 1420 2066 1494 2113; x_wconf 86' lang='lat' dir='ltr'><strong>ipso</strong></span> <span class='ocrx_word' id='word_1_306' title='bbox 1517 2067 1597 2102; x_wconf 84' lang='lat' dir='ltr'><strong>Ho—</strong></span> 
     </span>
     <span class='ocr_line' id='line_1_55' title="bbox 909 2118 1578 2168; baseline 0.001 -14"><span class='ocrx_word' id='word_1_307' title='bbox 909 2120 1000 2155; x_wconf 88' lang='lat' dir='ltr'><strong>meri</strong></span> <span class='ocrx_word' id='word_1_308' title='bbox 1018 2119 1095 2154; x_wconf 88' lang='lat' dir='ltr'><strong>loco</strong></span> <span class='ocrx_word' id='word_1_309' title='bbox 1110 2145 1120 2164; x_wconf 93' lang='lat'><strong>,</strong></span> <span class='ocrx_word' id='word_1_310' title='bbox 1141 2118 1212 2154; x_wconf 88' lang='lat' dir='ltr'><strong>Od.</strong></span> <span class='ocrx_word' id='word_1_311' title='bbox 1231 2126 1261 2155; x_wconf 87' lang='lat' dir='ltr'><strong>X</strong></span> <span class='ocrx_word' id='word_1_312' title='bbox 1274 2146 1284 2164; x_wconf 96' lang='lat'><strong>,</strong></span> <span class='ocrx_word' id='word_1_313' title='bbox 1301 2133 1331 2168; x_wconf 84' lang='lat'><strong>9.</strong></span> <span class='ocrx_word' id='word_1_314' title='bbox 1346 2133 1421 2166; x_wconf 89' lang='lat' dir='ltr'><strong>sqq.</strong></span> <span class='ocrx_word' id='word_1_315' title='bbox 1439 2133 1483 2154; x_wconf 83' lang='lat'><strong>20</strong></span> <span class='ocrx_word' id='word_1_316' title='bbox 1497 2147 1506 2165; x_wconf 95' lang='lat'><strong>,</strong></span> <span class='ocrx_word' id='word_1_317' title='bbox 1523 2133 1578 2155; x_wconf 89' lang='lat'><strong>21.</strong></span> 
     </span>
     <span class='ocr_line' id='line_1_56' title="bbox 908 2173 1072 2208; baseline -0.006 -1"><span class='ocrx_word' id='word_1_318' title='bbox 908 2173 1072 2208; x_wconf 64' lang='lat' dir='ltr'><strong>Lmnsm’.</strong></span> 
     </span>
    </p>

    <p class='ocr_par' dir='ltr' id='par_1_19' title="bbox 900 2225 1599 2637">
     <span class='ocr_line' id='line_1_57' title="bbox 964 2225 1595 2270; baseline 0.002 -11"><span class='ocrx_word' id='word_1_319' title='bbox 964 2226 1036 2260; x_wconf 86' lang='lat'>130.</span> <span class='ocrx_word' id='word_1_320' title='bbox 1068 2225 1146 2259; x_wconf 83' lang='lat' dir='ltr'><strong>Heu</strong></span> <span class='ocrx_word' id='word_1_321' title='bbox 1161 2251 1169 2265; x_wconf 89' lang='lat'><strong>,</strong></span> <span class='ocrx_word' id='word_1_322' title='bbox 1194 2237 1321 2270; x_wconf 80' lang='lat' dir='ltr'><strong>precor</strong></span> <span class='ocrx_word' id='word_1_323' title='bbox 1344 2231 1409 2260; x_wconf 86' lang='lat' dir='ltr'><strong>etc.</strong></span> <span class='ocrx_word' id='word_1_324' title='bbox 1439 2225 1595 2260; x_wconf 78' lang='lat' dir='ltr'><strong>Malebat</strong></span> 
     </span>
     <span class='ocr_line' id='line_1_58' title="bbox 910 2277 1595 2323; baseline 0 -9"><span class='ocrx_word' id='word_1_325' title='bbox 910 2277 1078 2314; x_wconf 86' lang='lat' dir='ltr'><strong>Heinsius</strong></span> <span class='ocrx_word' id='word_1_326' title='bbox 1092 2303 1102 2321; x_wconf 86' lang='lat'><strong><em>‚</em></strong></span> <span class='ocrx_word' id='word_1_327' title='bbox 1117 2279 1192 2317; x_wconf 75' lang='lat' dir='ltr'><strong>bic,</strong></span> <span class='ocrx_word' id='word_1_328' title='bbox 1206 2291 1345 2322; x_wconf 71' lang='lat' dir='ltr'><strong>precor,</strong></span> <span class='ocrx_word' id='word_1_329' title='bbox 1363 2280 1421 2313; x_wconf 76' lang='lat' dir='ltr'><strong>hic</strong></span> <span class='ocrx_word' id='word_1_330' title='bbox 1436 2292 1595 2323; x_wconf 58' lang='lat' dir='ltr'><strong>properus</strong></span> 
     </span>
     <span class='ocr_line' id='line_1_59' title="bbox 909 2331 1594 2377; baseline 0.001 -12"><span class='ocrx_word' id='word_1_331' title='bbox 909 2333 998 2366; x_wconf 80' lang='lat' dir='ltr'><strong>velle</strong></span> <span class='ocrx_word' id='word_1_332' title='bbox 1024 2334 1138 2365; x_wconf 79' lang='lat' dir='ltr'><strong>venite</strong></span> <span class='ocrx_word' id='word_1_333' title='bbox 1159 2333 1244 2366; x_wconf 78' lang='lat' dir='ltr'><strong>dies.</strong></span> <span class='ocrx_word' id='word_1_334' title='bbox 1270 2331 1440 2367; x_wconf 84' lang='lat' dir='ltr'><strong>Francius</strong></span> <span class='ocrx_word' id='word_1_335' title='bbox 1458 2358 1468 2376; x_wconf 94' lang='lat'><strong>,</strong></span> <span class='ocrx_word' id='word_1_336' title='bbox 1496 2345 1594 2377; x_wconf 82' lang='lat' dir='ltr'><strong>quam</strong></span> 
     </span>
     <span class='ocr_line' id='line_1_60' title="bbox 903 2382 1599 2429; baseline 0.001 -11"><span class='ocrx_word' id='word_1_337' title='bbox 903 2397 1039 2429; x_wconf 84' lang='lat' dir='ltr'><strong>precor,</strong></span> <span class='ocrx_word' id='word_1_338' title='bbox 1059 2382 1135 2428; x_wconf 82' lang='lat' dir='ltr'><strong>vel,</strong></span> <span class='ocrx_word' id='word_1_339' title='bbox 1152 2385 1208 2418; x_wconf 76' lang='lat' dir='ltr'><strong>hic</strong></span> <span class='ocrx_word' id='word_1_340' title='bbox 1224 2397 1359 2429; x_wconf 68' lang='lat' dir='ltr'><strong>precor,</strong></span> <span class='ocrx_word' id='word_1_341' title='bbox 1381 2389 1421 2419; x_wconf 80' lang='lat' dir='ltr'><strong>ul</strong></span> <span class='ocrx_word' id='word_1_342' title='bbox 1440 2390 1599 2429; x_wconf 74' lang='lat' dir='ltr'><strong>properet</strong></span> 
     </span>
     <span class='ocr_line' id='line_1_61' title="bbox 909 2437 1590 2483; baseline 0 -13"><span class='ocrx_word' id='word_1_343' title='bbox 909 2438 998 2470; x_wconf 82' lang='lat' dir='ltr'><strong>velle</strong></span> <span class='ocrx_word' id='word_1_344' title='bbox 1013 2438 1127 2470; x_wconf 75' lang='lat' dir='ltr'><strong>venim-</strong></span> <span class='ocrx_word' id='word_1_345' title='bbox 1136 2437 1220 2471; x_wconf 68' lang='lat' dir='ltr'><strong>daeies.</strong></span> <span class='ocrx_word' id='word_1_346' title='bbox 1231 2437 1354 2472; x_wconf 86' lang='lat' dir='ltr'><strong>Posset</strong></span> <span class='ocrx_word' id='word_1_347' title='bbox 1369 2444 1404 2472; x_wconf 84' lang='lat' dir='ltr'><strong>et</strong></span> <span class='ocrx_word' id='word_1_348' title='bbox 1416 2437 1483 2483; x_wconf 85' lang='lat' dir='ltr'><strong>legi</strong></span> <span class='ocrx_word' id='word_1_349' title='bbox 1496 2449 1503 2471; x_wconf 95' lang='lat'><strong>:</strong></span> <span class='ocrx_word' id='word_1_350' title='bbox 1516 2438 1590 2477; x_wconf 79' lang='lat' dir='ltr'><strong>beu,</strong></span> 
     </span>
     <span class='ocr_line' id='line_1_62' title="bbox 903 2489 1597 2533; baseline 0.001 -11"><span class='ocrx_word' id='word_1_351' title='bbox 903 2501 1037 2533; x_wconf 75' lang='lat' dir='ltr'><strong>pmcor,</strong></span> <span class='ocrx_word' id='word_1_352' title='bbox 1056 2489 1121 2522; x_wconf 78' lang='lat' dir='ltr'><strong>heu</strong></span> <span class='ocrx_word' id='word_1_353' title='bbox 1124 2501 1283 2533; x_wconf 71' lang='lat' dir='ltr'><strong>properes</strong></span> <span class='ocrx_word' id='word_1_354' title='bbox 1295 2491 1354 2523; x_wconf 80' lang='lat' dir='ltr'><strong>ille</strong></span> <span class='ocrx_word' id='word_1_355' title='bbox 1366 2492 1481 2524; x_wconf 76' lang='lat' dir='ltr'><strong>venire</strong></span> <span class='ocrx_word' id='word_1_356' title='bbox 1488 2516 1496 2529; x_wconf 89' lang='lat'>‚</span> <span class='ocrx_word' id='word_1_357' title='bbox 1510 2491 1597 2524; x_wconf 80' lang='lat' dir='ltr'><em>dics.</em></span> 
     </span>
     <span class='ocr_line' id='line_1_63' title="bbox 910 2540 1594 2588; baseline 0.003 -13"><span class='ocrx_word' id='word_1_358' title='bbox 910 2540 958 2575; x_wconf 88' lang='lat' dir='ltr'><strong>Et</strong></span> <span class='ocrx_word' id='word_1_359' title='bbox 980 2554 1060 2575; x_wconf 84' lang='lat' dir='ltr'><strong>mox</strong></span> <span class='ocrx_word' id='word_1_360' title='bbox 1074 2567 1083 2584; x_wconf 93' lang='lat'><strong>,</strong></span> <span class='ocrx_word' id='word_1_361' title='bbox 1111 2544 1247 2586; x_wconf 76' lang='lat' dir='ltr'><strong>antiqui</strong></span> <span class='ocrx_word' id='word_1_362' title='bbox 1262 2555 1399 2577; x_wconf 72' lang='lat' dir='ltr'><strong>renoves</strong></span> <span class='ocrx_word' id='word_1_363' title='bbox 1420 2545 1480 2588; x_wconf 79' lang='lat' dir='ltr'><strong>qui</strong></span> <span class='ocrx_word' id='word_1_364' title='bbox 1497 2544 1594 2577; x_wconf 69' lang='lat' dir='ltr'><strong>letus</strong></span> 
     </span>
     <span class='ocr_line' id='line_1_64' title="bbox 900 2593 1295 2637; baseline 0.003 -10"><span class='ocrx_word' id='word_1_365' title='bbox 900 2593 1040 2637; x_wconf 85' lang='lat' dir='ltr'><strong>faedera</strong></span> <span class='ocrx_word' id='word_1_366' title='bbox 1057 2596 1147 2628; x_wconf 73' lang='lat' dir='ltr'><em>lecti.</em></span> <span class='ocrx_word' id='word_1_367' title='bbox 1165 2593 1295 2629; x_wconf 71' lang='lat' dir='ltr'><strong>Bunm.</strong></span> 
     </span>
    </p>
   </div>
   <div class='ocr_carea' id='block_1_11' title="bbox 713 2728 1031 2747">
    <p class='ocr_par' dir='ltr' id='par_1_20' title="bbox 713 2728 1031 2747">
     <span class='ocr_line' id='line_1_65' title="bbox 713 2728 1031 2747; baseline -0.009 -2"><span class='ocrx_word' id='word_1_368' title='bbox 713 2728 1031 2747; x_wconf 51' lang='grc' dir='ltr'><strong>κ-Φ--ῆ</strong></span> 
     </span>
    </p>
   </div>
  </div>
 </body>
</html>
