1884 3112
307 263 366 306 80

780 266 1133 313 EPISTOLA
1168 271 1258 317 IV.

307 356 530 414 Ossa-mei
552 354 698 404 fiatris
723 355 842 406 clava
864 358 1081 424 perfracta
1104 360 1270 408 trinodi

1662 381 1723 417 115

368 432 539 498 Sparsit
561 431 685 480 humi
710 449 721 477 ε
746 451 875 485 soror
896 446 963 483 est
985 435 1134 501 praeda
1155 436 1308 486 relicta
1330 437 1445 487 feris.

302 510 451 559 Prima
474 511 740 573 securigeras
764 511 880 560 inter
901 512 1063 562 virtute
1086 513 1257 580 puellas

367 588 431 635 Te
454 588 647 654 peperit,
671 589 765 637 nati
788 588 1096 653 dignavvigore
1117 610 1289 657 parens.

301 665 350 713 Si
375 683 542 731 quaeras
565 665 646 714 ubi
668 665 752 724 sit,
777 666 976 715 Theseus
998 667 1114 716 latus
1138 686 1240 716 ense
1262 669 1436 735 peregit
1460 688 1471 717 ε

364 742 456 797 Nec
480 753 603 792 tanto
626 753 766 791 mater
786 743 973 809 pignore
998 755 1094 793 tuta
1115 744 1224 793 fuit-

1660 773 1721 798 ¹2⁰

299 819 363 866 At
384 837 440 867 ne
463 831 604 885 nupta
627 819 824 886 quidem,
852 821 1052 887 taedaque
1075 833 1251 888 accepta
1270 821 1421 887 jugali.

364 896 485 944 Cur?
507 895 595 943 nisi
617 916 673 945 ne
697 916 874 964 caperes
897 917 1033 961 regna
1054 910 1239 965 paterna
1261 899 1442 948 nothus.

296 971 484 1036 Addidit
507 984 552 1020 et
573 972 728 1023 fratres
750 993 804 1023 ex
825 994 894 1023 me
919 975 1003 1023 tibi
1029 995 1040 1023 :
1067 994 1178 1041 quos
1202 987 1348 1024 tamen
1373 995 1525 1025 omnes

361 1049 464 1097 Non
488 1067 570 1111 ego
594 1049 781 1098 tollendi
804 1069 952 1109 causa,
977 1050 1056 1099 sed
1078 1051 1152 1100 ille
1177 1051 1274 1100 suit.

298 1125 342 1174 Ο
366 1125 536 1173 utinam
559 1126 760 1175 nocitura
783 1127 886 1185 tibi,
912 1126 1205 1194 pulcherrime
1227 1146 1399 1187 rerum,

359 1202 414 1249 In
436 1201 583 1250 medio
608 1202 710 1250 nisu
733 1202 899 1252 viscera
920 1215 1052 1270 rupta
1074 1203 1248 1252 forent!

295 1279 318 1326 I
341 1297 482 1336 nunc,
509 1290 553 1327 et
574 1278 720 1327 meriti
743 1278 906 1328 lectum
929 1299 1123 1329 reverere
1147 1281 1365 1347 parentis;
1388 1302 1390 1305 ’

295 1421 353 1457 Sic
365 1427 400 1456 et
409 1420 522 1457 Graeci
533 1425 680 1468 ’ἔρχεσθαι
690 1448 700 1468 ,
716 1435 782 1468 pro
793 1435 880 1458 esse.
890 1424 976 1459 Pro-

296 1474 427 1519 pertius
438 1473 569 1508 multus
582 1486 720 1519 quoque
733 1481 784 1509 est
798 1475 835 1509 in
847 1474 912 1510 hac
922 1475 977 1509 lo-

295 1527 445 1561 cutione.
463 1527 597 1561 HEms.
613 1526 756 1561 Mollius
767 1528 842 1561 sore
853 1554 862 1571 ,
879 1527 906 1562 si
923 1528 976 1563 le-

295 1585 395 1623 gatur
407 1604 418 1621 ,
451 1581 527 1612 sola
553 1591 657 1623 neque
682 1580 756 1613 ᾗσι·
766 1604 778 1620 ,
814 1579 976 1614 censebat

295 1629 473 1664 Francius.

341 1695 354 1716 1
363 1696 375 1715 1
382 1683 411 1718 8.
427 1683 518 1717 Nati
523 1683 627 1725 degna
629 1681 754 1726 favore
760 1694 897 1726 parens.
911 1683 974 1717 Di-

290 1746 360 1778 gna
386 1737 496 1778 vigore
509 1761 518 1775 ,
537 1746 610 1767 uno
635 1746 807 1768 consensu
819 1759 829 1778 ‚
847 1739 974 1779 praeter

298 1785 636 1829 Helmstadiensem,
663 1785 800 1831 scripti;
826 1792 862 1820 et
881 1797 972 1820 vere.

294 1837 416 1881 Silius,
434 1847 501 1882 111,
530 1851 611 1872 112:

422 1897 561 1923 Gelidosne
573 1897 694 1922 scandere
705 1901 791 1922 tecum
814 1931 817 1933 v

294 1946 417 1973 Deficiam
429 1951 530 1971 montes
542 1947 640 1980 conjux
651 1946 717 1972 tua?
731 1945 805 1971 crede
815 1945 902 1980 vigor-1⁸

293 1997 427 2021 Femineo.

295 2046 416 2080 Posset
438 2050 474 2079 et
494 2047 601 2088 rigore
621 2043 688 2090 legi
705 2057 786 2079 cum
808 2043 973 2089 excerptis

295 2097 470 2132 Vossianis
484 2123 494 2140 ,
512 2103 553 2131 ut
574 2109 677 2142 supra
697 2108 705 2130 ε
735 2098 783 2130 Te
806 2100 883 2130 tuus
907 2099 974 2130 iste

294 2154 389 2194 rzgror.
416 2150 550 2184 HEINs.
568 2148 607 2183 Si
626 2160 710 2183 vero
726 2148 899 2194 vulgatam
906 2148 974 2192 fa-

296 2215 369 2236 vore
391 2201 482 2236 tueri
504 2202 603 2236 alicui
627 2201 753 2246 libeat,
778 2202 906 2236 referat
928 2199 971 2234 ad

294 2252 349 2286 illa
368 2265 445 2297 quae
460 2259 676 2297 sequuntur:

377 2313 433 2339 Nec
446 2318 527 2337 mater
539 2317 611 2337 tanto
622 2313 728 2345 pignore
739 2317 794 2337 tuta
805 2312 865 2337 fuit.

341 2375 412 2395 121.
435 2361 488 2395 At
507 2373 569 2394 nec
591 2365 706 2404 nupta.
732 2360 873 2395 Mollius
896 2367 969 2404 est,

293 2417 333 2446 al
344 2426 386 2446 ne
401 2416 507 2457 nupta
520 2415 665 2457 quidem,
680 2419 720 2446 ut
737 2420 788 2447 est
804 2413 841 2446 in
858 2413 971 2447 Fran-

295 2465 483 2500 cosurtensi
519 2472 554 2499 et
584 2465 740 2510 plurimis
771 2465 841 2500 aliis
859 2492 869 2510 ,
905 2478 970 2500 nec

295 2532 367 2553 non
389 2520 426 2553 in
447 2518 588 2554 vetustis
608 2519 815 2554 editionibus
831 2518 969 2564 aliquot.

294 2570 424 2605 Bmzm.

340 2636 352 2656 1
359 2636 411 2656 22.
434 2625 485 2657 Ne
495 2636 634 2667 caperes
646 2635 750 2667 regna
757 2627 902 2666 patema
913 2635 968 2656 no-

293 2676 378 2707 thus.
404 2675 495 2719 Lege
523 2682 663 2709 cautum
691 2683 765 2709 erat
791 2688 810 2708 a
837 2674 966 2709 Solone

294 2725 383 2770 apud
409 2726 661 2770 Athenienses,
681 2741 725 2762 ne
751 2727 825 2772 quis
847 2727 967 2760 nothus

289 2778 329 2811 in
352 2784 534 2822 paternam
556 2778 787 2812 hereditatem
809 2790 965 2822 unquam

1039 1423 1248 1460 succederet.
1260 1425 1370 1470 Quod
1377 1431 1412 1461 et
1421 1424 1586 1463 Comicus
1597 1429 1716 1473 refert,

1042 1477 1080 1511 in
1099 1477 1231 1512 Avibus
1245 1504 1254 1521 ,
1278 1477 1382 1512 1560:

1127 1531 1215 1576 Νᾶθῳ
1233 1533 1264 1564 δὲ
1279 1535 1323 1573 μὴ
1342 1534 1418 1566 εἶναι
1436 1529 1533 1575 ἄγχι-

1130 1587 1219 1624 <elau
1232 1608 1241 1625 ,
1258 1586 1376 1618 παίδων
1389 1585 1479 1618 ὄντων
1494 1599 1569 1628 γνη-

1128 1640 1214 1670 σίων·
1232 1637 1282 1670 ε’ἂν
1300 1638 1333 1669 δὲ
1347 1639 1454 1674 παῖδες

1127 1692 1178 1744 Ιξίὴ
1198 1687 1257 1722 ὦσι
1272 1691 1393 1731 γνήσιοι
1406 1713 1416 1731 ,
1433 1694 1497 1726 τοῖς

1124 1739 1290 1783 Εγγυτᾶτω
1307 1745 1361 1774 τοῦ
1373 1741 1472 1783 γένους

1126 1795 1269 1824 Menam
1285 1794 1344 1824 τῶν
1360 1790 1537 1838 χρημάτων.

1085 1841 1155 1884 124.
1177 1841 1247 1874 Sed
1252 1840 1400 1885 illesuit.
1413 1841 1490 1875 Non
1502 1853 1565 1885 ego
1577 1841 1722 1875 fallendi

1037 1903 1152 1931 causa,
1163 1893 1229 1924 sed
1234 1893 1311 1932 ille,
1319 1891 1395 1935 sui,
1410 1891 1561 1926 malebat
1571 1891 1694 1926 Franc.
1704 1916 1714 1933 ,

1038 1949 1078 1976 ut
1100 1942 1206 1987 Epist.
1230 1953 1319 1986 vm,
1338 1945 1376 1987 41
1396 1955 1406 1977 t
1433 1944 1484 1977 Tu
1504 1944 1606 1984 mibi,
1630 1942 1722 1987 quod

1036 1998 1257 2038 manipules,
1275 2006 1333 2037 es,·
1349 1994 1410 2029 sed
1423 2007 1548 2040 parum
1563 1995 1682 2028 refert.

1084 2057 1097 2078 ι
1105 2058 1154 2090 ²7·
1172 2046 1304 2086 Inunc,
1315 2048 1353 2079 et
1359 2048 1478 2079 merti‘i.
1490 2043 1617 2089 Seripti
1627 2055 1715 2078 non-

1036 2096 1123 2131 nulli
1137 2101 1312 2139 immuni,
1328 2097 1405 2141 vel,
1419 2100 1559 2132 emeriti.
1581 2097 1623 2132 In
1641 2095 1714 2141 qui-

1035 2149 1182 2184 busdam
1198 2156 1296 2185 vetus
1313 2149 1415 2185 lectio
1432 2156 1484 2184 est
1505 2162 1610 2184 erasa.
1635 2149 1713 2183 Ex·-

1036 2208 1152 2247 cerpta
1176 2202 1292 2237 Jureti
1315 2208 1351 2237 et
1370 2201 1565 2237 Helmstad.
1581 2204 1633 2236 sic
1649 2212 1714 2234 me-

1034 2255 1102 2286 n'ti.
1120 2253 1320 2288 Puteaneus
1332 2280 1342 2298 ,
1366 2256 1398 2287 ii
1411 2256 1545 2295 meriti,
1563 2265 1583 2287 a
1604 2262 1714 2286 manu

1035 2305 1158 2350 prima.
1175 2306 1291 2352 Lego:

1034 2365 1047 2389 1
1059 2373 1126 2390 nunc
1134 2384 1143 2397 ,
1156 2366 1163 2390 i
1175 2385 1184 2397 ,
1196 2366 1282 2390 meriti
1295 2366 1393 2391 lectum
1404 2373 1521 2391 reverere
1530 2362 1653 2398 purentis-

1034 2430 1078 2441 ·—-
1094 2414 1288 2459 Repererat
1302 2414 1497 2448 Burmann.
1510 2413 1547 2447 in
1558 2413 1713 2447 Franco-

1032 2466 1116 2501 surt.
1137 2467 1323 2512 excerptis,
1351 2474 1388 2501 et
1410 2466 1447 2500 in
1473 2462 1606 2500 tex'tum
1620 2461 1712 2498 ce'n-

1032 2524 1148 2552 suerat
1163 2517 1402 2553 inducendum
1417 2519 1463 2552 :I
1462 2529 1561 2559 nunc,
1576 2519 1628 2549 sic
1640 2527 1712 2548 me·-

1032 2573 1093 2603 n‘ti
1099 2576 1161 2604 etc.
1174 2569 1270 2605 Nihil
1280 2577 1398 2604 tamen
1406 2567 1616 2603 mutandum
1625 2580 1633 2608 ;
1650 2565 1710 2600 sed

1032 2621 1271 2656 observatione
1305 2621 1447 2667 dignam
1482 2618 1711 2664 judicavimus

1030 2673 1203 2718 insignem
1246 2672 1400 2706 mulieris
1443 2669 1708 2715 impudentiam.

1030 2744 1074 2751 —-
1095 2726 1234 2759 lectum
1256 2737 1402 2759 reverere
1411 2725 1584 2767 parentis,
1604 2724 1708 2765 Quem

1020 2777 1121 2821 sugit
1133 2784 1196 2812 etc.
1213 2776 1333 2820 Quam
1352 2774 1522 2811 dissimilis
1541 2773 1706 2808 meretrix
