1884 3112
607 267 807 314 PAnls
849 269 1160 317 HELENAE.
1511 295 1599 341 299

242 357 428 408 Tortilis
451 377 475 408 e
496 357 833 424 digitis-excidit
855 383 961 414 ansa
981 365 1103 416 meis.

178 434 346 485 Oscula
364 436 402 486 si
422 449 535 487 natae
559 438 764 499 dederas,
789 460 872 505 ego
893 443 1101 510 protinus
1124 442 1201 492 illa
1221 478 1226 483 .

239 513 503 568 Hermiones
526 526 677 566 tenero
699 515 828 567 laetus
844 519 901 568 ab
927 539 1004 569 ore
1030 520 1126 569 tuli.

172 590 236 640 Et
255 591 392 641 modo
418 594 647 643 cantabam
668 607 836 646 veteres
858 598 1095 665 resupinus
1119 618 1319 648 amores:
1536 617 1600 653 255

238 670 299 718 Et
320 670 456 720 modo
479 690 560 739 per
578 684 737 722 nutum
762 674 889 738 signa
912 676 1098 739 tegenda
1122 676 1293 739 dabam.

172 747 234 796 Et
255 747 466 798 comitum
487 749 653 816 primas
679 750 919 818 Clymenen
943 753 1238 820 AEthramque
1262 765 1436 802 tuarum

240 825 391 874 Ausus
414 845 512 875 sum
534 826 710 893 blandis
734 848 878 896 nuper
900 830 1019 880 adire
1043 831 1181 880 sonis.

176 901 290 967 Quae
311 903 421 952 mihi
444 923 538 953 non
556 904 700 964 aliud,
727 925 859 974 quam
876 907 1133 968 formidare,
1157 907 1341 967 locutae,

240 981 425 1030 Orantis
448 981 615 1031 medias
639 982 868 1034 deseruere
892 1004 1057 1051 preces.
1537 1003 1602 1036 260

171 1056 232 1105 Di
255 1055 470 1116 facerent,
495 1059 645 1122 magni
668 1060 862 1127 pretium
886 1062 1139 1111 certaminis
1164 1080 1309 1120 esses;

232 1135 386 1204 Teque
408 1154 491 1185 suo
513 1137 655 1187 victor
676 1149 831 1204 posset
850 1138 1015 1188 habere
1038 1140 1163 1187 toro!

171 1211 237 1260 Ut
259 1211 364 1261 tulit
387 1213 694 1281 Hippomenes
716 1214 998 1274 Schoeneida,
1017 1215 1196 1283 praemia
1219 1235 1373 1265 cursus
1387 1254 1399 1274 ‚

235 1292 374 1365 Venit
395 1305 448 1342 ut
468 1293 517 1342 in
540 1293 760 1361 Phrygios
788 1293 1087 1361 Hippodamia
1110 1294 1260 1352 sinus;

168 1369 235 1416 Ut
255 1367 376 1417 ferus
399 1369 580 1420 Alcides
602 1370 819 1420 Acheloia
843 1390 1011 1420 cornua
1034 1370 1191 1434 fregit,
1360 1377 1362 1379 ’
1534 1385 1602 1422 265

238 1445 359 1494 Dum
380 1447 495 1514 petit
517 1446 766 1514 amplexus,
791 1448 1022 1506 Deianira,
1049 1459 1179 1505 tuos;

168 1549 282 1584 Κύκνου
307 1552 516 1595 γεγενημένην.
541 1551 672 1587 BURM.
698 1570 742 1578 —
765 1554 852 1588 Jove

168 1613 251 1636 vera
267 1608 319 1636 est
334 1601 458 1645 lectio;
480 1604 593 1650 Cycno
604 1631 614 1645 ,
635 1603 730 1650 quod
747 1604 852 1640 habet

170 1653 315 1689 Vossius
327 1680 338 1698 ‚
360 1660 412 1689 est
427 1667 446 1689 e
465 1654 582 1701 glossa.
606 1656 770 1692 Limum,

209 1707 286 1740 252.
299 1707 339 1740 E
355 1707 473 1752 digitis·
494 1709 628 1743 excidit
646 1722 735 1743 ansa
754 1713 848 1744 meis.

167 1756 355 1794 Manifesta
380 1757 441 1804 liic
469 1758 619 1796 imitatio
649 1761 847 1809 Propertii,

168 1809 247 1854 lv,
263 1821 329 1855 tv,
355 1824 396 1860 ¹9
412 1817 448 1847 et
466 1824 530 1847 no:

166 1870 311 1905 Obstupuit
329 1871 397 1905 regi!
409 1871 476 1898 fecie
487 1878 513 1898 et
523 1873 655 1907 regalibus
668 1875 747 1900 armis
757 1885 766 1909 ς

198 1920 323 1954 tamque
334 1920 431 1946 oblim
445 1922 542 1948 excidit
555 1932 620 1948 im
629 1933 731 1950 manus.

167 1969 276 2005 Unde
292 1969 527 2006 confirmatur
541 1971 645 2007 lectio
661 1972 765 2019 hujus
782 1973 847 2009 loci

167 2023 301 2057 excisii!
312 2034 411 2057 ansa.

210 2076 286 2121 ²57·
306 2075 506 2121 Clymenen,
526 2077 752 2123 AElhramque.
771 2078 847 2112 Me-

166 2126 258 2162 nelai
275 2126 398 2163 affines
423 2128 528 2163 suisse
555 2135 703 2164 testatur
725 2129 847 2178 Dictys

167 2179 368 2225 Cretensis,
389 2192 530 2227 unaque
562 2194 582 2216 a
610 2181 736 2217 Paride
764 2195 847 2218 cum

168 2231 308 2267 Helena
339 2240 472 2268 metas
491 2244 502 2276 ς
532 2241 568 2269 et
595 2242 673 2280 post
706 2241 847 2280 captum

168 2284 274 2320 ilium
287 2311 297 2328 ,
323 2292 426 2331 sorte=
437 2286 540 2322 ducta
553 2313 562 2330 ,
581 2287 847 2333 Demophoonti

168 2343 272 2383 atque
290 2337 474 2373 Acamanti
491 2338 654 2374 Thesidis
667 2339 845 2385 obtigisse,

166 2390 353 2436 premium
386 2390 518 2426 militia
551 2390 727 2426 diuturnae
745 2405 755 2434 ς
786 2391 847 2426 sed

168 2442 359 2477 Mnestheo
386 2442 547 2477 Athenas
573 2444 747 2478 remeanti
773 2456 850 2478 ces-

166 2493 247 2530 sisse
263 2500 381 2530 tamen
393 2521 403 2539 ‚
422 2495 583 2530 Thesidis
602 2495 686 2530 inde
707 2495 848 2531 exclusis

168 2553 272 2593 atque
294 2547 432 2582 exulare
456 2548 565 2593 iussis.
585 2547 687 2583 Idem
704 2548 846 2596 Dictys,

166 2599 269 2634 initio
288 2598 367 2635 libri
393 2611 455 2643 vl,
481 2598 680 2647 Clymenen
712 2600 848 2637 AEthrae

167 2651 277 2687 filiam
291 2652 394 2688 fuisse
409 2652 537 2687 innuit.
562 2652 695 2688 Himes.

211 2704 286 2740 262.
303 2706 489 2740 Deseruere
495 2717 623 2749 preces.
632 2707 829 2742 Βεείιῖιιειτ
835 2735 845 2750 ,

169 2755 383 2792 Barberinus
412 2764 447 2793 et
468 2758 668 2793 Vossianus.
693 2759 826 2795 Hssms.

211 2807 284 2853 264.
294 2811 396 2845 Veni!
405 2814 450 2845 ul.
460 2812 607 2847 Venerat
610 2814 654 2854 ιἰι,
664 2810 797 2847 sehon.
804 2823 846 2856 11,

917 1550 1066 1586 observ.
1077 1564 1149 1597 cap.
1165 1551 1217 1585 53.
1235 1550 1304 1586 Alii
1322 1550 1399 1586 libri
1412 1550 1508 1587 hunc
1519 1565 1601 1587 ver-

915 1616 995 1639 sum
1009 1603 1057 1638 sic
1077 1603 1210 1638 habent
1226 1616 1235 1638 ε
1258 1605 1337 1648 Quoe
1349 1617 1491 1648 propem
1505 1618 1603 1639 cum-u

915 1659 1047 1690 vicerat
1058 1660 1140 1690 ante
1153 1668 1277 1700 procos
1294 1669 1304 1689 .’
1322 1655 1381 1690 sed
1399 1657 1536 1691 frustra.
1554 1657 1602 1691 H.

916 1707 960 1742 In
973 1707 1182 1753 quibusdam
1194 1707 1399 1754 interjectus
1409 1715 1484 1744 erat
1495 1709 1601 1744 etiam

914 1757 999 1794 alius
1017 1772 1026 1794 ε

913 1819 956 1845 Sic
967 1825 994 1845 et
1007 1825 1038 1845 tn
1048 1820 1175 1855 Phrygias
1189 1820 1278 1847 venies
1289 1820 1379 1853 regina
1392 1829 1439 1854 per
1450 1821 1528 1846 urbes
1543 1840 1552 1852 ,

945 1870 1025 1895 Venit
1038 1875 1067 1895 ut
1081 1870 1108 1895 in
1120 1870 1249 1905 Phrygios
1272 1870 1449 1903 Hippodamia
1461 1870 1534 1895 sinus
1543 1889 1552 1901 ,

915 1931 1021 1964 quem
1052 1926 1245 1964 utrumque
1274 1920 1516 1954 Bersmannus
1533 1932 1599 1954 ex·-

910 1971 1036 2016 pressit
1051 1985 1059 2014 ;
1085 1971 1146 2006 sed
1165 1971 1360 2007 subdititios
1378 1971 1488 2007 videri
1502 1979 1599 2007 nota-

911 2024 971 2058 vit.
983 2041 1030 2051 —
1051 2027 1154 2060 Venit
1166 2028 1206 2058 ut
1223 2027 1260 2058 in
1279 2026 1445 2071 Phrygios
1461 2026 1600 2070 Hippo-

912 2079 1028 2112 dantia
1043 2079 1148 2111 sinus.
1162 2076 1321 2122 Pelopen
1338 2077 1500 2124 intelligit
1513 2103 1522 2120 ,
1539 2076 1599 2123 qui

913 2141 1024 2175 quum
1040 2142 1060 2163 e
1078 2128 1232 2176 Phrygia
1255 2130 1292 2165 in
1311 2129 1598 2175 Peloponnesum

914 2181 1114 2227 navigaret,
1147 2181 1422 2228 Hippodamiam
1435 2208 1445 2226 ,
1471 2182 1597 2217 OEno—

913 2234 983 2268 mai
1000 2234 1108 2269 filiam
1123 2261 1132 2279 ‚
1147 2247 1293 2269 uxorem
1306 2234 1403 2269 duxit
1417 2260 1426 2277 ,
1444 2234 1597 2270 victoriae

914 2287 1110 2332 praemium.
1120 2305 1165 2313 -
1175 2287 1344 2321 Acheloia
1356 2300 1490 2322 cornua.
1512 2287 1597 2322 Flu-

914 2352 997 2374 men
1024 2340 1149 2385 ipsum‘
1168 2339 1343 2375 Achelous
1356 2366 1366 2384 ,
1396 2339 1532 2375 Oceani
1559 2347 1594 2375 et

914 2392 1073 2427 Thetidis
1091 2392 1180 2428 filius
1193 2418 1202 2436 ,
1232 2393 1312 2437 qui,
1344 2393 1526 2438 assumptis
1543 2393 1596 2427 vi-

913 2446 1026 2482 cissim
1060 2446 1230 2491 serpentis
1263 2452 1299 2481 et
1325 2445 1415 2481 tauri
1449 2446 1570 2481 formis
1583 2473 1592 2489 ‚

913 2512 995 2534 cum
1011 2498 1165 2534 Hercule
1182 2498 1371 2534 decertavit
1385 2526 1394 2543 ,
1415 2498 1594 2544 Dejanirae

914 2565 1033 2587 amore
1050 2558 1192 2597 captus3
1209 2551 1387 2596 victusque
1408 2551 1450 2585 ab
1470 2550 1593 2586 Alcide

912 2607 988 2641 suit.
999 2605 1145 2641 Illorum
1158 2604 1313 2651 exempla
1329 2604 1427 2640 Paris
1439 2603 1591 2647 adducit,

913 2658 972 2703 qui
989 2670 1053 2704 pro
1065 2670 1183 2692 amore
1199 2663 1396 2699 certarunt3
1410 2669 1496 2702 quos
1511 2655 1593 2691 imi-

912 2717 1070 2745 taturum
1094 2722 1130 2745 se
1153 2709 1258 2753 dicit,
1287 2709 1315 2744 si
1340 2708 1478 2743 Helena
1500 2709 1590 2743 sorte

912 2764 1174 2807 magm'prelium
1184 2764 1385 2796 certaminir.
1404 2761 1506 2796 Mera
1518 2760 1590 2796 haee

914 2814 1077 2849 amatoris
1094 2814 1290 2849 ostentatio.
