1884 3112
0 1519 29 2043 «qm-ggww-sznngausssatewheffg
8 1448 18 1502 ·
5 1400 25 1434 4,;
1 1369 17 1381 ε

6 2219 13 2232 s
15 2210 18 2211 ,
4 2195 18 2203 i
7 2180 25 2190 f
0 2066 24 2176 mor-‘⁷419
2 2043 22 2059 ’ᾧ

559 257 897 307 LEANDER
937 257 1218 304 HERONI.

1529 260 1612 318 341

176 355 280 422 Ipse
301 369 426 402 meos
449 350 590 414 igitur
613 370 742 400 servo
756 389 770 410 ‚
797 351 965 419 quibus
987 372 1119 411 uror,
1135 370 1348 402 ¹amores:

244 431 419 497 Teque,
443 429 587 492 magis
610 428 717 478 caelo
741 429 878 493 digna
898 428 1070 496 puella,
1097 449 1274 496 sequor.

182 506 333 571 Digna
356 506 536 574 quidem
560 506 666 556 caelo
679 544 692 566 ‚
717 507 797 557 sed
810 507 961 556 adhuc
985 506 1142 556 tellure
1163 524 1336 556 morare
1356 526 1368 556 t

248 585 344 634 Aut
367 584 460 643 dic,
485 583 542 633 ad
565 584 764 651 Superos
787 584 894 633 hinc
916 583 1027 633 mihi
1053 604 1142 651 qua
1165 585 1224 633 sit
1247 585 1344 633 iter.

1563 610 1624 646 ¹7⁰

186 661 275 712 Hic
295 681 368 721 es,
395 673 441 710 et
464 662 675 725 exiguum
697 662 860 710 misero
885 661 1113 725 contingis
1137 661 1329 710 amanti:

253 740 456 807 Cumque
477 759 577 789 mea
594 740 711 789 fiunt
733 739 914 788 turbida
933 751 1080 789 mente
1103 739 1227 788 freta.

187 817 313 883 Quid
332 817 469 877 mihi,
491 818 614 885 quod
635 817 726 867 lato
751 836 846 866 non
869 837 1051 885 separor
1074 837 1277 886 aequore,
1302 813 1521 885 prodest?

247 897 368 945 Num
389 896 538 945 minus
561 896 650 945 hoc
673 896 810 945 nobis
833 907 922 945 tam
945 896 1094 945 brevis
1118 897 1271 945 obstat
1293 898 1441 963 aqua?

182 975 258 1025 An
279 973 430 1024 malim
454 974 616 1024 dubito
641 987 739 1024 toto
761 975 921 1043 procul
948 976 1057 1025 orbe
1080 987 1280 1025 remotus

1568 990 1629 1037 175

248 1054 365 1105 Cum
388 1053 571 1103 domina
593 1053 728 1118 longe
752 1073 876 1121 spem
897 1074 1077 1121 quoque
1097 1054 1264 1103 habere
1284 1073 1395 1103 mea.

186 1132 293 1197 Quo
306 1125 505 1200 *propius
527 1151 649 1181 nunc
672 1151 743 1192 es,
766 1132 942 1182 flamma
963 1133 1180 1200 propiore
1203 1131 1372 1182 calesco
1391 1151 1402 1181 :

189 1278 274 1315 Vid.
285 1278 402 1315 Tibul.
413 1279 473 1315 lib.
487 1293 500 1314 ι
515 1279 642 1326 „Eleg.
654 1280 675 1324 4
685 1306 695 1324 ,
712 1293 802 1314 vers.
819 1279 882 1315 31:

191 1339 279 1374 Qum
291 1341 360 1375 jae-et
370 1359 378 1372 ,
391 1339 500 1366 infima
509 1349 606 1366 venere
617 1340 662 1365 ubi
672 1340 725 1366 sata
738 1348 846 1366 senecta!
857 1360 866 1373 ,

224 1390 280 1424 Qui
293 1389 367 1424 prior
379 1390 443 1416 Eleo
455 1398 563 1416 carcero
573 1390 671 1415 minus
681 1398 775 1424 equus.

196 1437 335 1475 Contra
363 1439 439 1475 haec
459 1439 508 1474 ita
539 1439 709 1485 scriptum
739 1439 881 1485 reliquit

196 1492 334 1540 Caper:
350 1508 369 1524 «ι
385 1495 512 1529 carcer
522 1492 704 1527 masculini
718 1493 856 1539 generis
868 1519 878 1538 ‚

192 1547 345 1582 nonnisi
357 1546 581 1594 singulariter
596 1545 735 1591 dicitur,
754 1547 792 1592 in
808 1559 880 1592 quo

191 1600 355 1635 homines
365 1607 575 1636 coercentur
585 1612 593 1634 :
603 1600 784 1645 pluraliter
795 1613 880 1635 vero

194 1656 377 1696 Carceres,
403 1653 500 1689 unde
530 1666 653 1689 currus
678 1653 881 1688 effundun-

189 1712 258 1741 tur.
277 1721 295 1736 »ι
320 1704 490 1740 Etuditus
507 1705 618 1740 lector
629 1731 639 1749 ‚
657 1712 878 1751 perpetuone

191 1766 276 1792 vern
283 1756 359 1792 hec
367 1756 570 1792 differentia
579 1757 623 1791 sit
631 1783 640 1800 ,
649 1756 828 1803 judicabit.
838 1755 881 1791 C.

238 1811 312 1846 168.
333 1812 445 1857 Teque
461 1813 582 1857 magis.
599 1811 707 1846 Forte
725 1823 734 1845 :
803 1809 805 1811 ’

223 1866 317 1900 Teque
329 1866 395 1891 mari
407 1883 415 1897 ,
426 1866 491 1891 eolo
498 1866 578 1899 digua
588 1866 676 1899 puell·
686 1884 695 1897 ,
708 1873 813 1899 sequor.
826 1866 863 1890 H.

191 1915 388 1962 Perperam
409 1927 417 1949 :
439 1921 474 1949 te
489 1918 600 1960 magis
621 1914 766 1961 dignam
788 1915 883 1949 inter

193 1968 308 2005 stellas
324 1968 434 2014 recipi
458 1973 494 2003 et
509 1963 626 2002 De'am
649 1967 749 2012 sieri,
774 1980 883 2013 quam

196 2021 429 2063 Andromeda
440 2047 450 2066 ,
476 2021 633 2056 Ariadna
647 2028 682 2056 et
696 2022 779 2056 aliae.

243 2075 317 2125 169.
345 2077 480 2111 Tellure
500 2089 639 2110 mamre.
671 2076 724 2111 lta
748 2076 785 2110 in
812 2075 885 2111 Al-

197 2126 290 2163 dinis
298 2127 462 2172 hebetur,
473 2127 591 2174 itaque
610 2127 803 2173 legendum
819 2140 886 2174 po-

197 2181 269 2217 tius
277 2181 436 2217 existimo
445 2197 453 2225 ;
465 2188 505 2217 ut
513 2182 557 2218 sit
567 2181 763 2228 imperativi
773 2181 884 2226 modi,

199 2245 307 2279 quam
324 2233 633 2282 momq‘inflnitivo
645 2261 655 2279 ,
673 2240 733 2269 aut
745 2236 887 2268 moran}

198 2287 387 2323 indicativo
414 2287 533 2323 modo.
558 2288 652 2323 Nam
676 2295 712 2323 et
734 2299 886 2333 sequens

198 2341 348 2376 'verbum
355 2341 516 2387 eiusdem
522 2341 620 2376 modi
627 2347 692 2385 est,
702 2353 814 2387 quum
824 2342 887 2376 ait:

228 2396 286 2422 Aut
295 2396 351 2429 die,
358 2397 392 2422 nd
399 2398 513 2430 superos
522 2396 584 2421 b'mc
592 2396 657 2421 mihi
669 2397 761 2430 ‹lu-usit
773 2397 832 2422 iter.
841 2397 885 2422 Μ.

197 2446 367 2488 mmm,
389 2445 594 2481 Puteaneus
618 2452 655 2481 et
678 2444 734 2480 alii
758 2444 888 2481 multi:

199 2506 272 2535 tres
284 2525 294 2543 ,
317 2502 456 2535 moreris·
472 2513 483 2534 ,’
498 2512 593 2535 unus
604 2503 737 2536 morant
750 2498 889 2536 Hnms.

246 2567 259 2588 1
268 2566 320 2599 70.
348 2554 443 2588 Hinc
468 2555 556 2588 mihi
575 2562 642 2599 qua
667 2557 717 2588 sit
740 2557 814 2589 iter.
838 2555 890 2589 Et

198 2606 301 2647 mihi,
330 2605 535 2640 Puteaneus
552 2617 635 2640 cum
660 2605 770 2641 tribus
787 2605 860 2641 aliis
877 2617 888 2641 ε

199 2658 303 2693 bene.
326 2657 422 2704 Lego
444 2664 564 2692 autem
583 2670 592 2693 z

227 2712 286 2738 Aut
295 2712 358 2745 duc,
371 2713 405 2739 nd
417 2714 530 2747 Superos
541 2718 567 2738 et
578 2712 643 2738 mibi
657 2722 710 2748 qun
724 2714 760 2739 §it
771 2713 830 2740 iter,
848 2713 889 2739 Η.

206 2761 283 2796 Aut
291 2763 372 2798 hinc
390 2764 441 2797 ad
452 2763 595 2808 Superos
605 2764 661 2800 dic
673 2765 760 2800 mihi
769 2777 835 2810 qua
846 2767 896 2799 sit

209 2816 293 2859 iter,
323 2814 494 2861 Excerpta
511 2815 653 2852 Douzae.

995 1294 1008 1315 1
1017 1295 1033 1326 7
1041 1295 1068 1316 1.
1080 1283 1149 1316 Hic
1161 1294 1200 1316 es
1213 1288 1278 1316 etc.
1289 1282 1383 1316 Hinc
1391 1284 1449 1315 est
1459 1280 1551 1326 quod
1556 1294 1634 1316 raro

948 1336 1070 1368 mirem
1085 1337 1253 1380 c'ontmfflzr
1266 1336 1407 1369 amanti.
1424 1333 1482 1368 Sic
1494 1333 1531 1368 in
1549 1334 1636 1380 qui—-

949 1385 1099 1421 busdam
1107 1387 1248 1433 legitur;
1259 1393 1380 1432 estque
1388 1385 1495 1421 illatio
1505 1387 1633 1432 absque

945 1438 1177 1474 antecedente
1188 1439 1261 1474 :cui
1270 1441 1368 1475 enim
1379 1439 1508 1474 inseras
1516 1465 1526 1482 ,
1537 1440 1630 1474 Hinc

945 1497 1002 1527 est
1010 1486 1106 1538 ,quod
1115 1506 1190 1528 raro
1202 1496 1221 1530 ,Ρ
1239 1493 1299 1528 An
1316 1493 1349 1528 ei
1367 1492 1461 1539 quod
1474 1493 1631 1539 proxime

946 1544 1144 1590 antecedit,
1179 1547 1256 1582 Au!
1280 1548 1356 1587 dic,
1384 1548 1436 1580 ad
1456 1547 1600 1590 Supems
1615 1548 1636 1582 ,Ρ

947 1598 997 1633 At
1012 1598 1279 1645 interrogationi
1303 1598 1386 1634 huic
1403 1611 1477 1633 non
1497 1605 1611 1644 potest
1624 1625 1634 1642 ‚

946 1657 982 1685 et
992 1650 1215 1686 ulterioribus
1224 1649 1478 1686 inconveniens
1488 1658 1551 1685 est.
1569 1651 1633 1685 Le-

947 1716 992 1749 go
1008 1716 1092 1750 ergo
1118 1717 1200 1738 cum
1229 1703 1367 1738 Aldinis
1395 1716 1404 1738 :
1425 1705 1496 1738 Hic
1521 1716 1579 1744 cs,
1600 1707 1638 1737 et

946 1760 1103 1800 exiguum
1137 1759 1259 1792 n'nkem
1288 1759 1458 1801 contingis·
1479 1761 1633 1799 amant&

948 1809 1043 1855 quod
1062 1816 1114 1845 est
1131 1822 1138 1845 :
1153 1810 1236 1846 Non
1250 1821 1286 1845 es
1301 1810 1339 1844 in
1354 1809 1444 1844 caelis
1458 1835 1467 1853 ,
1484 1816 1544 1844 aut
1562 1816 1634 1844 tam

947 1861 1053 1908 longe
1075 1870 1232 1906 remota,
1259 1869 1295 1897 et
1322 1869 1443 1897 tamen
1472 1862 1637 1907 exiguum

949 1915 1122 1962 contingis
1140 1928 1148 1950 z
1163 1915 1232 1950 hoc
1244 1921 1295 1950 est
1305 1941 1314 1958 ,
1338 1926 1418 1948 raro
1430 1927 1468 1948 ac
1476 1913 1614 1949 modice
1628 1928 1636 1950 :

949 1969 1061 2014 posito
1079 1968 1250 2014 adjectivo
1261 1968 1380 2003 neutri
1399 1967 1536 2014 generis
1549 1994 1558 2011 ,
1570 1980 1636 2014 pro

950 2021 1125 2056 adverbio.
1138 2022 1330 2055 MICYL.—·
1343 2021 1395 2054 Et
1402 2022 1561 2064 exiguum
1573 2024 1639 2056 mi-

950 2088 1025 2109 sero
1043 2076 1212 2118 contingit
1227 2076 1365 2107 amanti
1372 2100 1381 2114 ,
1411 2073 1559 2106 omnino
1580 2073 1640 2108 le—

953 2127 1111 2175 gendum
1134 2140 1153 2162 e
1177 2126 1279 2161 bonis
1306 2126 1583 2172 exemplaribus,
1606 2134 1641 2161 et

952 2181 1100 2215 ratione.
1130 2178 1171 2214 ld
1186 2186 1259 2223 est,
1278 2185 1314 2214 et
1330 2191 1475 2225 perraro
1491 2191 1570 2213 eam
1581 2192 1641 2214 ca—

953 2234 1068 2280 pimus
1088 2232 1306 2278 voluptatem
1316 2257 1325 2275 ,
1344 2244 1450 2276 quam
1463 2232 1638 2278 frequen—

953 2286 1083 2321 tissime
1109 2297 1233 2331 capere
1253 2283 1471 2319 deberemus.
1492 2283 1600 2319 C10r.

1003 2341 1075 2386 174.
1097 2339 1175 2374 Non
1189 2341 1300 2373 minus
1315 2340 1397 2373 ἧσε.
1414 2339 1504 2373 Num
1516 2338 1642 2373 Putea-

953 2405 1054 2427 neus.
1083 2391 1174 2426 Vide
1193 2391 1303 2427 Notas
1317 2390 1428 2437 Epist.
1444 2394 1504 2435 xi,
1526 2404 1558 2424 v.
1583 2403 1641 2439 19:

954 2457 1047 2479 unus
1059 2443 1243 2479 Medieeus
1255 2451 1290 2479 et
1302 2444 1543 2490 fragmentum
1558 2443 1640 2478 Far·

954 2497 1160 2541 nesiax‘mm,
1182 2498 1260 2532 Non
1278 2499 1388 2531 minu's
1414 2497 1487 2531 hoc.
1520 2496 1616 2540 Lego
1634 2521 1644 2538 ,

956 2551 1046 2585 Num
1062 2553 1172 2585 minus
1183 2551 1270 2592 boc‚·
1291 2555 1324 2584 et
1338 2561 1404 2596 pro
1422 2551 1512 2585 Num
1529 2549 1644 2583 malim

956 2617 1087 2649 sequen
1093 2603 1118 2638 ti
1126 2616 1242 2647 versu,
1250 2604 1309 2638 An
1316 2605 1445 2646 malint,-
1455 2601 1646 2648 elegantius

957 2664 1052 2693 certe
1064 2683 1074 2701 ‚
1106 2664 1146 2692 ut
1173 2669 1254 2691 cum
1281 2659 1438 2702 pmpz'otv
1463 2655 1617 2691 colludat
1634 2682 1643 2698 ‚

958 2723 1058 2745 more
1072 2708 1261 2746 Ovidiano.
1287 2709 1422 2745 HEINS.

1006 2777 1019 2797 1
1027 2777 1077 2810 77.
1098 2764 1173 2807 Quo
1181 2765 1333 2808 propius.
1346 2762 1421 2806 Quo
1426 2764 1572 2808 μυρίον,
1584 2759 1650 2795 Ex-

960 2823 1079 2863 cerpta
1087 2816 1234 2862 Douzae,
1252 2815 1420 2861 Sarravii,
1431 2822 1467 2851 et
1477 2814 1579 2850 multi
1591 2813 1657 2848 alii.
