1884 3112
321 225 407 282 364

766 228 1116 273 EPISTOLA
1149 230 1260 275 XX.

384 318 478 382 Qui
499 336 623 368 meus
645 330 736 378 est,
760 319 851 368 ulla
873 332 995 387 parte
1021 320 1221 380 dolente,
1246 322 1386 371 dolor.

318 395 443 459 Quid
464 395 612 462 pudor
636 414 713 444 ora
735 395 886 445 subit?
905 416 1029 456 nam,
1054 399 1169 447 sicut
1191 399 1238 447 in
1262 399 1350 449 aede
1374 400 1550 460 Dianae,
1704 419 1725 453 5

382 472 594 538 Suspicor
620 472 833 535 ingenuas
857 474 1086 524 erubuisse
1112 495 1257 538 genas·

321 549 588 613 Conjugium
608 561 868 617 pactamque
890 551 1045 611 fidem,
1070 571 1162 600 non
1186 551 1367 600 crimina
1388 571 1556 618 posco:

383 626 574 682 Debitus
596 639 648 675 ut
671 627 833 693 conjux
851 665 863 686 ,
887 648 980 676 non
1000 641 1052 677 ut
1075 628 1266 686 adulter,
1293 647 1404 677 amo.

318 704 465 752 Verba
487 703 590 753 licet
609 717 800 772 repetas,
828 725 924 772 quae
948 705 1120 754 demtus
1143 706 1380 755 abarbore
1402 706 1533 756 foetus

381 781 570 830 Pertulit
593 782 647 830 ad
669 794 829 841 castas,
848 793 923 831 'me
941 783 1148 847 jaciente,
1172 802 1355 843 manus;
1689 811 1727 835 ιο

318 859 518 907 Invenies
540 858 631 907 illic
652 859 699 907 id
718 871 759 908 te
780 860 970 925 jurasse,
997 860 1120 926 quod
1143 872 1251 926 opto

381 937 446 984 Te
469 936 639 1002 potius,
663 936 811 999 virgo,
838 956 970 1003 quam
990 937 1239 985 meminisse
1269 937 1419 985 Deam.

316 1013 445 1060 Nunc
470 1031 647 1077 quoque
669 1012 786 1061 idem
809 1013 966 1071 timeo3
992 1012 1076 1061 sed
1091 1012 1210 1061 idem
1234 1024 1378 1061 tamen
1401 1013 1543 1062 acrius
1567 1010 1679 1062 illud

382 1088 615 1136 Adsumsit
635 1089 769 1147 vireS,
795 1101 1007 1156 auctaque
1029 1089 1201 1138 flamma
1220 1109 1344 1138 mora
1366 1101 1444 1138 est.
1514 1091 1517 1095 ’

318 1165 498 1231 Quique
521 1165 606 1213 fuit
627 1184 856 1232 nunquam
878 1185 1062 1232 parvus,
1087 1186 1206 1215 nunc
1232 1178 1428 1233 tempore
1450 1165 1621 1230 longo„
1691 1181 1727 1214 15

380 1244 441 1290 Et
462 1261 560 1308 spe,
587 1262 718 1309 quam
743 1242 924 1292 dederas
950 1256 998 1292 tu
1022 1244 1156 1302 mihi,
1182 1244 1318 1293 crevit
1339 1263 1473 1292 amor.

316 1322 451 1388 Spem
471 1322 583 1370 mihi
605 1333 654 1370 tu
678 1322 884 1371 dederas:
902 1341 1025 1371 meus
1049 1322 1122 1371 hic
1146 1322 1230 1370 tibi
1253 1321 1439 1370 credidit
1461 1321 1603 1369 ardor.

360 1437 391 1480 4.
407 1437 477 1480 Qui
485 1448 576 1470 meus
586 1439 648 1476 est,
660 1437 733 1469 ulla
737 1438 837 1479 pade
842 1437 989 1477 dolente,

314 1490 416 1522 dolor.
426 1490 552 1522 Dolore
560 1514 570 1529 ,
583 1489 782 1522 Puteaneus
790 1495 825 1522 et
838 1488 893 1522 alii
905 1500 993 1522 non-

313 1540 422 1583 nulli,
444 1547 513 1575 tres
528 1540 625 1584 libri,
642 1541 775 1574 dolente
791 1553 801 1574 .·
814 1540 992 1585 quomodo

313 1599 351 1626 et
362 1592 448 1626 alter
461 1591 697 1626 Mentelianus
707 1604 771 1637 pro
782 1592 916 1626 diversa
928 1592 992 1626 lec-

314 1644 472 1678 tione.—
484 1643 537 1678 Sit
550 1656 687 1678 sensus:
706 1643 806 1677 dolor
819 1643 882 1678 iste
898 1656 991 1677 meus

315 1703 383 1740 est,
395 1709 452 1730 me
467 1696 593 1741 tangit,
609 1696 667 1741 qui
679 1697 733 1730 vel
745 1696 928 1730 minimam
941 1699 996 1730 tui

315 1755 460 1794 partem.
479 1748 517 1782 Si
534 1747 615 1793 quid
633 1748 694 1782 tibi
711 1747 837 1791 doleat,
853 1747 887 1781 id
901 1759 991 1792 quo-

317 1813 384 1845 que
396 1799 482 1834 mihi
494 1812 582 1845 aegre
595 1800 639 1835 sit
653 1812 790 1835 necesse
803 1806 862 1835 est.
876 1800 908 1834 Is
920 1799 990 1834 ani-

314 1865 455 1886 morum
471 1865 656 1887 consensus
670 1853 677 1886 !

359 1906 390 1938 5.
426 1906 495 1939 Ora
517 1907 616 1939 subit.
648 1904 806 1950 Occupat
834 1904 958 1939 faciem
979 1918 989 1946 ;

315 1962 419 2001 atque
447 1955 522 1990 haec
548 1962 599 1990 est
626 1969 707 1990 vera
733 1957 845 1991 lectio.
886 1955 989 1991 Clor.

313 2009 408 2044 Ante
421 2010 532 2050 subit,
561 2009 759 2043 Puteaneus
781 2009 906 2054 aliique
930 2021 991 2043 co·—

314 2060 406 2095 dices
416 2072 544 2105 magno
553 2072 713 2095 numero.
727 2060 858 2103 Scribe,
873 2062 991 2103 Quid?

309 2114 422 2157 pudor
429 2125 518 2146 anne
532 2115 651 2148 subit?
665 2119 704 2146 ut
716 2112 807 2157 apud
826 2111 991 2146 Claudia-

315 2177 422 2209 num,
444 2165 643 2200 Praesat.lib.
654 2176 683 2198 11
694 2191 703 2209 ,
720 2165 757 2198 in
769 2165 914 2210 Eutrop.
928 2166 984 2207 41:

315 2222 387 2255 Quid
396 2222 482 2247 soror?
492 2222 596 2247 audebit
604 2227 687 2246 tecum
694 2220 988 2247 conscendereclassem?

315 2271 503 2316 Vulgatam
511 2277 629 2305 tamen
636 2270 820 2305 lectionem
827 2283 900 2305 non
911 2270 987 2305 sol-

313 2323 442 2357 licitem
461 2330 619 2357 temere:
637 2335 720 2357 nam
735 2323 782 2357 ita
798 2322 987 2366 1v,Trist.

315 2376 337 2410 l
352 2386 499 2419 111,1o:

346 2430 406 2455 Ave
408 2401 454 2455 i-ist
466 2431 571 2462 vs,ultu
586 2435 611 2455 et
624 2430 719 2455 subito
704 2439 789 2455 our-ar
773 2430 832 2455 nobi
838 2430 968 2455 ..Hmus

356 2478 388 2513 6.
410 2479 588 2523 Ingenuus.
604 2479 810 2523 Ambt‘guas,
830 2478 936 2512 Bern.

361 2544 374 2564 ι
384 2545 411 2565 1.
439 2532 594 2565 Invenies
608 2533 680 2565 illic
701 2533 742 2564 id
754 2534 787 2564 le
807 2531 983 2574 spondete,

314 2584 403 2627 quod
413 2583 508 2626 opto!
528 2589 592 2617 etc.
614 2582 781 2616 Acontius
798 2581 840 2616 ad
859 2580 986 2628 Cydip-

314 2646 382 2678 pen
395 2660 404 2677 ,
423 2633 514 2679 apud
530 2634 724 2668 Aristenaet.
747 2633 837 2668 dicta
853 2633 960 2678 Epist.
977 2642 986 2665 :

313 2690 383 2720 Εἴθε
400 2690 454 2729 μέν
470 2687 529 2728 οὖν,
542 2688 580 2724 ὡς
591 2687 699 2735 ἀρτίως
711 2688 861 2730 ἦυχέμην,
875 2690 985 2734 ιῦσρκσς

315 2741 388 2776 εἴης·
410 2742 464 2772 εἴθε
485 2740 541 2786 γὰρ
558 2741 585 2773 εἰ
603 2742 633 2773 δὲ
650 2738 797 2782 ἆποθαιή,
821 2738 888 2787 ὅπερ
904 2751 945 2781 μη
954 2740 985 2771 0⁸2

1057 1438 1151 1481 λέγειν
1161 1438 1259 1479 καλόν,
1277 1439 1292 1478 ἦ
1308 1427 1438 1485 Α’ῃτεμις
1448 1438 1520 1478 &qm
1533 1450 1582 1471 σοι
1593 1436 1731 1486 ’παρθένος

1055 1505 1127 1538 ‚rpus
1131 1496 1216 1523 ἴα.-
1222 1489 1375 1522 Invenies
1380 1490 1454 1522 illic
1459 1488 1538 1522 idle
1545 1489 1729 1532 spondisse.

1056 1541 1236 1576 Libentius
1243 1540 1337 1586 lego,
1351 1547 1390 1575 ut
1401 1547 1453 1575 est
1468 1540 1504 1575 in
1517 1540 1588 1576 aliis
1601 1539 1658 1575 lib.
1663 1540 1731 1585 ju·-

1055 1607 1159 1628 rasse.
1173 1594 1269 1628 Infra
1284 1606 1292 1628 ε
1305 1595 1389 1628 Hoec
1400 1593 1573 1637 adjuravit
1580 1595 1730 1627 amanti:

1054 1653 1090 1681 et
1102 1672 1111 1690 ,
1133 1648 1199 1679 sed
1215 1648 1286 1679 hoec
1303 1648 1423 1679 metuit
1429 1644 1567 1689 petjum
1589 1646 1709 1678 vocari
1719 1653 1731 1675 -'

1055 1704 1091 1732 et
1104 1697 1204 1731 initio
1217 1722 1227 1740 ,
1248 1696 1508 1740 Hemmjumbdr
1522 1698 1662 1729 amanti.
1687 1693 1731 1730 C.

1055 1767 1098 1775 -
1117 1750 1218 1791 Quod
1227 1753 1315 1793 opto.
1336 1749 1453 1792 Optem
1472 1747 1575 1782 malo.
1595 1747 1730 1782 Hltms.

1102 1801 1151 1835 13.
1173 1802 1272 1836 Nunc
1292 1813 1417 1845 quoque
1439 1801 1526 1833 idem
1550 1802 1650 1834 tt‘meo
1665 1805 1729 1833 etc.

1055 1852 1109 1887 Ne
1119 1852 1187 1886 scil.
1196 1852 1310 1886 Diana
1320 1851 1476 1897 promissi
1486 1850 1536 1884 tui
1545 1850 1621 1896 plus
1630 1861 1731 1895 aequo

1055 1904 1257 1938 meminerit
1267 1918 1275 1945 ;
1288 1902 1436 1949 ideoque
1447 1905 1636 1948 adsumpsi!
1643 1905 1731 1938 vites

1053 1957 1139 1992 illud
1156 1956 1249 2002 quod
1265 1959 1376 1990 lz'meo.

1102 2011 1150 2054 14.
1174 2010 1272 2043 Mora
1283 2013 1346 2042 est.
1362 2008 1474 2050 Metu,
1493 2007 1635 2043 Moreti.

1102 2076 1115 2096 1
1122 2064 1151 2097 5.
1167 2064 1204 2097 V
1196 2064 1233 2095 el
1236 2060 1377 2105 tempore
1387 2062 1494 2104 longo.
1506 2061 1579 2094 Nec
1588 2063 1731 2104 tempore

1054 2113 1391 2157 Puteaneus,aliique
1399 2111 1538 2158 plurimi
1546 2124 1554 2146 :
1561 2111 1729 2157 quinque,

1052 2171 1122 2200 tam
1135 2170 1296 2209 lemporc‚·
1309 2164 1382 2209 lege
1392 2189 1401 2207 ,
1407 2164 1487 2208 jam
1500 2167 1643 2207 tempore
1654 2165 1731 2198 lom

1049 2230 1114 2261 go:
1131 2217 1196 2252 nisi
1212 2216 1309 2250 malis
1320 2242 1329 2260 ,
1350 2228 1439 2249 nunc
1450 2219 1594 2260 tempore
1605 2242 1614 2256 ,
1634 2227 1729 2260 quo-

1051 2269 1158 2303 modo
1175 2269 1306 2304 Moreti
1321 2268 1427 2303 codex
1439 2280 1521 2302 cum
1541 2279 1614 2302 uno
1632 2267 1728 2302 Am-

1050 2322 1223 2356 brosiano.
1239 2332 1279 2355 1v
1290 2348 1299 2364 ,
1318 2321 1464 2355 Metam.
1481 2321 1524 2354 50
1540 2332 1549 2355 z
1573 2321 1730 2364 Tempore

1051 2378 1155 2409 erepit
1166 2387 1266 2408 amor.
1281 2374 1384 2408 Unus
1397 2399 1406 2417 ,
1424 2386 1487 2407 nec
1497 2377 1639 2416 tempore
1646 2385 1730 2416 pat-

1051 2439 1091 2460 vo
1105 2439 1115 2460 :
1128 2439 1218 2460 unus
1233 2425 1354 2460 itidem
1368 2452 1377 2469 ‚
1395 2438 1437 2459 nc
1454 2429 1597 2469 tempore
1607 2426 1707 2468 longo
1719 2435 1731 2457 .·

1051 2477 1152 2520 alius,
1170 2490 1237 2511 non
1253 2481 1397 2521 tempore
1408 2478 1515 2520 longo.
1531 2476 1662 2510 Hssms.

1098 2529 1147 2563 16.
1170 2530 1227 2562 Ex
1243 2541 1310 2574 spe.
1334 2529 1533 2563 Puteaneus
1549 2533 1584 2561 et
1605 2526 1727 2561 decem

1050 2581 1121 2625 alii,
1135 2583 1186 2615 Et
1193 2594 1252 2626 spe
1264 2595 1274 2615 :
1288 2580 1430 2626 quidam
1441 2593 1521 2614 curn
1534 2579 1646 2625 prima
1658 2577 1727 2612 edi-

1049 2633 1145 2667 tione
1157 2660 1166 2673 ,
1196 2635 1247 2667 Et
1266 2645 1357 2677 spem
1374 2646 1384 2667 :
1405 2632 1519 2678 plures
1532 2657 1542 2674 ,
1566 2632 1618 2664 Et
1636 2642 1725 2673 spes.

1049 2685 1227 2720 Leidensis
1239 2712 1248 2729 ,
1265 2687 1302 2719 Is
1317 2698 1386 2729 spe.
1408 2686 1520 2719 Crevit
1535 2683 1639 2717 etlam
1660 2694 1725 2727 pro

1048 2741 1179 2780 crescit,
1194 2737 1406 2779 Puteaneus,
1418 2742 1453 2770 et
1465 2734 1585 2769 decem
1596 2733 1660 2768 alii.
1671 2733 1727 2767 In.
