1884 3112
278 273 360 329 134

731 279 1085 328 EPISTOLA
1125 287 1214 332 VI.

328 365 474 414 Aurea
498 367 705 435 Phryxeae
729 381 850 433 terga
873 372 1043 426 revellit
1067 376 1179 424 ovis.

263 440 367 490 Non
390 442 552 507 probat
574 442 798 494 Alcimede
821 459 959 496 mater
980 460 1079 510 tua3
1106 453 1285 502 consule
1302 447 1510 506 matrem:

1614 475 1674 509 105

325 518 429 565 Non
451 530 594 584 pater,
619 538 645 567 a
666 520 812 583 gelido
834 525 905 572 cui
923 527 1042 576 venit
1064 547 1141 578 axe
1163 548 1315 580 nurus.

259 678 385 714 nostris
400 686 450 715 est
465 680 633 726 peculiare
643 708 652 726 ,
669 682 706 717 in
722 681 854 719 duabus
869 685 936 720 sci-

259 728 340 765 licet
356 730 571 768 dictionibus.
599 733 724 779 Quum
749 736 845 770 enim
865 749 935 772 una

260 783 469 818 terminatur
485 783 701 832 diphthongo
716 812 726 831 ,
753 794 789 821 et
809 788 935 823 subse-

261 846 372 878 quens
385 848 403 869 a
423 836 534 871 vocali
558 837 698 882 incipiat
710 864 719 882 ‚
751 840 936 885 corripitur

259 885 494 933 diphthongus
501 888 711 933 praecedens‚
718 896 843 926 natura
856 891 935 927 alio·

259 937 344 982 quin
368 938 495 984 longa;
528 947 568 975 ut
598 942 722 975 Insula
747 944 860 984 Ionio,
888 956 934 979 ne

252 1001 363 1034 graeca
378 990 482 1025 citern
495 1017 504 1035 ,
528 997 564 1026 et
578 994 644 1026 Ilio
659 995 731 1027 alto
742 1020 751 1035 ,
779 1001 815 1029 et
837 996 934 1030 Pelio

261 1042 392 1075 Ossam.
419 1040 491 1076 Sed
517 1050 552 1077 et
575 1044 612 1078 in
638 1044 762 1079 eadem
783 1044 933 1081 dictione

256 1092 355 1137 Virg.
373 1105 483 1137 quum
502 1093 585 1129 dixit
602 1098 802 1141 sudibusque
810 1111 934 1141 proeus-

252 1146 317 1184 tis,
346 1143 604 1191 diphthongum
628 1147 811 1192 corripuit;
840 1149 933 1194 quod

252 1201 290 1228 et
305 1194 453 1231 Ovidius
469 1195 606 1243 quoque
619 1223 629 1243 ,
656 1199 745 1233 Met.
758 1210 830 1244 vn,
851 1201 909 1235 '131
923 1212 932 1234 ε

253 1254 328 1285 Quos
343 1254 387 1279 ubi
399 1255 520 1281 viderunt
525 1264 674 1291 proeacutoe
687 1259 804 1292 cuspidis
813 1258 908 1286 hastas.

252 1310 356 1345 Adde
373 1312 467 1357 quod
478 1313 533 1347 vix
548 1313 639 1360 legas
650 1340 660 1358 ,
682 1315 747 1350 nisi
762 1316 932 1351 memoria

251 1375 309 1396 me
325 1362 443 1398 deficit
453 1390 462 1408 ,
480 1366 615 1400 AEetam
626 1366 864 1414 bissyllabum,
878 1369 932 1403 vel

251 1415 345 1460 apud
375 1415 481 1451 Ovid.
513 1417 660 1452 Metam.
685 1430 740 1454 vn
752 1445 761 1463 ‚
787 1433 849 1467 170
862 1447 872 1465 ,
897 1427 933 1455 et

251 1465 344 1501 infra
355 1493 364 1510 ,
382 1467 457 1502 325.
473 1486 518 1495 ·—
532 1469 590 1504 Sic
607 1470 794 1516 Egnatius,
811 1479 931 1507 contra

251 1530 357 1562 quem
365 1519 568 1565 Naugerius.
575 1524 700 1557 Phasis·
708 1524 827 1558 Aeeta
834 1524 931 1559 nullo

251 1577 352 1615 pacto
374 1571 440 1617 legi
464 1579 596 1617 potest,
621 1581 660 1608 ut
677 1575 798 1609 Aee'loe
819 1577 930 1621 prima

249 1622 476 1667 corripiatur;
502 1637 617 1670 neque
639 1625 707 1659 ulla
726 1626 782 1661 hic
801 1627 929 1661 simili-

247 1672 334 1707 tudo
361 1673 454 1708 inter
475 1674 542 1710 hoc
555 1702 564 1719 ,
589 1683 624 1711 et
641 1681 821 1720 praeuslum
837 1679 929 1712 Vir—

248 1723 332 1769 gilii,
345 1731 404 1759 aut
421 1725 539 1761 Ovidii
544 1733 760 1770 proeacutum.
775 1729 929 1775 Simplex

247 1783 300 1810 est
318 1789 474 1820 nomen;
495 1778 552 1812 illa
565 1804 575 1822 ,
593 1781 791 1826 composita.
819 1782 904 1816 Ideo
916 1808 926 1826 ,

247 1827 303 1861 vel
320 1827 490 1863 Ovidium
506 1829 573 1864 hoc
588 1843 721 1866 nomen
737 1845 778 1866 ex
790 1833 928 1880 trissyl-

245 1879 324 1913 labo
348 1880 385 1914 in
407 1881 627 1928 bissyllabum
643 1884 848 1919 contraxisse
865 1886 926 1920 di—

246 1931 400 1966 cendum
428 1939 497 1975 est3
522 1933 576 1968 vel
606 1935 749 1970 sortasse
780 1938 927 1972 Phasias

246 1984 369 2018 Aeetoe
384 1984 594 2030 legendum;
619 1986 713 2032 quod
730 1993 766 2022 et
780 2000 820 2022 ex
837 1988 927 2023 Pla-

246 2036 342 2071 nude
375 2037 469 2082 quasi
497 2037 609 2084 colligi
633 2045 747 2084 potest
758 2065 767 2083 ,
797 2040 856 2084 qui
888 2040 925 2074 in

248 2086 361 2123 adhuc
377 2089 508 2124 inedita
530 2090 730 2124 Heroidum
747 2091 926 2136 Epistola-

247 2151 329 2173 rum
346 2141 561 2186 Metaphrasi
577 2168 586 2186 ,
611 2142 727 2177 locum
741 2143 788 2178 sic
805 2143 924 2178 vertit:

246 2193 293 2226 Οὔ
303 2191 388 2227 ταῦτ’
400 2196 544 2235 Aio-ovid&
550 2211 575 2237 ς,
586 2193 650 2228 ἀλλ’
663 2195 800 2236 {spineas
811 2198 924 2236 Αἰήτου

246 2243 386 2292 θυγάτηρ.
411 2245 532 2279 Facilis
554 2245 636 2280 hinc
657 2246 711 2280 via
739 2246 781 2280 ad
803 2259 922 2281 veram

244 2293 496 2340 probatamque
514 2297 700 2332 lectionem
713 2324 722 2342 ,
750 2311 855 2344 quam
875 2299 922 2333 sic

244 2345 413 2381 Heinsius
439 2348 538 2383 nobis
561 2350 721 2384 restituit.
736 2369 781 2376 —
800 2351 843 2385 In
859 2362 922 2384 ve-

242 2397 390 2432 terrimo
404 2425 413 2442 ,
441 2400 556 2444 inquit
569 2426 578 2444 ,
606 2400 723 2436 codice
740 2402 920 2436 Puteaneo

241 2462 320 2493 pars
334 2451 505 2495 posterior
515 2451 619 2497 hujus
633 2465 749 2487 versus
765 2454 801 2488 in
818 2453 921 2488 litura

241 2501 403 2546 cubabat,
420 2503 529 2537 veteri
541 2503 689 2538 lectione
701 2517 809 2549 erasa,
821 2506 919 2550 cujus

239 2558 361 2587 tamen
371 2567 389 2588 e
397 2555 545 2601 vestigiis
553 2562 730 2601 utcunque
740 2563 920 2602 appareret

239 2603 405 2648 scriptum
410 2606 524 2650 primo
531 2607 632 2642 fuisse
638 2609 785 2642 Phasias
791 2609 916 2649 AEtine,

242 2666 350 2698 quum
368 2658 499 2700 To'filia
511 2671 529 2691 a
544 2671 653 2692 manu
669 2658 819 2693 secunda
830 2666 919 2693 esset

242 2704 411 2740 additum.
421 2707 537 2752 Atque
548 2709 639 2743 hanc
648 2722 719 2744 esse
729 2710 917 2755 genuinam

238 2757 386 2792 Nasonis
395 2757 497 2803 ipsius
513 2760 718 2804 scripturam
735 2761 843 2795 ausim
861 2760 917 2795 ad-

999 688 1153 734 firmare,
1170 703 1274 737 quam
1284 698 1318 727 et
1326 692 1530 731 Meziriacus
1538 691 1673 733 Gallicis

998 741 1036 776 in
1047 742 1108 778 has
1118 743 1285 789 Epistulas
1295 746 1408 790 Notis,
1421 743 1588 783 salmasio
1598 750 1674 794 sug-

999 801 1140 839 gerente
1151 821 1160 839 ,
1179 795 1338 832 laudavit.
1352 799 1488 833 AEeline
1495 809 1510 842 ;
1527 806 1567 835 ut
1581 801 1675 844 Nep-

999 848 1114 880 lum'ae
1124 874 1134 888 ,
1150 848 1294 882 Nereine
1305 875 1315 890 ,
1343 851 1529 892 Oceanine,
1548 852 1676 886 Adras-

998 900 1067 932 tine
1078 925 1088 939 ,
1119 901 1310 937 Nonam’ae
1321 927 1330 942 ,
1360 904 1527 944 Eaem'ne,
1560 910 1596 939 et
1618 904 1674 939 si-

998 949 1092 984 milia
1114 962 1123 984 :
1151 951 1246 996 quod
1275 953 1380 988 etiam
1406 954 1444 988 in
1471 954 1674 991 nominibus

998 1000 1133 1036 obtinet
1159 1003 1336 1038 civitatum
1352 1016 1361 1039 ι
1381 1005 1428 1040 sic
1445 1007 1674 1050 Ekphantme

997 1051 1034 1087 in
1051 1052 1228 1100 AEthiopia
1236 1055 1365 1101 civitas,
1375 1069 1480 1102 quam
1493 1057 1674 1094 Vitruvius

997 1110 1033 1138 et
1040 1105 1134 1139 Mela
1141 1107 1406 1151 Elephanlidem.
1414 1108 1530 1143 Insula
1538 1109 1673 1144 AEthio-

998 1156 1061 1201 piae
1071 1158 1240 1201 Daphnis,
1250 1159 1364 1194 Plinio
1375 1166 1411 1195 et
1419 1159 1610 1196 Ptolemaeo
1621 1169 1673 1197 est

996 1209 1187 1252 Daphnine.
1211 1209 1235 1244 J
1237 1219 1318 1245 ason
1333 1209 1479 1257 Orpheo
1493 1211 1530 1246 in
1547 1212 1672 1259 Argo-

997 1259 1141 1295 nauticis
1149 1263 1299 1302 Θέσσαλος
1310 1266 1464 1304 Alconem,
1469 1280 1492 1302 ς.
1501 1262 1670 1299 Medeam

996 1323 1080 1344 vero
1110 1311 1278 1347 AEetinen
1309 1312 1436 1348 dictam
1464 1314 1506 1350 ab
1533 1313 1671 1351 Avieno

997 1363 1392 1410 quoque‚Descriptione
1401 1364 1507 1401 Orbis
1515 1364 1669 1412 apparet,

996 1413 1088 1449 hisce
1103 1415 1265 1451 versibus.
1289 1416 1355 1451 658
1367 1442 1378 1460 ‚
1402 1429 1475 1462 sqq.

996 1472 1107 1507 Absyrti
1118 1481 1203 1500 cautes
1215 1480 1240 1500 et
1251 1475 1352 1500 crebra·
1362 1477 1480 1509 protinus
1491 1484 1562 1502 arces
1621 1501 1626 1508 ,

996 1522 1122 1547 Inveniet.
1138 1523 1245 1549 Colchos
1258 1523 1308 1549 huc
1325 1524 1456 1558 quondum
1466 1533 1529 1550 cun
1540 1524 1655 1559 fidaque

994 1569 1110 1602 Extulit,
1127 1572 1243 1597 insanam
1253 1577 1376 1598 sectantes
1393 1573 1521 1599 AEletincn.

991 1634 998 1647 τ
1040 1620 1112 1662 104.
1128 1619 1245 1654 Aurea
1254 1622 1412 1655 Phrixea
1425 1625 1519 1665 terga
1532 1622 1672 1657 revulsit

994 1673 1073 1704 vvir.
1103 1670 1156 1705 Ex
1182 1671 1321 1716 optimis
1345 1672 1401 1706 lib.
1429 1678 1465 1706 et
1491 1684 1533 1706 ex
1555 1671 1669 1707 Servii

990 1721 1049 1756 lib.
1058 1732 1097 1757 1v
1112 1723 1282 1759 AEneidos
1289 1723 1472 1759 traditione
1479 1723 1668 1770 legendum

993 1776 1130 1808 revellit.
1148 1775 1206 1810 Sic
1229 1776 1324 1810 enim
1342 1777 1470 1819 ¹revello
1488 1775 1526 1809 in
1542 1777 1669 1821 prae'te-

992 1826 1060 1860 rito
1069 1852 1078 1870 ,
1093 1839 1167 1862 non
1180 1830 1330 1869 revulsit,
1348 1834 1387 1870 ut
1403 1827 1486 1862 salso
1496 1826 1552 1862 hic
1566 1826 1668 1862 docet

993 1878 1225 1923 Hubertinus,
1240 1886 1343 1925 atque
1353 1879 1400 1914 ita
1410 1878 1538 1924 legitur
1545 1877 1586 1912 in·
1595 1878 1669 1924 qui-

957 1939 962 1942 ·
992 1930 1138 1965 busdam
1156 1937 1239 1966 vett.
1263 1930 1513 1976 exemplaribus
1527 1929 1613 1965 illud
1627 1942 1668 1965 ex

992 1981 1266 2026 Metamorphos.
1281 1992 1341 2025 lx,
1364 1983 1424 2014 168
1440 1992 1449 2014 z

990 2039 1017 2065 A
1030 2040 1103 2065 silvis
1115 2041 1193 2066 silvas
1202 2060 1211 2072 ‚
1224 2046 1250 2066 et
1260 2040 1292 2066 ab
1303 2040 1372 2066 arvis
1387 2049 1448 2065 arva
1460 2040 1559 2066 revelli.
1593 2042 1624 2067 C.

1037 2091 1109 2124 105.
1132 2091 1209 2126 Non
1218 2092 1343 2134 pmbat
1362 2089 1538 2124 Alcimede
1559 2094 1670 2125 mater

988 2146 1057 2176 tua.
1075 2143 1178 2176 Hanc
1188 2141 1367 2189 Hyginus,
1384 2151 1460 2185 XIV,
1475 2140 1664 2189 Clymenes

988 2193 1095 2227 filiam
1106 2193 1185 2227 sacit
1201 2204 1209 2227 :
1225 2192 1280 2227 alii
1290 2192 1462 2240 Autolyco
1476 2199 1596 2227 natam
1605 2196 1665 2227 vo-

986 2244 1074 2279 lunt.
1084 2244 1177 2279 Sunt
1193 2251 1311 2279 tamen
1327 2245 1386 2290 qui
1399 2243 1513 2280 Rhoeo
1525 2243 1580 2279 vel
1590 2239 1662 2280 Po-

986 2295 1150 2343 lymeden
1162 2297 1186 2331 J
1188 2296 1283 2331 asoni
1295 2303 1445 2331 matrem
1454 2296 1641 2342 adsignent
1650 2309 1661 2338 5

985 2347 1170 2394 suspendio
1176 2348 1282 2394 vitam
1293 2347 1416 2383 finivit.
1424 2347 1582 2393 Apollod.
1591 2357 1618 2391 1,
1629 2360 1661 2394 9.

986 2400 1067 2435 vid.
1076 2400 1228 2435 Tzetzen
1238 2399 1385 2434 Chiliad.
1392 2399 1556 2443 vl1,Hist.
1564 2407 1660 2433 xcvr.

985 2459 1020 2486 et
1028 2451 1207 2487 Scholiast.
1222 2451 1384 2497 Apollon.
1401 2450 1444 2485 ad
1457 2449 1549 2494 lib.1,
1563 2462 1594 2484 v.
1607 2450 1661 2492 45.

985 2505 1156 2550 Sequenti
1180 2517 1282 2539 versu
1306 2503 1426 2538 malim
1446 2505 1519 2548 quis
1543 2503 1658 2542 venit,

983 2563 1023 2591 ut
1033 2563 1104 2591 tam
1116 2556 1158 2591 ad
1169 2562 1332 2599 matrem,
1342 2566 1447 2600 quam
1459 2552 1502 2588 ad
1517 2558 1655 2598 patrem

982 2608 1164 2642 reseratur.

1029 2658 1100 2693 106.
1126 2660 1163 2694 A
1177 2661 1300 2703 gelido.
1329 2658 1367 2693 A
1394 2659 1514 2692 Getico
1535 2655 1654 2690 mallet

981 2710 1147 2745 Francius
1170 2723 1178 2745 ε
1204 2717 1239 2745 et
1255 2711 1303 2744 ita
1317 2722 1404 2755 saepe
1422 2709 1460 2743 in
1485 2707 1655 2742 Tristibus

980 2762 1034 2796 hae
1049 2774 1148 2797 voces
1162 2774 1180 2796 a
1191 2761 1334 2797 librariis
1347 2766 1568 2796 commutata
1582 2759 1652 2792 fue-
