1884 3112
679 242 829 287 Nux
858 241 1144 289 ELEGIA.
1536 245 1618 301 461

190 335 274 386 Illa
297 355 402 395 suo,
430 353 721 403 quaecumque
747 336 872 396 tulit,
899 336 1001 386 dare
1026 336 1145 386 dona
1167 335 1351 395 colono,

255 415 316 463 Et
337 414 495 482 plenos
515 413 686 463 fructus
710 415 998 464 adnumerare
1022 426 1187 482 potest.

188 491 254 541 At
268 492 380 541 mihi
403 504 600 541 maturos
623 512 867 559 numquam
890 492 995 542 licet
1015 492 1142 541 edere
1165 492 1327 551 foetus3
1364 512 1366 514 ·

237 569 373 635 ,Ante
397 570 600 638 diemque
623 590 730 620 meae
753 571 1042 620 decutiuntur
1065 589 1185 636 opes.

188 647 373 697 Lamina
389 648 538 698 mollis
554 649 699 698 adhuc
723 660 876 698 tenero
895 648 1002 697 dum
1019 647 1152 707 lacte,
1178 647 1298 714 quod
1318 648 1436 696 intro
1458 659 1549 708 est3
1580 662 1625 710 95

251 726 344 775 Nec
366 726 479 776 mala
501 739 607 776 sunt
623 726 707 776 ulli
730 739 886 776 nostra
901 725 1058 775 futura
1079 726 1206 784 bono
1229 743 1239 772 :

186 803 289 852 Jam
311 815 458 853 tamen
479 804 679 864 invenio,
706 805 783 872 qui
805 823 874 853 me
897 803 1173 870 jaculentur3
1200 816 1245 853 et
1265 804 1358 854 ictu

251 881 556 932 Praefestinato
578 901 742 931 munus
765 883 896 931 inane
920 894 1089 949 petant.

187 957 236 1006 Si
258 957 336 1008 fiat
357 961 498 1028 rapti,
522 961 601 1010 fiat
622 980 830 1010 mensura
851 960 1021 1019 relicti;

249 1037 469 1104 Majorem
493 1039 664 1088 domini
685 1051 831 1106 parte,
856 1038 1025 1093 viator,
1051 1037 1205 1086 habes.
1567 1064 1626 1087 ¹000

187 1114 311 1183 Saepe
335 1116 516 1184 aliquis,
542 1116 664 1165 foliis
684 1129 738 1166 ut
760 1115 883 1165 nuda
906 1115 1134 1165 cacumina
1157 1114 1291 1173 vidit,

185 1250 246 1282 via
256 1245 329 1282 duo
343 1246 423 1283 libri
439 1257 448 1280 2
465 1261 533 1284 non
545 1250 616 1283 sibe·
626 1250 742 1282 vt’cina
750 1250 873 1292 pulve-

183 1301 318 1334 mlenta
331 1302 392 1334 via
409 1299 540 1346 Regius
552 1326 564 1346 ,
587 1299 682 1346 quod
700 1311 775 1334 non
793 1298 872 1333 dis-

185 1351 334 1397 plicebat
351 1352 513 1388 Heinsio,

229 1419 285 1453 91·
307 1407 404 1442 Date
428 1408 521 1441 dona
543 1407 675 1441 colono.
709 1404 873 1440 Emenda

186 1471 229 1493 ex
249 1458 308 1494 lib.
329 1459 432 1494 Mass'.
447 1459 508 1505 qui
525 1459 592 1494 suit
608 1459 709 1496 Pauli
725 1459 848 1494 Marsii
863 1471 872 1494 :

179 1524 286 1555 poma
300 1513 433 1548 colono.
455 1510 562 1547 C1or.

229 1577 284 1612 9²·
307 1565 360 1599 Et
366 1566 491 1609 plenos
495 1564 636 1609 fructus
650 1565 872 1600 adnumerare

178 1621 307 1662 potest.
329 1616 479 1663 Proprie
496 1629 580 1652 usus
596 1623 649 1652 est
671 1617 779 1652 verbo
798 1619 871 1652 ad-

184 1670 392 1704 numerandi.
410 1668 521 1703 lnam.

194 1759 197 1762 ¹
226 1719 282 1768 93.
305 1721 360 1755 At
372 1721 462 1754 m‘ht'
472 1722 632 1754 malums.
649 1720 785 1755 Rursus
798 1733 871 1754 ma-

182 1773 418 1820 nuscriptum,
429 1774 466 1809 A
467 1775 749 1810 tmt‘himalemos
756 1788 766 1809 :
774 1774 871 1820 quod

181 1827 560 1873 sequentia.dedarant
577 1840 652 1862 non
676 1828 779 1873 plane
796 1841 869 1863 esse

183 1880 345 1926 ineptum
357 1895 366 1921 ;
377 1892 462 1914 nam
479 1880 522 1915 ad
534 1881 676 1916 arbores
687 1881 871 1916 transferri

183 1933 293 1968 modo
308 1933 468 1968 diximus.
483 1933 572 1967 FAB.

227 1989 282 2037 94.
305 1989 549 2023 Perculiuntur.
571 1988 803 2022 Deculiunlm·
818 1994 871 2023 est

184 2041 339 2087 genuina
352 2040 456 2076 lectio
474 2053 494 2075 e
510 2041 685 2075 veteribus
700 2042 871 2087 exempla-

183 2095 290 2131 ribus.
305 2094 410 2131 Clor.
420 2094 566 2130 —Ante
578 2096 667 2129 diem
677 2099 799 2129 nostroe
808 2097 870 2130 de-

174 2147 356 2193 jci-timim,
368 2146 476 2182 editio
485 2145 598 2193 prima
610 2154 645 2181 et
657 2146 728 2180 duo
742 2147 870 2193 scripti.

229 2202 283 2249 95.
313 2202 462 2237 Lumina
482 2203 595 2235 molltlr
623 2202 736 2235 adhuc
757 2205 870 2236 lenem

183 2254 264 2297 dum
278 2254 370 2287 lacte
385 2259 450 2287 etc.
474 2252 574 2287 Dum
589 2266 710 2288 succus
730 2260 783 2287 est
798 2253 870 2288 ad-

184 2303 255 2340 huc
276 2303 406 2339 lacteus
425 2305 556 2351 magis,
590 2317 696 2350 quam
714 2304 869 2340 nucleus.

185 2354 246 2390 Sic
266 2354 310 2390 de
325 2355 514 2391 frumentis
534 2356 659 2404 virgil.
684 2355 814 2403 Georg.
830 2368 844 2391 1
856 2383 867 2402 ,

186 2406 274 2451 315,
294 2419 406 2452 quum

277 2479 309 2489 ...
327 2465 361 2490 In
373 2463 453 2489 viridi
467 2463 563 2498 stipula
575 2462 706 2490 huntio
714 2469 828 2497 turgent.

185 2513 335 2548 lamma
358 2513 526 2549 corticem
556 2512 714 2560 designat
734 2539 744 2557 ,
790 2526 868 2560 que

185 2569 299 2603 mollis
323 2567 479 2614 primum
500 2593 511 2612 ,
547 2573 583 2602 et
608 2567 704 2613 quasi
726 2569 842 2603 lactea
855 2596 864 2611 ,

185 2618 316 2655 sensim
338 2618 491 2658 durescit
503 2646 513 2663 ,
533 2618 643 2665 fitque
666 2620 868 2657 maturitate

184 2672 320 2720 lignum
331 2699 341 2717 ‚
358 2680 394 2708 et
409 2673 553 2719 quidem
566 2673 802 2709 durissimum.

228 2738 283 2772 97.
305 2725 453 2760 Invenio.
479 2725 522 2760 In
549 2725 758 2772 quibusdam
783 2739 869 2763 rec—

186 2775 255 2812 tius
266 2803 277 2821 ,
298 2780 454 2813 invenias
468 2781 528 2823 qui
538 2778 804 2824 mejaculentur-
823 2779 868 2815 N.

937 1246 1058 1282 Multo
1070 1246 1209 1281 rectius.
1220 1263 1265 1272 —-
1283 1246 1356 1289 Qui
1365 1258 1419 1280 me
1426 1245 1622 1290 jaculetur‘

937 1306 973 1334 et
995 1312 1077 1334 mox
1097 1302 1200 1343 petat
1215 1297 1349 1332 Moreti
1371 1297 1481 1332 codex
1502 1299 1627 1342 :jacu-

936 1354 1056 1385 lantur
1075 1358 1111 1385 et
1130 1353 1257 1395 petunt
1272 1349 1451 1384 Palatinus
1472 1362 1481 1384 ε
1506 1363 1627 1384 numen

934 1406 1038 1438 inane
1059 1403 1167 1438 etiam
1186 1401 1318 1437 Moreti
1331 1428 1340 1445 ‚
1367 1401 1461 1447 quod
1483 1415 1547 1448 pro
1564 1416 1628 1437 no-

934 1468 1010 1489 men
1028 1459 1130 1490 inane
1150 1481 1160 1497 ,
1186 1460 1226 1488 ut
1241 1466 1331 1499 saepe
1348 1453 1427 1488 alibi
1440 1480 1450 1498 ‚
1473 1454 1626 1500 positum

938 1508 1124 1543 videbatur
1147 1507 1307 1542 Heinsio.

978 1574 1032 1608 99.
1056 1562 1172 1606 Sifiat
1194 1562 1288 1604 rapti
1304 1564 1369 1593 etc.
1401 1558 1456 1593 Ut
1471 1559 1600 1604 ubique
1614 1586 1624 1604 ‚

934 1613 1068 1647 malum
1087 1612 1141 1647 hic
1156 1618 1340 1658 exaggerat
1354 1637 1364 1654 ,
1391 1624 1433 1646 ex
1449 1611 1558 1646 modo
1573 1625 1626 1646 ra-

934 1665 1036 1710 pinae.
1059 1665 1142 1711 Non
1161 1664 1277 1698 solum
1297 1662 1481 1698 fraudatur
1497 1663 1624 1698 domi·-

934 1732 1001 1754 nus
1014 1745 1024 1763 ,
1048 1718 1108 1753 sed
1125 1718 1202 1764 plus
1219 1718 1332 1752 aufert
1349 1725 1470 1763 raptor
1484 1732 1493 1759 ;
1513 1719 1572 1763 qui
1596 1718 1626 1754 si

934 1769 1117 1804 dimidiam
1137 1769 1259 1805 saltem
1276 1795 1286 1813 ‚
1311 1781 1386 1804 non
1412 1782 1497 1804 vero
1518 1771 1626 1816 majo-

932 1837 1002 1858 rem
1019 1823 1157 1858 tolleret
1174 1823 1330 1868 partem!

981 1890 1054 1911 100.
1076 1879 1205 1911 Habes.
1219 1877 1315 1922 Lego
1329 1890 1369 1911 ex
1384 1876 1491 1911 MSS.
1509 1879 1623 1913 habel.

933 1930 1040 1965 Mau.
1059 1930 1111 1965 Ita
1127 1937 1163 1964 et
1179 1929 1264 1964 editi
1279 1930 1446 1975 quidam;
1471 1930 1531 1965 sed
1549 1944 1623 1966 om-

933 1994 997 2016 nes
1024 1982 1096 2016 sere
1120 1982 1198 2016 libri
1225 1981 1368 2027 scripti,
1395 1984 1503 2016 habes
1525 1995 1536 2016 .·
1559 1985 1625 2017 do-

933 2039 1024 2069 mino
1037 2035 1143 2069 etiam
1160 2034 1340 2070 Palatinus
1357 2045 1365 2067 :
1390 2035 1485 2070 unde
1503 2042 1622 2071 tenta-

933 2084 993 2122 bat
1009 2087 1180 2122 Heinsius
1191 2114 1201 2132 ‚
1217 2089 1355 2121 domina
1362 2092 1474 2132 parte.

982 2154 1055 2176 101.
1082 2141 1154 2175 Ubi
1160 2143 1252 2175 nuda
1265 2144 1446 2176 cacumina
1462 2142 1559 2176 vidit.
1576 2142 1627 2175 U!

932 2197 1023 2230 vidi!
1034 2202 1133 2230 vetus
1144 2195 1252 2230 editio
1261 2202 1298 2230 et
1307 2195 1424 2240 scripti
1434 2194 1597 2229 nonnulli
1612 2210 1622 2238 ;

933 2257 969 2284 et
984 2249 1145 2296 sequenti
1159 2242 1264 2285 versu
1282 2249 1407 2284 eadem
1418 2248 1526 2284 editio
1538 2262 1623 2284 cum

934 2301 1118 2346 Mediceo,
1139 2304 1260 2337 Boreae
1269 2302 1464 2347 frementis.
1486 2301 1622 2337 Hnms.

931 2372 976 2380 —-
992 2356 1143 2389 Fremem
1160 2361 1196 2390 et
1205 2354 1326 2400 furere
1343 2354 1451 2389 etiam
1468 2354 1623 2389 confusa.

935 2406 994 2442 Sic
1013 2407 1105 2453 apud
1119 2407 1217 2454 Virg.
1235 2419 1257 2442 x
1271 2434 1281 2451 ,
1300 2407 1385 2442 603:

947 2491 956 2499 ,
1092 2468 1229 2494 'rm-renus
1242 2477 1317 2502 aque
1327 2468 1371 2493 vel
1380 2466 1495 2493 turbini·
1503 2467 1555 2491 atri

932 2518 1009 2544 More
1015 2517 1119 2552 fierem.

937 2566 1098 2613 Quidam
1114 2566 1271 2612 codices,
1285 2569 1457 2612 fremens,
1476 2572 1512 2601 et
1527 2565 1621 2612 apud

935 2618 1067 2655 Lucan.
1085 2630 1125 2655 Ἦ
1137 2647 1146 2662 ,
1171 2621 1237 2666 274
1252 2630 1260 2651 :

979 2715 983 2719 ⁸
1207 2680 1403 2714 cumulumque
1412 2680 1552 2715 sut-enum

934 2729 1076 2755 Undarum
1086 2738 1139 2755 non
1151 2738 1168 2763 p
1169 2738 1236 2754 aaaaa

935 2778 1053 2814 Etiam
1062 2778 1267 2824 frementem
1281 2778 1615 2822 Rottendorfianus3
