1884 3112
321 236 414 293 2488-

757 237 1107 282 EPISTOLA
1143 225 1290 285 xv1'.‘

317 326 464 392 thue
488 345 569 389 ego
593 338 634 375 te
659 327 812 394 cupio,
834 328 897 376 sic
919 347 988 377 me
1011 329 1185 395 cupiere
1207 329 1387 396 puellae3

378 401 618 451 Multarum
642 415 794 452 votum
813 404 908 453 sola
929 416 1075 454 tenere
1098 417 1240 471 potes.

315 478 404 526 Nec
429 489 599 525 tantum
619 470 772 541 reguni
794 491 906 528 natae
929 481 1094 546 petiere
1114 481 1386 548 ducumque;
1494 502 1496 505 ’
1671 501 1716 546 95

377 554 465 602 Sed
487 555 702 621 Nymphis
725 555 854 605 etiam
875 572 1063 624 curaque
1087 578 1295 626 amorque
1316 559 1393 608 fui.
1686 550 1696 559 ’-

311 633 374 680 At
394 632 502 680 mihi
526 645 779 682 cunctarum
801 634 994 683 subeunt
1016 635 1214 694 fastidia,
1239 648 1475 703 postquam

378 711 585 776 Conjugii
606 730 705 777 spes
724 723 813 770 est,
836 712 1052 778 Tyndari,
1079 711 1192 761 facta
1217 714 1296 760 tui.
1404 704 1406 707 V

310 789 373 835 Te
393 786 577 849 vigilans
602 786 762 846 oculis,
787 788 934 836 animo
959 799 1001 837 te
1024 800 1154 837 nocte
1175 789 1400 848 videbam;

309 930 531 972 Addilumque
544 929 595 961 ad
601 931 703 971 caput
714 910 819 971 legin
832 927 889 961 ubi
902 928 978 962 sru—

1042 928 1177 964 Locum
1188 929 1282 964 hunc
1294 930 1590 976 corruptissimum
1600 957 1611 976 ,
1620 931 1712 968 idco-

308 989 377 1016 stra
390 978 707 1021 Heinsiusvolebat,
721 980 931 1022 additumque
941 980 982 1013 id
1041 992 1107 1024 que
1135 980 1177 1014 ab
1202 980 1302 1015 initio
1329 981 1440 1016 saecuti
1476 982 1600 1017 decimi
1628 984 1714 1019 sexti

309 1036 422 1078 capili.
438 1031 547 1065 Plaut.
572 1028 687 1063 Cistel.
697 1038 740 1071 11,
752 1039 810 1071 111,
824 1030 876 1072 45.
890 1029 976 1062 Suos

308 1089 358 1120 ad
368 1096 458 1120 meas
473 1085 624 1117 miserias
644 1081 766 1123 addc-t,-
787 1087 822 1114 et
843 1080 889 1114 ita
905 1081 976 1115 sre-

309 1143 457 1183 quenter
467 1135 571 1169 etiam
581 1132 693 1167 Julius
707 1131 830 1167 Caesar.
845 1132 974 1167 BURM.

350 1190 403 1236 94.
425 1187 605 1221 Multarum
628 1187 739 1218 volum
764 1185 838 1217 sola
864 1187 974 1217 tenere

301 1247 409 1288 poles.
439 1240 519 1274 Hoc
549 1244 599 1272 est
619 1262 628 1280 ,
650 1248 707 1269 me
727 1262 736 1279 ,
769 1247 874 1280 quem
902 1242 974 1270 tam

307 1294 423 1328 multae
447 1291 518 1325 aliae
539 1288 720 1334 cupierunt
745 1293 780 1322 et
798 1290 971 1333 optarunt,

306 1355 344 1383 tu
359 1346 429 1382 sola
441 1343 509 1379 srui
524 1349 628 1389 potes.
649 1341 785 1374 an.

349 1399 401 1447 95.
413 1398 482 1431 Sed
486 1395 647 1442 Nymphis
651 1395 753 1427 eliam
759 1398 822 1426 etc.
833 1392 925 1427 Nam
932 1392 973 1427 ab

309 1452 453 1486 OEnone
485 1453 617 1482 amatus
643 1451 694 1479 est
707 1471 717 1488 ‚
740 1451 780 1479 ut
800 1443 971 1488 vidimus,

306 1506 392 1539 dum
399 1502 436 1536 in
447 1500 547 1548 sylvis
556 1506 591 1533 et
601 1499 692 1532 inter
702 1504 852 1543 pastores
862 1496 973 1532 adhuc

305 1557 455 1601 degeret.
469 1552 564 1588 Facit
576 1558 691 1586 autem
704 1562 889 1595 procorum
901 1561 973 1583 mo-

304 1622 342 1643 re
355 1634 364 1652 ,
382 1606 459 1652 qui,
477 1604 562 1639 dum
577 1603 732 1637 ambiunt
743 1601 881 1646 puellas,
894 1613 974 1635 om-

304 1661 362 1696 nia
381 1672 441 1694 sua
459 1655 644 1703 praedicant
664 1660 699 1687 et
720 1652 893 1687 extollunt.
919 1652 972 1686 Ita

303 1714 360 1748 hic
379 1721 515 1757 quoque
539 1706 714 1753 pluraliter
733 1708 835 1743 natas
854 1705 971 1738 ducum

302 1768 338 1799 et
357 1775 484 1807 regum,
511 1766 547 1794 et
566 1758 725 1804 nymphas
747 1754 904 1789 nominat
918 1780 927 1797 ,
951 1766 971 1788 a

305 1815 426 1861 quibus
445 1810 611 1857 expetitus
623 1807 727 1842 suerit
741 1819 749 1842 :
765 1818 874 1851 quum
890 1805 969 1840 alias

303 1868 346 1901 de
365 1866 434 1902 sola
454 1865 598 1898 OEnone
613 1873 654 1894 ex
670 1857 851 1906 nymphis,
870 1863 905 1891 et
925 1856 968 1891 de

305 1919 426 1954 Arisba
439 1914 594 1959 Meropis
607 1911 676 1946 filia
689 1910 808 1944 Lesbia
819 1935 828 1953 ,
842 1908 885 1942 de
902 1921 968 1954 qua

304 1969 500 2016 Stephanus
512 1963 690 2006 meminit,
702 1962 843 2007 legatur.
859 1960 967 1994 IDEM.

301 2042 345 2050 -
357 2023 502 2065 Curaque
520 2028 672 2061 amorque
684 2013 752 2058 fui.
774 2013 857 2047 Post
875 2011 969 2046 hunc

300 2085 439 2109 versum
454 2069 629 2106 Palatinus
642 2074 676 2101 et
693 2072 824 2100 veteres
845 2062 969 2098 editio-

300 2140 362 2160 nes
382 2123 514 2159 addunt
529 2133 538 2155 :

300 2187 371 2219 Quas
382 2191 458 2217 super
472 2183 584 2206 OEnonen
595 2178 673 2204 facies
684 2183 796 2202 mutnoer
806 2177 833 2201 in
844 2175 929 2201 orbem
942 2183 950 2206 ;

332 2233 388 2260 Nec
399 2232 499 2259 Priamo
510 2234 549 2254 est
558 2229 590 2253 ad
600 2233 625 2252 te
635 2227 737 2260 dignior
746 2226 799 2250 ulta
808 2232 899 2248 nurus.

302 2291 403 2336 Quos
431 2284 619 2323 Ovidianos
648 2295 718 2318 esse
748 2293 864 2315 versus
893 2291 965 2314 non

299 2342 418 2377 dubito
437 2352 445 2374 ς
465 2337 525 2373 sed
549 2336 642 2382 prior
670 2341 720 2369 est
740 2330 965 2366 mendosissi-

298 2407 376 2429 mus
390 2419 399 2436 ,
419 2404 456 2425 ac
471 2386 615 2435 proinde
632 2392 775 2429 uterque
793 2397 811 2418 a
827 2382 965 2427 nuperis

299 2442 505 2481 editionibus
516 2440 626 2485 jussus
638 2437 771 2472 exulare
782 2461 792 2478 ,
805 2434 842 2468 ni
853 2434 965 2468 fallor:

296 2498 400 2542 idque
426 2492 571 2540 pessimo
592 2487 757 2534 exemplo,
780 2485 965 2521 Posteriori

295 2547 483 2594 legendum
499 2558 521 2578 a
538 2547 579 2578 le.
597 2543 779 2576 HEINS.··-·
790 2537 965 2582 Conjicie-

294 2601 353 2635 bat
370 2600 413 2633 V.
432 2597 485 2632 Cl.
501 2596 674 2639 Lennep.:

295 2661 367 2692 Quas
382 2666 458 2690 super
471 2658 482 2689 (
492 2654 610 2690 Nymph.
620 2655 630 2687 )
643 2653 736 2679 OEnone
748 2651 840 2685 (facies
850 2659 894 2675 nec
905 2649 962 2673 talis

390 2706 418 2729 in
429 2705 489 2730 orbe
500 2706 510 2736 )

307 2754 382 2789 (Nec
392 2753 493 2779 Priamo
505 2757 552 2777 etc.

1039 1038 1238 1066 constanter
1262 1032 1304 1066 ab
1330 1032 1518 1068 editoribus
1542 1033 1712 1080 repudia-

1038 1089 1115 1116 tum
1131 1109 1141 1126 ‚
1167 1083 1214 1118 ita
1241 1096 1376 1133 quoque
1405 1086 1559 1120 tentabat
1590 1098 1711 1121 sanare

1038 1133 1170 1169 doctiss.
1188 1136 1231 1170 V.
1249 1136 1420 1182 Eusinger
1440 1149 1448 1170 :
1464 1151 1481 1167 «
1505 1135 1711 1172 Consenta-

1037 1198 1146 1220 neum
1158 1212 1167 1230 ‚
1184 1187 1296 1232 inquit
1307 1214 1316 1231 ,
1333 1195 1406 1223 erat
1430 1188 1590 1224 OEnones
1608 1202 1712 1225 men-

1038 1238 1171 1272 tionem
1196 1252 1216 1274 a
1242 1239 1367 1275 Paride
1383 1266 1393 1284 ,
1421 1240 1458 1274 in
1488 1239 1641 1286 Epistola
1666 1236 1712 1275 ad

1038 1290 1213 1324 Helenam
1233 1291 1355 1336 scripta
1368 1317 1378 1334 ,
1394 1291 1441 1325 ita
1457 1291 1535 1337 >fieri
1547 1317 1558 1335 ,
1574 1298 1614 1327 ut
1631 1305 1710 1327 eam

1038 1353 1057 1375 a
1077 1354 1112 1375 se
1131 1341 1302 1376 desertam
1323 1355 1394 1376 esse
1415 1350 1487 1377 non
1508 1338 1712 1389 simpliciter

1037 1393 1262 1429 confiteretur
1271 1410 1279 1435 ;
1289 1393 1349 1429 sed
1359 1400 1397 1428 ut
1409 1393 1563 1439 perfidia
1575 1394 1709 1430 crimen

1036 1458 1146 1480 causae
1168 1444 1347 1492 probabilis
1369 1445 1483 1491 aliquo
1508 1453 1709 1481 commento

1037 1495 1191 1532 dilueret.
1215 1498 1261 1532 Et
1277 1497 1343 1532 tale
1365 1496 1448 1542 quid
1468 1497 1524 1532 hic
1543 1498 1709 1544 scriptum

1035 1549 1136 1584 fuisse
1161 1549 1335 1584 declarant
1357 1548 1599 1594 respondentis
1623 1549 1709 1584 He·-

1034 1599 1121 1635 lenae
1143 1601 1245 1634 verba
1258 1626 1267 1643 ,
1286 1600 1392 1646 Epist.
1409 1612 1480 1645 sqq.
1491 1626 1500 1643 ,
1516 1613 1548 1634 v.
1568 1602 1647 1648 195:

1034 1660 1077 1684 Tu
1088 1669 1201 1693 quoque,
1211 1660 1331 1684 dilectum
1340 1659 1451 1690 multos,
1464 1657 1551 1690 infide,
1562 1666 1707 1692 per-unm,

1063 1708 1162 1734 Diceris
1172 1709 1284 1733 OEnonen
1295 1707 1442 1733 destituisse
1454 1712 1535 1731 tuam.

1033 1758 1091 1782 Noc
1101 1763 1190 1782 tamon
1199 1757 1253 1790 ipse
1263 1765 1341 1789 negas
1349 1761 1399 1780 etc.

1034 1804 1121 1839 Inde
1143 1804 1368 1849 conjiciebam
1391 1803 1439 1838 sic
1460 1814 1600 1837 versum
1613 1827 1624 1846 ,
1646 1808 1706 1836 aut

1032 1868 1105 1890 non
1129 1856 1279 1890 multum
1295 1854 1448 1890 dissimili
1466 1853 1572 1888 modo
1583 1880 1593 1899 ,
1608 1866 1706 1900 posse

1031 1908 1164 1942 restitui
1181 1921 1189 1942 ;

1033 1965 1104 1997 Quas
1116 1973 1193 1997 super
1206 1965 1307 1990 OEnonae
1317 1962 1424 1995 faciens,
1436 1963 1556 1988 mut-bar
1566 1963 1594 1988 in
1604 1962 1704 1991 urbem.

1034 2014 1119 2048 Haec
1134 2014 1180 2048 ita
1199 2013 1385 2058 composita
1403 2011 1597 2058 significant
1609 2039 1618 2056 ‚
1634 2013 1704 2047 Pa-

1031 2066 1160 2110 ridem,
1171 2066 1279 2111 q'uum
1292 2077 1362 2110 prae
1375 2064 1504 2099 caeteris
1518 2060 1701 2111 Nymphis,

1035 2118 1187 2153 OEnonae
1218 2118 1346 2151 faveret
1360 2141 1370 2159 ‚
1395 2115 1501 2150 vitam
1533 2115 1701 2149 urbanam

1031 2182 1110 2204 cum
1119 2168 1290 2214 pastoritia
1301 2182 1308 2210 ς
1327 2167 1439 2205 aulam
1448 2179 1529 2201 cum
1536 2179 1616 2200 rure
1625 2179 1700 2212 per·
1708 2212 1712 2214 V

1030 2227 1195 2262 mutasse3
1217 2219 1363 2264 ideoque
1381 2219 1458 2253 vitae
1475 2230 1582 2265 genus
1601 2218 1703 2253 relic-

1030 2280 1125 2316 tum,
1149 2271 1384 2316 relinquendae
1399 2270 1554 2316 conjugis
1563 2282 1700 2304 causam

1028 2325 1140 2359 fuisse.
1156 2338 1172 2354 ι»
1186 2323 1242 2357 Sic
1256 2323 1438 2368 Eusinger,
1455 2322 1553 2366 cujus
1564 2321 1606 2356 ad
1619 2332 1699 2356 con·

1028 2377 1196 2421 jecturam
1205 2375 1315 2409 sacere
1327 2373 1490 2407 videntur
1499 2385 1575 2418 quae
1586 2372 1679 2418 prius
1689 2381 1699 2403 :

1029 2429 1156 2472 Regius
1170 2439 1367 2471 agnoscam...
1376 2438 1463 2470 puer
1473 2433 1535 2460 etc.
1547 2451 1556 2469 ,
1573 2431 1608 2459 et
1621 2436 1698 2469 quae

1028 2480 1090 2525 ipsi
1108 2478 1222 2515 Paridi
1239 2479 1401 2521 OEnone,
1419 2477 1525 2522 Epist.
1542 2487 1583 2519 v,
1599 2487 1660 2523 79:

1028 2541 1072 2564 An
1093 2549 1174 2574 quum
1196 2547 1292 2572 pauper
1314 2546 1370 2563 ems
1384 2557 1393 2569 ‚
1417 2541 1582 2569 armentaque
1608 2539 1695 2568 pastor

1109 2589 1198 2620 agebas
1209 2594 1258 2612 etc.

1028 2638 1101 2674 Nec
1127 2637 1274 2670 deerunt
1292 2642 1406 2670 tamen
1420 2661 1430 2678 ,
1449 2633 1507 2678 qui
1528 2630 1694 2676 ingenio-

1025 2689 1151 2723 siorem
1171 2688 1338 2732 Lennepii
1353 2684 1631 2723 emendationem
1645 2694 1693 2716 sa·

1026 2753 1071 2774 ne
1092 2739 1314 2785 praetulerint.
