1884 3112
597 234 959 281 PENELOPE
989 237 1208 284 ULIXI.
1590 260 1615 305 7

251 327 400 393 thue
425 326 483 376 sit
504 326 577 376 hic
600 346 758 376 somno
780 329 1015 396 proditus;
1038 330 1137 390 ille,
1164 330 1281 380 dolo.
1573 348 1617 394 40

183 404 336 454 Ausus
359 425 430 465 eS‚
453 425 482 455 o
505 406 693 455 nimium
715 407 990 475 nimiumque
1014 408 1154 459 oblite
1179 421 1358 459 tuorum
1372 448 1385 470 ‚

247 482 437 533 Thracia
457 471 678 533 nocturno
703 496 882 548 tangere
905 498 1047 535 castra
1071 487 1175 536 dolo
1193 507 1213 554 ;¹

183 559 361 627 Totque
386 561 518 610 simul
539 573 726 611 mactare
747 563 891 622 viros,
912 563 1090 629 adjutus
1113 566 1170 614 ab
1194 585 1301 615 uno.

247 635 310 683 At
332 636 447 686 bene
471 649 624 686 cautus
649 657 766 696 eras,
786 651 831 688 et
853 659 1023 689 memor
1045 653 1146 690 ante
1169 643 1269 691 mei.

182 712 337 779 Usque
359 725 481 763 metu
503 715 694 764 micuere
719 717 867 777 sinus,
889 718 997 767 dum
1020 719 1164 768 victor
1186 721 1375 770 amicum
1573 737 1618 782 45

247 791 407 840 Dictus
429 811 476 841 es
499 794 693 842 Ismariis
717 794 804 844 isse
826 815 909 863 per
930 816 1088 860 agmen
1112 799 1252 865 equis.

180 867 270 917 Sed
291 869 403 918 mihi
427 870 536 937 quid
557 872 742 938 prodest
763 874 921 923 vestris
947 874 1129 941 disjecta
1150 875 1326 924 lacertis

241 943 350 994 Ilios
365 984 378 1005 ‚
409 959 477 1006 et,
499 968 654 998 murus
680 951 805 1017 quod
830 951 918 1000 fuit
938 964 1042 1001 ante
1056 991 1068 1011 ‚
1093 952 1239 1002 solum
1254 991 1268 1011 ‚

178 1021 227 1071 Si
249 1041 430 1082 maneo,
453 1024 596 1091 qualis
619 1028 753 1090 TroJa
780 1028 966 1075 durante
989 1029 1250 1084 manebam,

241 1100 411 1167 Virque
433 1101 566 1160 mihi,
587 1101 735 1150 demto
758 1101 846 1150 fine
871 1101 1086 1150 carendus
1101 1140 1112 1161 ‚
1135 1103 1276 1152 abes?
1570 1122 1613 1155 50

177 1176 339 1226 Diruta
361 1190 468 1227 sunt
491 1177 588 1227 aliis
602 1216 614 1237 ‚
635 1179 716 1227 uni
739 1178 851 1226 mihi
874 1179 1087 1242 Pergama
1109 1192 1306 1237 restant;

174 1292 312 1336 serens,
337 1293 452 1339 prima
472 1299 577 1328 nocte
600 1306 641 1327 ex
662 1292 769 1338 longo
791 1292 859 1327 iti—

176 1356 263 1379 nere
282 1345 443 1392 fatigatus
456 1370 466 1388 ,
482 1345 519 1378 in
539 1345 621 1390 ipsis
636 1344 796 1379 tentoriis
815 1345 858 1379 ab

179 1395 281 1431 Ulixe
307 1403 344 1431 et
366 1396 542 1431 Diomede
567 1403 620 1431 est
643 1396 856 1432 interfectus.

177 1447 218 1482 Il.
228 1455 270 1492 K,
285 1448 350 1493 434
360 1455 396 1484 et
407 1462 481 1495 sqq.
493 1448 549 1484 De
562 1448 702 1484 Dolone
717 1456 836 1483 autem
845 1475 855 1493 ,

175 1500 258 1535 ibid.
273 1501 349 1545 314.

218 1553 274 1596 4ο.
301 1553 411 1598 thue
420 1556 471 1588 sil
489 1555 546 1588 bic
557 1566 673 1588 somno
681 1553 853 1598 prodinus,

172 1605 234 1638 ille
245 1605 340 1645 dolo,
355 1605 488 1639 auctori
503 1607 696 1640 Electorum
709 1607 856 1640 Elemen-

171 1658 258 1691 sitm
274 1662 310 1691 et
324 1656 549 1702 Burmanno,
565 1658 603 1692 in
620 1658 800 1692 Addendtlr
811 1658 855 1692 ad

171 1707 332 1754 epistolas
355 1708 556 1745 Heroidum
578 1737 589 1754 ‚
625 1709 825 1756 displicebat
843 1737 853 1755 ,

170 1768 317 1807 propter
330 1760 494 1796 eamdem
510 1761 659 1808 proximi
675 1769 856 1807 pentame-

170 1812 217 1847 tri
233 1813 320 1858 (42)
335 1812 534 1848 clausulam.
561 1813 645 1849 Non
673 1814 855 1849 immerito

170 1871 292 1900 tamen
305 1865 477 1901 Burman.
486 1866 701 1912 propositam
714 1879 733 1900 a
749 1866 853 1902 docto

169 1918 347 1954 Britanno
362 1919 675 1954 emendationem:
707 1951 714 1957 .

201 1971 296 2005 thue
307 1972 342 1997 tit
351 1971 394 1997 hie,
403 1980 494 1997 somno
507 1972 625 2005 proditus
633 1991 642 2004 ‚
656 1972 700 1997 ille
710 1971 790 2006 vigil,

166 2027 210 2056 nt
226 2020 405 2056 duriorem
416 2048 426 2066 ,
443 2021 662 2068 improbavit.
680 2022 854 2056 Probabi-

169 2072 237 2107 lior
250 2081 345 2109 certe
364 2074 568 2120 conjectura
580 2074 646 2109 viri
659 2074 852 2110 doctissimi

170 2124 419 2162 lVledenbachii
434 2126 617 2162 Wakkeri
630 2154 640 2171 ,
661 2140 726 2173 pro
747 2130 826 2162 dolo
839 2155 849 2169 ,

169 2180 245 2212 loco
265 2179 480 2226 reponentis.
501 2179 598 2214 Nihil
616 2186 735 2214 tamen
761 2193 851 2214 mu—

169 2229 319 2266 tandum
330 2244 338 2266 :
349 2231 464 2267 solent
475 2231 555 2267 talia
567 2232 850 2278 imprudentibus

170 2282 338 2318 excidere.
357 2283 474 2319 Lam«.

213 2337 267 2380 42.
297 2337 449 2380 Tangere
465 2342 591 2372 castra.
614 2337 656 2372 Id
673 2345 748 2384 est,
767 2353 850 2383 per-

169 2391 281 2423 venite
294 2391 331 2422 in
345 2392 462 2423 casim
474 2416 483 2430 ,
506 2397 546 2425 ut
561 2397 656 2425 recte
677 2391 848 2426 Burman.

168 2440 346 2487 Exemplis
373 2441 415 2476 ab
441 2453 484 2476 eo
512 2441 619 2476 allatis
641 2442 746 2478 addas
772 2444 851 2479 licet

167 2493 293 2528 Senec.
307 2494 344 2528 in
360 2493 504 2529 Hercul.
520 2494 602 2528 Fur.
619 2496 692 2538 422.

166 2546 272 2571 Inferna
282 2546 389 2580 tetigit,
403 2551 490 2579 posset
502 2551 530 2571 ut
544 2555 637 2579 supera
651 2547 763 2581 assequi.

210 2597 265 2640 45.
276 2596 388 2641 Usque
394 2599 485 2630 melu
490 2599 632 2631 mlh-uere
639 2600 743 2631 sinus.
750 2597 846 2633 Male

165 2646 244 2682 libri
259 2646 414 2693 plurimi:
428 2652 602 2690 tremuere,
616 2656 676 2684 aut
690 2654 826 2685 timuere
833 2671 857 2694 ‚-

166 2707 227 2734 aut
250 2704 417 2742 tumuere,
441 2708 501 2736 aut
525 2706 689 2744 metuere,
717 2710 776 2738 aut
790 2707 846 2739 ri·-

163 2765 273 2797 guem.
291 2753 367 2789 Art.
383 2754 501 2789 Amat.
517 2767 583 2799 111,
602 2770 662 2801 7²2
678 2769 686 2790 :

197 2812 339 2840 Pulsantur
347 2815 443 2850 trepidi
451 2835 461 2849 ‚
473 2817 553 2843 corde
564 2817 699 2851 micante,
708 2819 779 2844 sinus
789 2828 799 2852 3

924 1299 961 1327 et
975 1292 1136 1328 Tibullus
1146 1320 1156 1338 ,
1173 1293 1230 1329 lib.
1245 1306 1259 1329 1
1273 1322 1282 1339 ,
1302 1295 1423 1343 Elegia
1437 1308 1475 1332 x1
1485 1324 1494 1341 ,
1511 1311 1542 1332 v.
1565 1312 1614 1333 υ.

1278 1355 1335 1382 Nec
1345 1357 1432 1381 tristia
1442 1366 1546 1384 nossem

922 1395 1005 1420 Arma
1012 1414 1020 1426 ,
1035 1405 1081 1421 nec
1090 1396 1222 1421 audissem
1231 1415 1239 1427 ‚
1260 1397 1340 1421 corde
1352 1399 1470 1422 micante
1478 1417 1490 1431 ,
1500 1398 1588 1424 tubas.

923 1444 1067 1480 Plautus
1077 1471 1087 1489 ‚
1106 1444 1225 1479 Aulul.
1239 1452 1303 1480 act.
1317 1457 1358 1481 1v
1367 1472 1377 1490 ‚
1392 1460 1437 1482 sc.
1450 1458 1497 1482 111
1510 1473 1520 1492 ‚
1534 1447 1566 1483 3.

921 1499 1052 1531 Coniinuo
1077 1514 1167 1530 meum
1185 1514 1230 1532 cor
1256 1506 1335 1540 coepit
1357 1512 1441 1533 anem
1460 1507 1546 1534 facere
1568 1509 1614 1534 lu-

1005 1554 1104 1579 dicram
1115 1574 1124 1587 ‚

919 1602 1010 1636 Atque
1023 1604 1050 1628 in
1065 1609 1155 1637 pectus
1166 1605 1283 1630 emicare
1290 1624 1302 1638 ,

920 1651 981 1686 ubi
1008 1651 1199 1698 digitorum
1225 1657 1440 1690 mzkallbnem
1455 1682 1464 1696 ‚
1486 1655 1613 1691 ludum

921 1705 1144 1740 notissimum
1161 1731 1171 1750 ,
1203 1706 1364 1752 respexit.
1402 1708 1539 1743 lems.
1566 1727 1611 1734 -

920 1759 1013 1792 Dum
1020 1761 1132 1793 victor
1137 1762 1281 1793 amicum
1293 1773 1416 1805 agmen
1428 1767 1494 1796 etc.
1508 1760 1612 1795 Grae-

921 1823 1045 1845 corum
1067 1818 1177 1846 castra
1203 1812 1384 1859 intelll'gst,
1404 1825 1501 1858 quae,
1523 1813 1611 1847 Do-

919 1862 1001 1898 lone
1023 1863 1210 1909 Rhesoque
1223 1865 1334 1910 caesis,
1359 1865 1471 1900 victor
1489 1866 1608 1900 Ulixes

919 1916 1069 1961 repetiit.
1078 1934 1121 1942 —-
1133 1919 1287 1959 Ismarq'lir
1298 1922 1404 1963 equis.
1419 1917 1527 1952 Rhesi
1541 1918 1610 1953 sci-

918 1967 1018 2012 licet,
1047 1968 1107 2013 qui
1132 1968 1202 2003 dux
1227 1969 1409 2003 Thracum
1429 1981 1437 2003 ε
1456 1969 1608 2004 Ismaros

918 2020 1016 2054 enim
1034 2033 1136 2055 mons
1154 2027 1189 2055 et
1204 2021 1287 2055 urbs
1303 2020 1472 2056 Thraciae.
1490 2021 1608 2056 Male-

917 2072 977 2107 bat
994 2072 1162 2107 Francius
1175 2099 1185 2116 ,
1202 2086 1270 2117 per
1278 2086 1398 2117 agmen
1413 2074 1603 2117 Acbz'vum;

917 2123 976 2159 sed
989 2151 998 2168 ,
1024 2131 1063 2159 ut
1092 2132 1185 2160 recte
1215 2125 1375 2160 observat
1402 2124 1573 2161 Burman.
1592 2153 1603 2171 ‚

917 2189 982 2210 vox
1003 2180 1146 2211 amicum
1161 2178 1315 2213 ostendit
1341 2179 1507 2214 timorem
1531 2180 1604 2224 jam

918 2229 1122 2275 Penelopen
1147 2229 1343 2276 deposuisse
1358 2257 1367 2275 ‚
1392 2232 1492 2276 cujus
1513 2234 1608 2266 melu

916 2285 1011 2316 sinus
1025 2285 1186 2324 micuere,
1202 2282 1315 2318 donec
1331 2283 1500 2318 victorem
1515 2297 1603 2319 con-

917 2335 1038 2380 jugem
1052 2334 1146 2370 inter
1156 2338 1285 2371 amicos
1297 2349 1479 2371 reversum
1495 2350 1601 2372 acce-

916 2387 1016 2432 perit.

959 2440 1011 2483 48.
1034 2441 1102 2481 Et,
1119 2453 1231 2475 murus
1244 2442 1336 2486 quod
1334 2439 1414 2485 suit
1423 2445 1505 2475 ante
1516 2469 1525 2482 ‚
1541 2455 1600 2476 so-

913 2494 990 2526 lum.
1021 2493 1096 2535 Qua
1107 2493 1187 2538 suit
1203 2497 1284 2527 ante
1305 2495 1431 2533 solum,
1447 2493 1599 2529 malebat

915 2544 1082 2579 Heinsius
1092 2571 1101 2588 ,
1109 2546 1279 2591 probante
1286 2546 1409 2579 Burm.
1420 2545 1575 2580 secundo
1585 2574 1596 2590 ,

914 2597 957 2631 ad
979 2597 1177 2632 Lotichium
1191 2624 1200 2641 ‚
1216 2604 1300 2631 tom.
1315 2608 1349 2640 1,
1366 2609 1398 2642 p.
1418 2598 1488 2632 103.
1502 2598 1595 2642 Mihi

913 2651 1091 2697 vulgatum
1108 2650 1216 2697 magis
1231 2650 1408 2697 poeticum
1422 2652 1571 2687 videtur.

914 2703 1030 2738 Lanu.

957 2758 1009 2790 51.
1031 2757 1159 2790 Dimla
1177 2759 1259 2790 sunt
1278 2757 1360 2790 αΙίιῖς
1377 2762 1442 2806 εἰς.
1467 2755 1593 2790 Inveni

911 2807 1067 2844 codicem
1080 2835 1091 2853 ,
1113 2809 1151 2844 in
1174 2821 1245 2854 quo
1265 2812 1363 2844 eruta
1387 2807 1568 2854 legebatur
1581 2834 1592 2853 ‚
