1884 3112
532 261 850 307 ARIADNE
890 262 1188 310 THESEo.
1398 272 1401 275 ⁴
1490 274 1573 333 193

211 354 478 406 Reddebant
494 371 662 405 nomen
684 375 875 406 concava
898 376 1000 406 saxa
1019 369 1146 407 tuum
1166 378 1177 406 :

147 435 208 483 Et
228 434 402 501 quoties
425 453 509 498 ego
533 446 599 494 te,
626 435 760 484 toties
784 434 910 484 locus
934 435 1029 503 ipse
1047 430 1262 496 vocabat;

207 511 309 578 Ipse
332 510 459 560 locus
484 511 658 561 miserae
678 511 792 562 ferre
817 511 998 562 volebat
1021 533 1165 580 opem.

146 591 286 639 Mons
308 589 416 651 fuit3
440 591 657 658 adparent
681 590 863 640 frutices
887 590 935 639 in
958 592 1118 641 vertice
1138 594 1226 641 rari
1244 614 1255 652 ;
1537 613 1581 649 25

212 668 332 717 Hinc
355 668 568 736 scopulus
589 668 735 717 raucis
760 667 927 735 pendet
948 667 1107 717 adesus
1131 670 1273 736 aquis.

146 744 409 804 Adscendo3
431 745 545 794 vires
568 745 741 795 animus
765 745 921 804 dabat,
947 753 1081 812 atque
1104 745 1167 794 ita
1188 746 1275 796 late

210 822 414 889 AEquora
430 832 676 889 prospectu
697 821 861 871 metior
881 820 971 871 alta
991 841 1103 871 meo.

147 898 258 948 Inde
280 918 387 963 ego,
409 917 512 949 nam
535 899 680 948 ventis
705 918 885 967 quoque
909 918 1010 948 sum
1036 898 1295 950 crudelibus
1317 920 1416 960 usa,

212 975 319 1024 Vidi
340 975 558 1043 praecipiti
579 975 761 1025 carbasa
786 988 910 1026 tensa
932 978 1079 1027 Noto:
1541 995 1585 1028 30

145 1054 242 1103 Aut
262 1054 377 1114 vidi;
401 1066 479 1104 aut
501 1055 652 1115 etiam,
681 1074 820 1121 quum
843 1075 914 1104 me
936 1055 1098 1104 vidisse
1118 1067 1345 1122 putarem,

163 1137 167 1141 ’
214 1132 441 1196 Frigidior
464 1131 601 1196 glacie
617 1170 630 1191 ‚
658 1133 999 1200 semanimisque
1016 1133 1094 1181 fui.

146 1211 241 1259 Nec
260 1208 470 1274 languere
492 1209 569 1258 diu
592 1210 763 1276 patitur
786 1209 915 1259 dolor
933 1230 944 1259 :
966 1211 1136 1260 excitor
1158 1210 1236 1260 illo
1249 1249 1261 1270 ,

211 1287 418 1346 Excitor;
445 1299 491 1336 et
513 1306 687 1336 summa
708 1288 881 1338 Thesea
903 1308 1010 1338 voce
1032 1307 1157 1337 voco.

148 1364 256 1429 Quo
278 1363 428 1428 fugis?
451 1363 647 1414 exclamo
668 1385 678 1413 :
700 1364 929 1426 scelerate,
952 1379 1193 1426 revertere,
1218 1367 1424 1417 Theseu!
1544 1383 1588 1418 35

190 1495 244 1530 25.
264 1495 369 1530 Mons
379 1493 466 1539 suit.
490 1493 619 1541 Dryon
638 1494 829 1540 significat,

145 1548 185 1583 in
201 1560 310 1594 quem
333 1546 447 1582 delata
463 1559 485 1582 a
498 1546 638 1582 Baccho
663 1546 831 1582 Ariadne.

147 1601 251 1637 Sicet
260 1599 352 1647 apud
366 1598 494 1635 catull.
503 1597 624 1634 carm.
634 1609 732 1643 mv,
752 1599 831 1634 126:

146 1662 190 1688 Aa
198 1666 258 1687 tun
267 1665 411 1695 penuque·
421 1660 524 1685 tri-ten
534 1660 705 1685 conscendere
714 1664 814 1685 montes
821 1678 830 1691 ,

146 1711 227 1737 uae
232 1710 316 1736 nien
325 1709 354 1735 in
361 1709 445 1743 pal-gi
455 1715 542 1735 vastos
553 1708 716 1743 protenderet
725 1714 813 1734 astus.

190 1760 245 1796 26.
261 1761 357 1806 Heio
366 1760 533 1804 scopulus.
544 1757 703 1804 Quidam
718 1764 826 1800 nuict

145 1825 212 1848 nos
226 1812 423 1859 recepimus
446 1813 527 1846 hinc
548 1813 727 1856 scopulum
754 1822 830 1845 non

145 1865 245 1901 enim
259 1863 416 1900 Ariadne
429 1870 604 1898 mutatam
619 1863 662 1898 ab
676 1875 719 1899 eo
736 1869 830 1898 tem-

146 1929 233 1966 pore
255 1915 388 1952 montis
410 1915 652 1951 conditionem
672 1915 748 1950 vult
763 1915 829 1949 in-

145 1982 258 2005 nuere
269 1983 278 2013 3
291 1968 354 2004 sed
363 1981 406 2004 ex
415 1974 538 2004 monte
550 1974 687 2013 partem
700 1994 709 2013 ‚
720 1967 830 2001 instar

145 2021 278 2068 scopuli
289 2048 300 2066 ‚
325 2021 513 2056 eminuisse
529 2021 568 2055 in
584 2033 682 2055 mare
696 2046 706 2064 ,
731 2027 772 2055 ut
785 2031 827 2064 v,

147 2075 241 2111 Fast.
266 2077 329 2110 150
337 2101 348 2119 ,
373 2086 458 2120 pars
470 2076 560 2109 bona
572 2076 698 2109 montis
709 2084 831 2107 saxum

148 2127 284 2163 dicitur.
318 2128 453 2163 Pendet
481 2139 566 2162 vero
580 2153 590 2171 ,
625 2126 805 2172 eleganter
819 2153 829 2171 ‚

148 2179 230 2226 quia
253 2179 413 2216 inferiori
438 2186 538 2226 parte
560 2178 683 2214 adesus
709 2178 806 2224 aquis
818 2205 829 2223 ,

148 2244 254 2278 super
268 2233 541 2278 equor-pendete
557 2231 749 2266 videbatur.
761 2232 831 2266 Hic

148 2283 318 2330 probabat
332 2283 467 2319 Douz-a.
492 2284 624 2320 Bunm.

193 2349 249 2384 ²9·
271 2337 477 2371 Cmdemus.
498 2336 551 2371 Ita
573 2348 656 2370 mox
681 2337 831 2371 crudeles

147 2401 284 2423 somnos
308 2395 345 2424 et
363 2392 482 2423 ventos
491 2415 500 2429 ‚
528 2395 564 2423 et
585 2400 691 2422 soevos
710 2395 830 2433 vocat3

146 2454 236 2476 vers.
254 2455 267 2475 1
278 2454 289 2475 ι
299 2454 312 2475 1
328 2447 365 2475 et
379 2454 392 2475 1
402 2440 461 2482 ¹33
477 2439 588 2476 sedin
600 2440 733 2475 Moreti
744 2452 830 2485 uno,

148 2501 185 2529 et
203 2492 362 2540 margine
379 2492 560 2528 Bersman.
574 2499 626 2528 est
640 2494 807 2528 crudelius
820 2519 830 2538 ,

149 2546 244 2592 quod
260 2558 334 2581 non
348 2544 608 2591 repudiandum
622 2551 767 2579 temere.

191 2599 247 2634 30.
259 2600 410 2634 Carbasa
418 2602 515 2632 tensa
525 2601 615 2633 nolo.
633 2598 752 2639 Tanta,
765 2598 832 2633 Pu-

149 2657 297 2686 teaneus
309 2657 345 2685 et
357 2650 413 2685 alii
425 2649 588 2684 nonnulli
604 2648 672 2685 :sic
685 2649 832 2685 Metam.

149 2713 241 2745 1111,
259 2704 338 2750 417,
355 2716 397 2739 ex
412 2702 523 2737 veteri
539 2701 678 2737 codice:

148 2762 261 2797 Jamque
272 2763 342 2788 vieni
353 2762 443 2788 suadet
453 2763 549 2789 Borm-
556 2782 564 2795 ,
576 2762 692 2796 flatuque
699 2762 812 2788 necundo

150 2812 262 2838 ‘'arbos-
271 2818 345 2838 tema
357 2818 458 2839 sonant.
667 2813 771 2838 umus.

307 2887 349 2931 Ι.

941 1497 994 1531 3ι»
1017 1497 1093 1531 Aut
1105 1499 1195 1539 vidi,
1210 1502 1274 1532 aut
1287 1501 1407 1539 eliam,
1421 1511 1519 1543 quum
1533 1513 1585 1535 me

896 1550 1181 1593 vt'dtlrseputatem
1190 1556 1254 1584 etc.
1272 1550 1365 1585 Mire
1377 1551 1522 1586 turbant
1529 1552 1586 1586 hic

897 1599 1017 1635 denuo
1024 1601 1134 1647 prisca
1143 1602 1354 1647 exemplaria
1366 1615 1374 1637 :
1388 1603 1475 1637 alter
1483 1604 1586 1639 Men-

897 1652 969 1687 telii
980 1679 989 1697 ,
1012 1655 1090 1688 dum
1106 1667 1159 1688 me
1175 1656 1304 1688 vidisse
1314 1659 1479 1699 putarent.
1503 1656 1586 1691 Pu-

896 1711 1060 1749 teaneus,
1081 1706 1178 1740 hiatu
1199 1706 1321 1742 relicto
1344 1708 1383 1742 in
1406 1707 1489 1752 illis,
1507 1720 1586 1754 quae

894 1756 963 1802 legi
979 1770 1053 1792 non
1071 1766 1254 1804 poterant:

895 1811 953 1837 Aut
962 1812 1017 1837 vidi
1027 1823 1074 1838 a...
1089 1814 1142 1847 jam
1155 1823 1212 1848 quse
1223 1823 1265 1839 me
1275 1815 1374 1840 vidisse
1384 1821 1513 1849 putorem.

895 1861 1047 1897 Putabat
1064 1863 1233 1898 Heinsius
1247 1864 1514 1899 rescribendum
1530 1878 1539 1901 :

894 1915 1074 1947 Autvidi,aut
1080 1916 1231 1950 quoderant
1238 1925 1295 1950 quc
1302 1925 1343 1942 me
1350 1917 1447 1942 vidisse
1454 1923 1582 1950 putarem.

895 1964 967 2000 Sed
976 1964 1090 2010 ipsum
1101 1977 1181 1999 mox
1183 1967 1329 2010 pigebat
1337 1965 1374 2000 in
1386 1966 1510 2001 talibus
1521 1966 1586 2000 im-

894 2018 1036 2052 morari.
1046 2018 1222 2063 Magnum
1229 2031 1312 2052 sane
1321 2018 1467 2053 eruditis
1474 2018 1586 2053 docu-

895 2076 1061 2104 mentum
1074 2070 1082 2104 l
1101 2064 1264 2105 Amantis
1273 2077 1337 2115 est,
1347 2084 1424 2116 quae
1432 2071 1486 2106 vel
1494 2072 1585 2117 ipsos

897 2122 1013 2157 oculos
1027 2130 1176 2157 conatur
1192 2122 1328 2167 ludere,
1344 2131 1379 2159 et
1395 2124 1586 2159 certissima

896 2187 1044 2220 quaeque
1057 2175 1094 2210 in
1104 2175 1252 2210 dubium
1263 2183 1417 2221 revocat,
1431 2184 1469 2211 ut
1477 2190 1585 2222 quam

896 2228 1002 2273 possit
1018 2228 1217 2274 longissime
1234 2242 1333 2274 spem
1352 2230 1486 2273 foveat,
1506 2243 1585 2275 quae

896 2281 1041 2315 miseros
1054 2281 1217 2315 omnium
1228 2281 1351 2316 ultima
1359 2281 1499 2317 deserit.
1513 2283 1584 2316 Mi-

895 2346 934 2367 re
946 2332 988 2367 ad
998 2332 1274 2367 misericordiam
1282 2334 1580 2369 commovendam

895 2386 1131 2431 compositum
1146 2385 1213 2421 hoc
1225 2385 1451 2422 dubitationis
1463 2400 1584 2433 genus.

940 2438 1064 2482 33-34.
1086 2440 1234 2473 Excitor
1244 2441 1305 2473 illo
1317 2466 1326 2479 ,
1350 2440 1501 2474 Excitor
1518 2445 1583 2474 etc.

896 2490 1030 2526 Dolore
1042 2490 1111 2526 scil.
1126 2490 1186 2536 qui
1197 2493 1355 2536 languere
1365 2490 1495 2526 diutius
1507 2504 1584 2526 non

896 2556 1013 2590 passus
1030 2550 1091 2580 est.
1111 2541 1239 2578 Catuli.
1257 2542 1378 2578 Carm.
1389 2544 1480 2578 citat.
1498 2545 1540 2578 55
1552 2556 1561 2578 :

896 2604 953 2631 Nec
961 2604 1026 2629 dum
1034 2604 1113 2629 etiam
1123 2611 1178 2628 sese
1190 2622 1199 2635 ,
1210 2612 1268 2637 qun
1279 2604 1343 2629 visit
1353 2622 1361 2635 ‚
1375 2603 1460 2628 visere
1473 2604 1573 2636 credin

896 2653 996 2687 Utpote
1004 2653 1092 2678 calluei
1105 2661 1163 2686 qun
1175 2658 1232 2678 tum
1241 2652 1356 2685 primum
1366 2652 1454 2678 excit·
1464 2660 1565 2678 somno.

941 2702 995 2737 35.
1023 2705 1096 2747 Quo
1113 2702 1215 2747 fugtlr
1226 2728 1237 2743 ‚
1264 2703 1421 2736 exclamo
1449 2708 1514 2737 etc.
1539 2701 1585 2736 In

896 2754 1036 2790 laudato
1053 2755 1126 2801 jam
1142 2754 1318 2789 Carmine-
1329 2752 1487 2790 Catullus
1503 2753 1584 2789 des-

897 2814 1054 2853 peratam
1084 2807 1268 2845 Ariadnen
1284 2832 1294 2852 ‚
1321 2813 1357 2840 et
1386 2806 1581 2853 fugientem

1349 2886 1395 2927 13
