1884 3112
505 257 801 303 PHAEDRA
830 257 1263 304 HIPPOLYTO.

1543 261 1600 303 85

174 347 394 400 Addimus
406 348 478 399 his
489 350 698 418 precibus
710 349 910 401 lacrimas
925 371 1105 420 quoque
1124 371 1134 401 τ
1154 351 1290 401 verba
1303 351 1525 419 precantis
1543 367 1604 412 ¹75

239 427 463 492 Perlegis3
488 440 533 478 et
553 428 755 479 lacrimas
777 430 896 495 finge
920 429 1066 479 videre
1089 449 1221 479 meas.

178 590 299 638 primis
314 597 351 626 et
360 587 539 638 eleganter
548 591 759 640 Hippolytus
775 604 858 627 cum

178 650 279 679 tauro
293 644 534 690 comparatur!

229 697 301 743 175.
329 697 500 732 Addimus
525 697 580 732 bis
598 697 760 730 lacrimas
775 707 859 740 pn·-

175 752 272 785 ct'bus
283 761 418 796 quoque.
431 747 494 785 Ad
507 760 626 795 preces
642 746 735 782 redit
751 753 787 782 et
798 747 857 782 la-

176 803 321 844 crimam
337 800 399 837 sed
410 800 548 836 frustra.
561 798 661 845 Quid
673 798 770 834 enim
782 811 859 845 pre-

177 867 252 898 ces,
276 852 360 900 quid
387 852 538 888 lacrimae
559 850 651 898 apud
675 851 860 899 Hippoly-

179 914 275 951 tum,
292 905 352 952 qui
371 917 457 940 sane
480 903 663 951 epistolam
684 903 777 939 hanc
789 928 800 948 ,
831 903 860 938 si

164 969 260 996 'vere
274 958 399 1005 scripta
407 958 546 1004 suisset,
564 958 609 994 ad
622 957 734 993 finem
750 971 860 1004 usque

179 1011 281 1057 (data
303 1011 369 1046 viri
382 1010 525 1055 indole)
543 1023 618 1046 non
634 1009 862 1057 perlegisset?

178 1083 224 1092 -·
238 1064 407 1100 Addimus
429 1065 484 1099 his
498 1066 657 1109 precibus
673 1066 834 1098 lacrimas
851 1076 862 1098 .·

177 1129 305 1164 quoque
319 1123 385 1153 etc.
401 1116 515 1152 Acute
528 1116 567 1152 in
581 1116 670 1152 libro
684 1128 748 1152 suo
765 1115 864 1152 Gru-

180 1176 276 1205 terus
290 1168 514 1205 distinxerat:

181 1229 316 1256 Addimus
328 1229 371 1256 hi}
383 1229 505 1265 precibu·
516 1228 636 1254 lacrimas
646 1237 750 1262 quoque
764 1236 771 1254 :
786 1227 867 1255 verbu

283 1279 413 1314 precantis

231 1328 346 1362 Perlegi·
351 1346 361 1360 ,
373 1332 400 1354 et
410 1327 531 1353 lacrim-
540 1326 607 1360 finge
617 1326 707 1352 videre
720 1334 799 1351 meas.

234 1377 307 1424 176.
330 1378 483 1422 Pet-legit
492 1402 503 1418 ,
533 1379 573 1411 et
596 1377 755 1410 Iacn'mas
769 1375 870 1421 finge

187 1431 302 1465 videm
329 1441 434 1464 meas.
461 1430 602 1474 Perlege
626 1431 681 1470 el,
717 1434 787 1462 tres
817 1426 868 1461 li-

188 1481 253 1516 bri.
280 1479 530 1516 Lincolniemis
544 1506 554 1524 ‚
582 1481 723 1524 Perlege
735 1506 744 1520 ‚
774 1480 841 1513 sed
852 1488 867 1520 ‚·

187 1533 300 1579 bene,
317 1532 385 1570 nisi
398 1532 508 1569 sallor‘.
538 1531 646 1569 Certe
671 1529 758 1567 illud
782 1532 871 1566 Per-

923 594 1010 636 lege&
1041 592 1232 628 subnatum
1260 589 1400 628 videtur
1430 605 1472 628 ex
1492 592 1607 639 primo

923 644 1031 679 verbo
1055 645 1232 690 sequentis
1252 643 1415 691 epistolae.
1446 644 1496 680 At
1521 658 1609 681 vero

923 695 1050 741 opinor
1070 709 1179 731 unam
1199 696 1338 731 literam
1360 697 1481 733 elisam
1503 710 1576 732 esse
1596 724 1606 741 ‚

922 753 959 783 et
973 746 1201 783 scribendum
1216 749 1396 793 Perlegilo.
1413 749 1520 784 Volui
1538 749 1610 784 ali—

923 800 1066 847 quando
1079 801 1158 836 dum
1169 803 1273 845 lego,
1291 800 1346 836 vel
1357 805 1396 836 ut
1408 803 1495 846 legis
1509 814 1519 836 .·
1536 814 1610 847 op-
1662 796 1666 798 ’

923 853 1012 889 timo
1027 864 1150 897 sensu,
1168 852 1236 888 nisi
1253 851 1349 899 quod
1364 852 1501 899 longius
1524 853 1616 888 absit

925 918 947 941 a
957 905 1095 952 vulgata
1109 904 1290 952 scriptura.
1298 905 1434 941 Hzms.
1441 904 1519 951 Ego
1527 917 1617 941 vero

924 958 1080 1006 legerem
1094 970 1105 994 ε

1237 1019 1269 1028 ...
1288 1002 1375 1028 Verba
1388 1001 1518 1036 precantis

957 1053 1072 1086 Pei-legis
1084 1062 1093 1086 ;
1112 1058 1140 1078 ιι
1150 1051 1271 1077 lacrimas
1282 1051 1348 1084 finge
1359 1051 1449 1077 videre
1459 1059 1542 1077 meas.

928 1108 1103 1146 Addimus
1115 1122 1180 1144 nos
1190 1107 1334 1155 quidem
1345 1107 1505 1154 precibus
1520 1119 1611 1149 nos-

927 1163 989 1198 tris
1003 1162 1160 1198 lacrimas
1169 1188 1179 1206 ‚
1192 1161 1253 1196 sed
1266 1173 1351 1206 quas
1365 1159 1428 1195 tihi
1443 1171 1517 1195 non
1531 1171 1614 1206 pos-

929 1216 1037 1252 simus
1051 1214 1214 1261 praesenti
1229 1213 1379 1248 fundere
1395 1218 1456 1247 :tu
1472 1218 1614 1247 tantum

930 1271 1016 1313 Iegtlr
1030 1268 1136 1302 verba
1147 1293 1158 1312 ,
1175 1273 1254 1311 aut,
1269 1272 1311 1301 ut
1324 1277 1446 1312 spero,
1459 1271 1498 1300 et
1512 1264 1615 1300 initio

932 1319 1097 1366 Epistolae
1110 1318 1245 1366 rogavi,
1254 1319 1430 1363 perlege&
1445 1316 1506 1367 sed
1516 1328 1615 1363 quoe-

932 1385 989 1417 so,
1007 1372 1101 1418 finge
1116 1370 1275 1407 lacrimas
1297 1377 1333 1405 te
1353 1369 1459 1405 simul
1473 1368 1593 1404 videre
1603 1395 1618 1412 ,

934 1437 1019 1471 quas
1039 1437 1104 1471 ego
1123 1425 1214 1458 addo
1230 1422 1375 1469 quidem
1395 1422 1510 1457 verbis
1526 1420 1614 1456 dum

934 1476 1047 1513 scribo
1060 1502 1070 1520 ,
1100 1475 1162 1511 sed
1184 1474 1227 1510 ad
1250 1482 1286 1510 te
1308 1473 1534 1521 perferendas
1547 1499 1558 1518 ,
1574 1479 1615 1508 ut

934 1528 1059 1573 verba,
1075 1527 1158 1565 dare
1174 1540 1248 1564 uon
1263 1539 1417 1575 possum.-
1428 1526 1561 1564 Bmuu.
