1884 3112
297 214 379 270 104

767 217 1112 286 Erls‘rOLA
1143 219 1201 265 v.

287 308 410 358 Aura
429 306 536 357 levis
557 308 700 371 rigido
723 308 961 374 pendentia
981 308 1118 359 lintea
1138 309 1254 359 malo

352 385 568 444 Suscitat,
593 397 636 434 et
658 384 788 434 remis
809 395 938 434 eruta·
957 397 1084 434 canet
1105 403 1230 452 aqua.

288 462 542 528 Prosequor
563 460 715 510 infelix
738 461 878 510 oculis
901 462 1109 511 abeuntia
1126 456 1246 521 vela,
1643 476 1697 511 *55

350 540 455 604 Qua
476 538 600 597 licet;
625 550 670 587 et
689 537 879 587 lacrimis
899 538 1052 588 humet
1067 558 1198 588 arena
1215 539 1336 588 meis.

285 615 434 680 thue
457 613 570 663 celer
591 614 759 674 venias,
780 614 940 663 virides
960 615 1170 663 Nereidas
1195 634 1300 672 oro;

350 684 526 740 Scilicet
548 703 599 740 ut
616 691 763 740 venias
786 691 834 739 in
855 711 951 740 mea
973 692 1130 740 damna
1153 691 1292 741 celer!

284 767 414 816 Votis
437 787 540 832 ergo
560 769 668 817 meis
689 767 763 817 alii
785 768 975 817 rediture
992 768 1144 816 redisti
1163 770 1173 815 ἱ

290 831 292 839 V
352 845 438 893 Hei
458 846 587 904 mihi,
612 865 696 912 pro
720 845 814 894 dira
835 844 989 912 pellice
1012 843 1176 892 blanda
1197 843 1288 891 fui!
1655 857 1700 891 6ο

286 921 495 987 Adspicit
516 922 778 971 immensum
799 921 938 970 moles
961 921 1107 969 nativa
1129 919 1424 987 profundum3

353 999 489 1046 Mons
512 998 598 1046 fuit
617 1018 627 1046 :
651 998 866 1065 aequoreis
888 997 965 1046 illa
985 997 1151 1046 resistit
1170 997 1308 1062 aquis.

288 1075 406 1123 Hinc
423 1094 505 1137 ego
525 1074 618 1123 vela
642 1087 727 1123 tuae
748 1074 936 1137 cognovi
954 1073 1096 1140 prima
1118 1072 1274 1121 carinae
1288 1110 1301 1130 ,

352 1153 413 1200 Et
430 1151 540 1199 mihi
562 1170 642 1217 per
664 1151 822 1199 fluctus
844 1151 1034 1216 impetus
1055 1150 1116 1198 ire
1133 1149 1230 1197 suit.

333 1307 386 1341 53.
401 1308 535 1351 Rigida.
547 1307 719 1342 Junianus
729 1333 738 1351 ‚
755 1308 908 1353 Phtygio,
927 1313 963 1341 et

288 1358 337 1391 ita
363 1359 591 1403 conjeceram.
617 1359 675 1395 Sic
690 1370 745 1393 111.
766 1358 857 1394 Fast.
880 1361 962 1406 529,

290 1423 354 1456 pro
370 1413 488 1455 agaim
500 1412 678 1452 columnis,
703 1410 964 1446 rescribendum

288 1464 443 1509 Phrygiis
450 1462 583 1497 monui.
591 1463 724 1498 HEINS.
731 1462 966 1504 Gelido‚Bers-

277 1550 279 1563 Ι
292 1514 414 1548 manni
427 1514 543 1549 editio.

334 1567 386 1609 54.
405 1567 515 1600 Canel
521 1579 619 1611 aqua.
634 1565 784 1600 Albescit
794 1578 965 1611 spumosa,

334 1615 385 1649 56.
408 1618 460 1650 Et
480 1619 637 1651 lacrimis.
660 1616 817 1662 Quidam
832 1616 965 1651 codices

288 1669 324 1700 in
341 1669 510 1709 lact-imin·
535 1669 625 1703 sorte
642 1676 735 1704 recte
748 1695 757 1713 ,
772 1681 855 1703 nam
873 1675 966 1702 amat

293 1720 420 1755 Noster
431 1720 557 1755 similes
572 1720 772 1756 locutiones.
783 1721 847 1767 Ep.
860 1731 891 1765 1,
908 1721 965 1764 14:

323 1779 436 1805 Nomine
454 1781 481 1805 in
494 1782 622 1806 Hectoreo
633 1781 728 1814 pauida
741 1781 841 1814 semper
852 1790 930 1806 eram.

293 1826 341 1862 Et
355 1841 436 1863 mox
447 1829 556 1872 infra,
578 1829 657 1863 138:

354 1882 390 1905 In
403 1881 533 1906 immensis
542 1890 594 1914 qua
606 1886 690 1906 tumet
701 1881 748 1906 Ida
761 1879 839 1915 jugis.
850 1882 949 1907 'Eunu-

337 1928 388 1962 58.
411 1931 537 1963 Venias
550 1933 586 1964 in
600 1942 676 1963 mea
689 1931 821 1964 damna.
842 1930 895 1965 Ut
908 1930 968 1975 qui

294 1979 472 2015 Helenam
498 1994 616 2016 secum
647 1981 830 2017 reduceret
851 1995 859 2024 ;
898 1994 968 2027 quo

292 2034 485 2067 damnosius
492 2033 578 2068 nihil
587 2047 695 2079 quum
701 2041 814 2079 posset
823 2034 968 2068 OEnone

292 2085 535 2130 pertimescere
549 2112 559 2129 ,
577 2085 802 2122 nihilominus
815 2085 968 2120 reditum

294 2137 470 2181 abeuntis,
489 2145 525 2172 et
539 2137 638 2173 illurn
652 2140 808 2180 celerem,
829 2137 969 2183 optabat

291 2202 332 2224 ex
351 2190 478 2224 animo.

337 2243 389 2290 59.
419 2244 519 2286 Ergo.
543 2241 697 2288 Corripit
723 2242 779 2277 hic
808 2242 967 2277 ultimam

295 2293 442 2328 Ovidius
453 2319 462 2337 ,
480 2293 574 2338 quod
591 2294 712 2329 Heius.
728 2294 770 2328 ad
786 2305 809 2328 1.
823 2295 927 2329 Trist.
938 2306 966 2338 1,

297 2346 336 2391 87
350 2371 359 2389 ,
381 2358 549 2390 umquam
563 2345 639 2379 fieri
654 2346 695 2380 ab
712 2345 841 2381 Ovidio
855 2353 967 2392 negat.

336 2397 390 2431 60.
401 2398 559 2431 Hetmihz'
559 2410 622 2441 pro
632 2399 706 2431 dira
711 2399 835 2441 pellice
842 2399 968 2432 blanda

282 2448 363 2492 sui!
386 2450 584 2483 Puteaneus
605 2455 640 2483 et
665 2448 720 2482 alii
745 2448 906 2483 nonnulli
927 2461 968 2483 ex

290 2499 509 2543 melioribus,
529 2502 579 2534 Et
591 2502 682 2534 mihi.
703 2499 964 2545 Gronovianus‚

291 2553 342 2585 Et
354 2554 424 2585 tibi.
441 2552 533 2586 Puto
548 2551 718 2591 Ovidium
734 2551 902 2597 scripsisse
915 2561 924 2583 t

356 2610 390 2634 Et
406 2611 453 2635 Dis
471 2619 517 2644 pro
534 2610 590 2635 dira
606 2611 698 2643 pellice
714 2610 807 2636 blanda
823 2611 871 2636 sui.

294 2658 346 2693 Ut
360 2659 487 2694 Noster
503 2659 601 2693 alibi:

354 2717 387 2743 Et
404 2726 450 2751 pro
466 2718 566 2744 delictis
583 2718 666 2745 hostia
682 2718 774 2746 blanda
790 2719 849 2746 suit.
866 2719 901 2744 H.

1026 1325 1070 1333 —
1090 1308 1228 1342 Blanda
1242 1307 1312 1352 fui.
1330 1306 1503 1351 Blandus,
1530 1320 1594 1353 pro
1617 1319 1699 1352 sup-

1019 1361 1120 1403 plex,
1138 1359 1259 1404 saepius
1273 1372 1291 1393 a
1308 1358 1418 1405 poetis
1433 1366 1627 1404 usurpatur.
1640 1358 1699 1394 Sic

1026 1412 1184 1445 blandum
1216 1413 1308 1452 thus,
1341 1410 1432 1456 apud
1453 1411 1613 1456 Propert.
1634 1421 1674 1445 lv
1688 1435 1699 1454 ,

1027 1461 1123 1507 Eleg.
1134 1473 1188 1506 vx,
1203 1464 1233 1496 5.
1245 1464 1312 1497 Pro
1321 1464 1396 1497 dira
1400 1465 1525 1507 pellice
1538 1475 1549 1497 ,·
1562 1462 1702 1497 Helena

1025 1513 1153 1548 scilicet
1164 1540 1173 1557 ,
1190 1526 1266 1558 quae
1281 1521 1333 1548 tot
1347 1514 1411 1559 ipsi
1426 1513 1544 1549 Paridi
1558 1521 1593 1549 et
1607 1514 1702 1548 Tro-

1026 1564 1115 1609 ianis
1130 1591 1140 1607 ,
1164 1566 1255 1600 mala
1284 1579 1403 1601 secum
1433 1572 1522 1601 esset
1547 1565 1702 1600 allatura.

1026 1618 1147 1651 Pellex
1163 1623 1281 1651 autem
1296 1617 1422 1652 dicitur
1442 1624 1601 1662 respectu
1613 1624 1701 1652 tan—

1027 1674 1105 1702 tum
1118 1669 1272 1704 mulieris
1282 1695 1291 1712 ,
1306 1681 1379 1703 non
1394 1669 1469 1703 viri.

1071 1719 1123 1753 61.
1140 1719 1300 1764 Adspicit
1311 1724 1503 1755 immensum
1515 1727 1579 1755 etc.
1602 1721 1703 1756 Poe-

1028 1770 1094 1806 tice
1115 1771 1231 1806 locum
1256 1772 1435 1816 describit,
1462 1773 1556 1807 unde
1576 1786 1703 1807 rever-

1028 1828 1164 1857 tentem
1192 1837 1211 1858 e
1242 1823 1375 1859 Graecia
1409 1823 1573 1859 Paridem
1593 1828 1705 1868 ,νήπια

1029 1874 1210 1920 prospexit.
1226 1894 1269 1901 —
1283 1877 1432 1910 Resistit
1448 1879 1552 1920 aquis.
1570 1875 1704 1910 Unda—

1029 1938 1110 1960 rum
1124 1927 1272 1972 impetus
1291 1928 1436 1962 immota
1458 1928 1613 1963 sustinet.

1074 1978 1126 2012 62.
1141 1980 1209 2012 Illa
1222 1983 1358 2014 rents-til.
1372 1979 1617 2023 scribendum,
1633 1979 1704 2025 opi-

1031 2042 1120 2074 nor,
1140 2034 1220 2065 icta.
1243 2032 1296 2067 Ita
1320 2031 1458 2077 proprie
1480 2032 1576 2076 aquis
1597 2035 1648 2066 ici
1667 2039 1704 2066 et

1021 2082 1300 2126 fhn'n'dicuntur
1314 2083 1432 2126 litora,
1451 2090 1486 2118 et
1496 2083 1626 2129 scopuli
1639 2109 1648 2127 ,
1667 2090 1704 2118 et

1031 2147 1145 2169 naves.
1160 2134 1240 2169 vid.
1262 2146 1320 2178 xx,
1339 2135 1485 2169 Metam.
1502 2135 1585 2178 556,
1612 2142 1648 2169 et
1659 2134 1703 2169 ad
1717 2144 1722 2149 ’

1031 2186 1147 2221 Valer.
1159 2186 1249 2221 Flac.
1263 2197 1316 2230 1v,
1331 2187 1384 2230 48.
1393 2187 1465 2222 Pro
1477 2190 1593 2222 nativa
1604 2199 1702 2230 vero,

1030 2245 1104 2272 erat
1115 2238 1151 2273 in
1159 2238 1329 2273 Vossiano
1339 2238 1456 2273 codice
1467 2242 1596 2283 ignata,
1608 2237 1703 2285 quod

1030 2297 1081 2325 est
1095 2293 1216 2324 inuata
1225 2302 1237 2332 ‚·
1254 2297 1294 2324 ut
1309 2289 1416 2335 Epist.
1437 2301 1510 2334 vn,
1526 2290 1566 2336 37
1581 2302 1590 2325 ε

1237 2351 1380 2383 lunataque
1394 2349 1503 2383 rupibus
1518 2349 1578 2375 altis

1030 2399 1142 2424 Robora.
1481 2399 1581 2430 Βυιῌ.

1073 2448 1126 2482 63.
1138 2448 1393 2492 Cognom’pn‘ma
1402 2450 1536 2482 can‘noe.
1546 2448 1701 2490 Cognovi,

1030 2499 1108 2534 libri
1131 2512 1253 2534 omnes
1274 2499 1390 2545 scripti
1415 2513 1423 2534 ς
1445 2498 1505 2533 sed
1522 2501 1700 2542 pmspexi,

1031 2551 1124 2596 quod
1147 2550 1235 2585 Cios.
1251 2557 1287 2585 et
1302 2551 1424 2585 Heius.
1440 2550 1547 2595 magis
1561 2548 1701 2583 arride-

1030 2603 1089 2637 bat
1104 2629 1113 2645 ‚
1133 2602 1319 2637 confirmat
1335 2602 1461 2636 Lucan.
1478 2611 1545 2634 vm
1557 2627 1566 2643 ,
1584 2601 1634 2643 46.

1073 2656 1126 2698 64.
1146 2657 1292 2698 Impetus
1302 2658 1350 2689 irc
1357 2654 1441 2698 fuit.
1461 2652 1544 2697 Quo
1555 2653 1652 2688 citius
1664 2652 1700 2688 in

1031 2706 1205 2752 amplexus
1224 2713 1299 2744 tuos
1317 2706 1496 2741 irruerem.
