1884 3112
512 243 525 253 '
561 259 836 308 Barsms
883 261 1144 307 AcmLL
1157 263 1196 306 1.
1538 263 1596 326 57

167 360 367 419 Devorer
388 368 511 415 ante,
536 375 716 424 precor,
742 354 896 404 subito
918 352 1090 403 telluris
1112 353 1259 411 hiatu,

228 435 326 491 Aut
346 434 484 484 rutilo
506 433 632 483 missi
654 432 856 482 fulminis
873 431 976 495 igne
1002 448 1187 489 cremer,

166 513 316 579 Quam
338 512 434 562 sine
455 530 526 561 me
546 510 725 560 Phthiis
748 520 981 559 canescant
1003 514 1183 575 aequora
1205 507 1360 565 remiS,
1558 523 1601 556 65

139 624 142 626 Δ
205 604 211 614 “
230 591 292 640 Et
313 589 484 639 videam
506 607 682 656 puppes
705 587 769 636 ire
791 586 945 636 relicta
969 597 1082 634 tuas.

167 667 217 717 Si
240 667 326 716 tibi
343 685 444 734 jam
454 665 711 731 reditusque
734 663 931 731 placent,
957 664 1183 731 patriique
1208 664 1397 713 Penates
1411 700 1422 721 ‚

231 746 338 795 Non
360 763 443 808 ego
466 760 565 792 sum
588 741 717 791 classi
740 741 910 790 sarcina
932 760 1092 805 magna
1116 753 1215 790 tuae.

168 821 395 872 Victorem
417 821 589 888 captiva
612 838 792 886 sequar,
818 838 913 867 non
935 829 1080 885 nupta
1100 818 1310 866 maritum
1336 836 1347 865 :

234 900 320 949 Est
339 898 473 956 mihi,
501 915 600 965 quae
622 896 745 946 lanas
768 895 960 955 molliat,
987 907 1091 963 apta
1113 914 1284 944 manus.
1564 921 1607 954 70

169 978 294 1026 Inter
312 974 561 1025 Achaiadas
583 973 719 1036 longe
741 973 1042 1042 pulcherrima
1063 985 1225 1022 matres
1447 979 1450 982 ⁴

231 1055 287 1103 In
309 1049 529 1103 thalamos
551 1052 717 1118 conjux
738 1052 846 1111 ibit,
873 1063 1032 1118 eatque
1056 1063 1186 1099 tuos:

209 1219 264 1255 63.
285 1219 441 1255 Devorer
453 1222 554 1260 ante,
570 1231 695 1263 pmcor
705 1224 770 1254 etc.
793 1217 853 1254 Sic

168 1270 266 1308 Dido
283 1271 377 1319 apud
393 1272 492 1319 Virg.
505 1283 565 1316 tv,
580 1273 645 1316 24:

165 1333 218 1359 &d
228 1331 294 1358 mihi
306 1333 351 1359 vel
362 1331 442 1358 tenus
455 1337 542 1366 optem
550 1332 623 1365 prius
635 1332 688 1357 ima
699 1331 815 1357 dehiscat
824 1349 833 1363 ‚

166 1381 218 1408 Vel
242 1387 316 1416 poter
330 1381 495 1416 omnipotens
515 1380 603 1415 adigat
624 1389 666 1406 me
686 1379 797 1406 fulmine
818 1380 852 1406 ad

267 1431 373 1457 umbras
379 1449 390 1464 ‚

165 1481 295 1507 Pullo-m
307 1479 412 1506 unhu-
419 1479 510 1511 Erebi,
518 1484 674 1514 noctemque
683 1479 850 1513 profundam.

168 1529 303 1576 Maiori
309 1528 455 1576 quidem
463 1529 654 1564 verborum
664 1536 831 1575 apparatu
841 1542 851 1571 ;

166 1582 228 1619 sed
253 1589 403 1630 uterque
427 1588 523 1618 recte
548 1588 585 1617 et
607 1582 758 1618 scienter
772 1594 780 1616 :
795 1581 853 1617 hic

167 1635 267 1672 enim
292 1635 447 1682 Epicmn
466 1647 612 1671 carmen
625 1649 635 1678 ς
658 1634 853 1681 Epistolam

165 1687 225 1737 ille
239 1687 423 1724 scribebat.

209 1740 265 1776 6⁵.
291 1741 490 1777 &ne-econ!
502 1753 635 1786 equora
650 1743 761 1775 remis.
782 1739 854 1775 Fe-

165 1792 278 1830 liciter
291 1792 487 1830 admodum
501 1794 670 1840 Tragicus
684 1799 825 1828 noster:

167 1854 259 1890 '⁰5⁶⁸
270 1859 334 1882 aaut.
341 1853 520 1890 PHaellespom
538 1854 717 1880 blanchinium.
733 1863 790 1879 sous
810 1862 856 1879 nos

265 1912 363 1930 rma.
397 1904 496 1930 lum.
510 1911 540 1935 ε,
561 1906 587 1930 5.

171 1961 232 1999 Sic
249 1962 407 2009 patrium
427 1975 631 1998 sermonem
654 1951 764 1998 ditare
781 1989 791 2006 ,
809 1962 857 1997 sic

171 2014 276 2052 decet
303 2022 466 2051 veterum
492 2015 608 2062 spoliis
628 2022 797 2051 onustum
813 2015 857 2050 ad

173 2067 394 2104 tractandam
408 2069 543 2115 poesim
556 2068 731 2104 accedere.

211 2119 267 2167 67.
295 2121 338 2155 &⁰
354 2123 422 2156 tibi
441 2125 512 2156 tam
533 2123 664 2156 miuus
686 2128 751 2156 etc.
780 2121 858 2167 Ego

171 2171 348 2219 vulgatam
356 2174 439 2220 jam
452 2187 536 2210 cum
550 2174 749 2209 Burmann.
771 2174 858 2209 reti-

172 2224 330 2260 nendam
344 2237 471 2262 censeo
481 2253 490 2270 ‚
508 2233 544 2262 et
558 2226 616 2261 hic
630 2226 695 2261 loci
710 2227 782 2261 vim
795 2226 860 2261 ha-

173 2277 243 2312 bet.
256 2276 394 2322 Quov'ss
405 2279 504 2314 enim
515 2279 582 2314 alio
598 2286 759 2325 tempore
774 2291 860 2326 prae-

175 2336 334 2366 matum
355 2330 412 2366 hic
433 2332 471 2366 in
488 2332 638 2378 patriam
651 2334 781 2366 reditus
791 2343 804 2374 ‚·
824 2338 861 2366 et

173 2383 299 2430 ignava
312 2382 496 2427 ,·durante
515 2384 559 2419 ad
582 2384 730 2430 Troiam
748 2384 859 2429 bello,

175 2434 274 2470 domi
289 2435 387 2481 quies
403 2435 527 2471 Achilli
542 2463 552 2480 ‚
570 2436 687 2482 gloriae
701 2436 861 2483 cupidis-

173 2489 286 2532 aimo,
310 2502 377 2523 non
396 2491 621 2533 placuissent.
644 2489 863 2524 Lemnum-

175 2541 218 2575 Si
227 2541 386 2586 libil'am.
398 2541 517 2576 Placet
525 2567 535 2584 ,
545 2540 640 2587 quod
650 2541 687 2576 in
700 2542 861 2588 margine

174 2593 255 2629 libri
268 2594 342 2639 aui,
359 2607 467 2641 quem
490 2607 573 2629 cum
594 2594 760 2630 Palatinis
776 2608 864 2631 con—

176 2646 324 2691 tulerat,
353 2654 389 2682 et
416 2660 486 2693 quo
507 2647 561 2683 usi
586 2660 726 2692 sumus,
749 2661 864 2684 anno-

175 2705 313 2735 taverat
334 2701 388 2735 vir
415 2700 560 2737 eximius
585 2701 699 2736 Janus
724 2700 866 2736 Grute-

181 2762 244 2786 rus
263 2764 272 2787 :
289 2753 331 2787 St
345 2756 413 2788 tibi
427 2758 496 2789 lam
512 2755 702 2799 reditusque
717 2756 865 2798 placent.

185 2802 285 2839 ΒΑΕ.
303 2805 438 2842 Hnms.

917 1235 962 1243 -·
989 1215 1110 1251 Scribe
1145 1219 1215 1248 tam
1238 1215 1383 1258 placent
1399 1239 1408 1253 ,
1442 1218 1483 1246 ut
1518 1210 1608 1246 Gru-

918 1275 996 1303 tero
1008 1267 1193 1303 videbatur
1204 1266 1394 1301 etDouzae.
1405 1264 1516 1310 Epist.
1525 1263 1609 1310 Sap-

917 1320 1007 1367 phus
1021 1333 1030 1355 ε

1017 1373 1045 1400 Si
1057 1378 1117 1398 tam
1126 1377 1212 1398 certus
1224 1379 1281 1398 eras
1289 1370 1351 1396 hinc
1363 1370 1410 1396 ire.

918 1422 1090 1459 Similiter
1104 1428 1303 1468 peccatum,
1317 1420 1466 1454 Metam.
1480 1429 1513 1453 x,
1525 1418 1609 1453 Fab.

920 1475 1091 1525 Myrrhae.
1108 1475 1174 1523 339
1188 1487 1197 1509 z

950 1533 1031 1563 Nuxio
1042 1535 1106 1570 quia
1119 1539 1177 1560 tam
1186 1542 1260 1559 meus
1273 1538 1328 1565 est,
1344 1541 1397 1558 non
1409 1537 1450 1558 est
1460 1540 1544 1556 meus.

921 1586 1049 1632 Quum
1058 1584 1137 1620 libri
1145 1583 1230 1619 editi
1238 1596 1277 1619 ac
1284 1582 1403 1629 scripti
1409 1587 1612 1617 constanter

917 1639 988 1675 illic
1005 1638 1211 1681 exhibeant,
1218 1636 1300 1682 jam
1314 1648 1418 1671 meus.
1435 1634 1609 1680 Sequenti

918 1692 1027 1727 etiam
1036 1703 1141 1727 versu
1149 1689 1278 1725 rectius
1288 1701 1439 1735 reponas
1446 1701 1454 1723 :
1461 1689 1539 1724 Non
1549 1700 1613 1731 ego

918 1748 994 1780 sim.
1003 1744 1521 1787 Hems.—Patn·e·quepenates.
1529 1739 1612 1773 Vid.

920 1798 965 1833 ad
988 1797 1054 1844 Ep.
1073 1808 1098 1833 v
1113 1823 1123 1842 ,
1150 1795 1222 1831 126.
1252 1793 1413 1839 Quidam
1426 1793 1545 1840 scripti
1556 1792 1614 1827 hic

920 1855 1080 1897 sociique.

965 1905 1018 1940 68.
1048 1905 1126 1940 Non
1152 1916 1216 1949 ego
1240 1916 1315 1938 sum
1342 1905 1454 1937 classi
1476 1904 1614 1936 sarcina

922 1971 1046 2003 magna
1053 1962 1128 1992 luae.
1138 1957 1197 1992 Sic
1205 1956 1299 2003 apud
1310 1955 1524 2002 Sophoclem
1533 1953 1615 1990 Phi·
1644 1963 1646 1965 '

921 2012 1065 2047 loctetes
1090 2009 1134 2045 ad
1161 2009 1440 2055 Neoptolemum
1455 2035 1464 2053 ,
1489 2008 1552 2055 487
1579 2013 1617 2042 et

922 2077 986 2110 sqq
1002 2077 1010 2099 :

967 2120 1140 2162 Τᾶλμησον,
1156 2118 1287 2161 ε’μὸαλοῦ
1298 2116 1335 2162 μ’
1343 2119 1398 2157 ὅπη
1412 2117 1512 2154 θέλεις
1520 2116 1614 2159 ἄγων,

962 2163 1020 2210 Ἐς
1034 2171 1169 2212 ἀντλίαν,
1179 2170 1207 2208 ἔς
1222 2171 1364 2215 πρῶραν,
1382 2168 1411 2208 ἔς
1426 2169 1565 2213 πρύμναν
1577 2164 1615 2206 θ’,

1059 2238 1126 2258 oaeol

963 2268 1084 2318 Ἠκις-οι
1095 2277 1195 2319 μέλλω
1204 2278 1271 2314 τοὺς
1282 2277 1423 2320 ξυνέντας
1435 2275 1583 2318 ἀλγυνεῒν.

969 2328 1024 2375 69.
1055 2329 1222 2363 Victorem
1251 2331 1390 2372 captiva
1410 2337 1538 2371 sequar
1552 2332 1618 2360 etc.

928 2382 1022 2427 Quae
1038 2380 1147 2416 modo
1170 2379 1296 2416 Achilli
1318 2378 1501 2414 invidebat
1522 2391 1616 2413 con-

925 2436 1048 2482 jugem
1064 2447 1174 2470 unam
1190 2448 1231 2470 ex
1245 2433 1545 2475 Atridaefiliabus,
1559 2437 1619 2465 ut-

925 2495 1009 2535 pote
1021 2488 1077 2524 cui
1092 2501 1158 2523 non
1171 2501 1268 2533 opus,
1283 2487 1365 2533 quia
1378 2485 1510 2521 Briseis
1523 2490 1618 2526 erat;

924 2549 1028 2588 rogat
1047 2555 1145 2577 nunc
1166 2541 1310 2588 supplex
1324 2567 1333 2584 ,
1350 2547 1391 2575 ut
1406 2540 1510 2575 liceat
1527 2551 1619 2583 cap-

930 2598 1007 2629 tivoe
1023 2594 1121 2640 sequi
1134 2598 1295 2629 victorem
1304 2605 1317 2636 ;
1336 2606 1404 2628 nec
1419 2591 1532 2626 ullum
1547 2590 1618 2625 de-

930 2654 1057 2683 trectat
1072 2647 1203 2682 servitii
1221 2659 1351 2694 genus,
1367 2644 1478 2680 modo
1494 2655 1622 2690 sequa—

930 2707 990 2734 tur
1004 2700 1012 2734 !
1348 2704 1353 2714 ¹

930 2762 1052 2795 Improbe
1064 2771 1146 2794 amor,
1157 2761 1223 2796 qnid
1233 2770 1286 2787 non
1298 2759 1528 2793 mortalinpecton
1534 2758 1619 2791 cogis!

932 2812 994 2837 ΕΝ.
1011 2819 1044 2837 1v
1053 2831 1060 2843 ‚
1074 2813 1133 2837 412.
