1884 3112
306 240 322 266 F
332 241 384 266 02

738 266 739 270 ,
787 225 1134 268 EPISTOLA
1165 225 1222 271 V.

298 316 401 378 Qua
420 315 571 363 Venus
594 326 638 363 et
659 316 688 362 J
691 334 780 362 uno
792 352 803 372 ‚
826 314 1070 379 sumtisque
1088 314 1314 364 decentior
1330 318 1484 375 armis,
1660 333 1704 367 35

362 392 498 439 Venit
520 393 566 439 in
590 391 821 439 arbitrium
837 390 958 438 nuda
980 390 1181 440 Minerva
1202 403 1340 440 tuum.
1382 411 1384 413 ’

296 467 494 514 Attoniti
515 466 703 514 micuere
727 466 873 522 sinus,
897 466 1154 534 gelidusque
1173 469 1383 526 cucurrit,

361 545 424 591 Ut
445 543 553 590 mihi
576 543 787 601 narrasti,
812 543 921 592 dura
943 563 1025 610 per
1043 565 1141 595 ossa
1163 558 1338 595 tremor.

301 620 538 679 Consului,
560 640 703 687 neque
723 621 839 670 enim
860 622 1031 671 modice
1051 624 1265 683 terrebar,
1290 643 1487 691 anusque
1501 663 1514 684 ‚

360 699 693 764 Longaevosque
718 717 843 747 senes
865 718 874 746 :
898 700 1098 748 constitit
1120 719 1212 749 esse
1235 700 1370 750 nefas.
1664 716 1707 760 40

298 770 422 823 Caesa
443 775 582 834 abies,
609 787 822 842 sectaeque
847 777 1015 835 trabes,
1037 789 1103 835 et,
1126 766 1264 842 classo
1289 790 1460 846 parata,

361 851 533 900 Caerula
556 863 719 900 ceratas
743 853 901 919 accipit
922 853 1041 902 unda
1062 865 1190 903 rates.

292 927 429 976 Flesti
455 928 681 977 discedens
702 949 712 977 ε
732 928 819 978 hoc
838 929 991 979 saltem
1016 949 1144 997 parce
1167 949 1340 993 negare.

360 1005 588 1053 Praetcrito
612 1006 752 1068 magis
771 1018 839 1054 est
858 1007 940 1056 iste
963 1008 1196 1074 pudendus
1219 1028 1353 1057 amor.

295 1083 355 1129 Et
377 1081 515 1139 flesti,
541 1094 586 1130 et
605 1095 783 1131 nostros
805 1083 954 1132 vidisti
972 1084 1117 1133 flentis
1137 1084 1325 1133 ocellos:
1663 1098 1706 1143 45

294 1217 499 1252 translatum
533 1229 552 1251 a
586 1217 825 1262 navigantibus
852 1229 860 1251 :
890 1230 967 1252 suas

292 1269 389 1303 enim
416 1275 635 1314 tempestates
652 1294 661 1312 ‚
685 1281 783 1303 suam
809 1275 844 1303 et
869 1275 968 1303 tran-

294 1320 498 1365 quillitatem
514 1320 611 1354 novit
625 1333 733 1354 amor.
759 1320 897 1366 Frigide
911 1321 969 1354 ni·-

294 1372 425 1421 mium,
441 1373 468 1406 si
480 1373 607 1406 reseras
620 1372 662 1406 ad
676 1372 770 1406 illam
786 1372 867 1406 anni
882 1379 968 1407 tem-

294 1430 462 1469 pestatem
484 1436 561 1468 quae
588 1430 797 1458 autumnum
821 1423 966 1469 excipit3

293 1475 386 1520 quod
403 1482 520 1510 tamen
536 1475 706 1509 nonnulli.

335 1527 450 1561 35-36.
473 1528 548 1570 Qua
568 1529 695 1567 Venus,
709 1531 746 1561 et
755 1528 863 1568 Juno,
876 1540 968 1561 sum-

292 1582 398 1622 lisque
419 1580 593 1613 decentior
613 1582 715 1613 arrer
735 1585 798 1613 etc.
816 1578 966 1624 Attingit

291 1629 397 1664 etiam
416 1629 549 1665 Paridis
559 1629 728 1674 judicium
739 1656 749 1674 ,
772 1630 869 1675 cujus
884 1637 964 1665 ante

292 1682 532 1717 meminerunt
541 1681 962 1728 Lycophron,Eu1'·ipides,

295 1734 473 1779 Virgilius;
485 1732 611 1768 deinde
624 1732 795 1768 Coluthus
802 1741 837 1768 et
847 1734 965 1768 Lucia-

291 1798 366 1820 nus.
379 1803 420 1813 -
445 1787 546 1820 Venit
557 1788 594 1819 in
606 1782 785 1819 arbun'um‘.
811 1786 853 1820 In
871 1785 966 1830 judi—

292 1837 385 1871 cium
402 1836 444 1871 de
460 1849 565 1882 pomo
577 1863 586 1880 ‚
606 1836 699 1881 quod
719 1838 852 1872 Veneri
868 1837 965 1872 Paris

290 1895 515 1932 concesserat,
524 1900 600 1933 quae
610 1888 798 1923 mulierum
810 1889 965 1935 pulcher-

290 1942 416 1976 rimam
431 1941 492 1986 ipsi
510 1940 725 1986 promiserat.

337 1994 389 2038 37.
415 1994 569 2027 Attenia·
580 1996 722 2027 micuere
739 1995 841 2026 sinus.
863 1992 963 2027 Subi-

292 2051 364 2078 tam
378 2044 485 2079 animi
499 2044 798 2089 perturbationem
815 2043 943 2078 indicat
952 2070 961 2087 ‚

291 2108 366 2141 quae
376 2095 535 2141 proditur
542 2096 688 2130 exterius
695 2095 897 2140 frequenter
904 2096 963 2130 ite-

290 2155 365 2183 rata
380 2160 570 2182 nervorum
581 2147 809 2193 trepidatione
821 2173 830 2191 ,
843 2154 879 2182 et
891 2154 965 2182 tre-

289 2200 385 2234 mulo
399 2199 503 2234 totius
517 2199 653 2234 habitus
666 2205 776 2233 motu.

332 2251 384 2284 38.
404 2253 544 2285 Tremor.
561 2253 680 2292 Timor,
694 2250 915 2287 Lovaniensis
927 2257 962 2285 et

290 2303 486 2344 Junianus;
509 2302 610 2337 male.

333 2357 384 2398 40.
405 2356 565 2389 Constitit
571 2367 647 2388 esse
654 2354 762 2399 nefas.
775 2354 829 2388 Ex
838 2366 961 2388 eorum

287 2406 355 2440 scil.
372 2406 542 2451 responsis
552 2432 561 2449 ,
578 2418 663 2451 quos
673 2405 850 2449 consului,
867 2418 961 2440 cons-

287 2462 373 2499 mit,
397 2458 512 2492 nullus
528 2458 696 2503 superfuit
711 2456 892 2492 dubitandi
914 2457 961 2491 lo-

287 2523 362 2553 cus,
383 2510 467 2554 quin
490 2510 610 2554 nefas,
639 2509 755 2544 nescio
774 2508 858 2554 quid
880 2509 970 2543 mali.

286 2561 368 2595 inde
385 2561 472 2595 mihi
487 2561 699 2596 immineret.

331 2614 383 2656 41.
410 2615 550 2648 Parata.
575 2612 743 2648 Gronovii
762 2620 798 2647 et
814 2619 882 2647 tres
905 2611 960 2646 alii

280 2669 440 2708 peracta,
462 2665 558 2709 quod
585 2677 708 2699 verum
739 2671 823 2710 puto
838 2690 848 2707 ,
881 2663 960 2708 quia

282 2715 385 2761 vulgo
397 2715 515 2750 minus
528 2717 703 2762 frequens.
722 2714 867 2753 Sueton.
889 2714 960 2750 Ca-

1029 1218 1085 1264 lig.
1099 1233 1136 1253 21
1155 1232 1164 1253 :
1185 1221 1327 1263 Quorum
1340 1232 1470 1264 opetum
1480 1232 1504 1254 a
1515 1231 1707 1253 successore

1030 1270 1105 1314 ejus
1110 1271 1249 1305 Claudio
1254 1269 1614 1315 altemmperactumo
1618 1269 1666 1305 th.
1672 1270 1705 1306 6:

1031 1323 1196 1365 Peragem
1215 1323 1344 1356 domum
1358 1334 1501 1356 auream.
1517 1322 1591 1356 Has
1604 1325 1705 1356 'voees

1031 1384 1120 1417 saepe
1136 1372 1371 1407 confuderunt
1386 1372 1524 1408 librarii.
1547 1371 1628 1407 Vid.
1641 1383 1679 1408 vx
1693 1398 1704 1417 ,

1033 1424 1124 1458 Fast.
1140 1424 1201 1469 587
1219 1430 1255 1458 et
1267 1424 1342 1472 629.
1357 1424 1486 1459 BURM.

1075 1476 1127 1518 44.
1153 1477 1328 1510 Proeterilo
1348 1479 1458 1520 magis
1475 1479 1531 1510 est
1552 1478 1621 1510 iste
1638 1489 1707 1520 pu-

1031 1527 1159 1560 dendus
1170 1540 1272 1562 amor.
1292 1527 1406 1562 Amor
1428 1531 1512 1569 iste,
1539 1527 1598 1573 qui
1610 1533 1646 1562 te
1661 1527 1706 1562 ad

1030 1577 1233 1622 rapiendam
1256 1579 1432 1614 Helenam
1448 1579 1602 1625 impulit3
1624 1592 1706 1614 ma·-

1031 1629 1079 1675 gis
1095 1636 1146 1664 est
1156 1632 1353 1674 pudendusf
1377 1631 1437 1666 tibi
1451 1631 1586 1677 turpior
1597 1645 1606 1673 ;
1619 1642 1704 1676 pra!-

1030 1684 1128 1715 ten'to
1140 1707 1148 1721 ‚
1176 1694 1280 1727 quam
1300 1682 1356 1716 ille
1376 1683 1436 1728 qui
1452 1695 1510 1717 me
1533 1682 1594 1717 tibi
1609 1695 1703 1718 con-

1029 1732 1198 1776 junxerat.
1214 1733 1306 1768 Sunt
1319 1733 1378 1779 qui
1391 1734 1507 1779 legant
1511 1736 1676 1779 p1grendus
1688 1745 1702 1776 ,⁵

1030 1796 1094 1818 nec
1107 1784 1154 1819 ita
1164 1785 1252 1820 male
1267 1812 1276 1829 ,
1293 1785 1354 1820 sed
1365 1784 1430 1819 alio
1443 1798 1582 1831 prorsus
1590 1799 1704 1821 sensu.

1031 1836 1173 1881 Malim,
1191 1850 1315 1883 quem,
1337 1837 1544 1872 Burmanno
1561 1837 1648 1874 duce
1667 1844 1704 1872 et

1029 1887 1112 1932 aliis,
1127 1888 1403 1935 praeponendum
1418 1889 1546 1924 censui.
1558 1889 1616 1924 sie
1630 1889 1704 1924 Ho-

1029 1941 1135 1976 ratius
1148 1954 1161 1976 1
1173 1968 1182 1986 ,
1201 1941 1270 1977 od.
1289 1956 1329 1988 27
1343 1967 1353 1984 ‚
1376 1942 1414 1975 15
1428 1953 1436 1975 :
1450 1942 1704 1976 Erubescendos

1027 1998 1132 2037 lgnes.

1072 2047 1124 2089 45.
1137 2047 1277 2081 Nostms
1288 2047 1529 2090 vt‘dtlrlt'flenlelr
1536 2050 1600 2079 etc.
1609 2043 1702 2079 Nau-

1029 2097 1142 2143 gerius
1163 2099 1316 2132 madidos
1331 2096 1429 2131 malit
1441 2123 1452 2140 ‚
1479 2094 1572 2141 quod
1589 2101 1641 2130 est
1663 2094 1701 2129 in

1026 2149 1201 2183 nonnullis
1222 2149 1371 2194 scriptis;
1388 2147 1449 2183 sed
1464 2149 1600 2182 frustra.
1619 2146 1701 2181 Am.

1026 2201 1082 2235 lib.
1098 2212 1130 2241 1,
1160 2200 1256 2246 Eleg.
1275 2211 1363 2243 vm,
1388 2199 1472 2234 108:

1060 2253 1098 2277 Ut
1110 2260 1165 2276 mea
1174 2251 1301 2276 defunctae
1310 2251 1421 2276 molliter
1431 2259 1489 2276 ossa
1499 2250 1604 2275 cubent.

1028 2297 1101 2332 Ubi
1121 2303 1239 2331 tamen
1256 2295 1337 2331 MS.
1350 2300 1390 2330 ut
1401 2297 1502 2338 mih&
1519 2302 1555 2330 et
1566 2295 1622 2330 lib.
1633 2304 1700 2338 111,

1029 2349 1124 2395 Eleg.
1142 2359 1172 2383 11
1185 2374 1195 2392 ‚
1219 2348 1283 2396 39:

1027 2410 1072 2435 An
1085 2409 1164 2442 magis
1174 2408 1217 2433 hic
1230 2408 1309 2434 animi
1322 2415 1394 2433 meus
1403 2412 1442 2432 est.
1448 2426 1458 2439 ,
1469 2415 1521 2432 non
1528 2406 1594 2431 airis
1604 2403 1701 2431 astus?

1028 2458 1133 2493 Trist.
1148 2469 1206 2501 1v,
1224 2457 1276 2491 El.
1293 2468 1357 2501 111,
1380 2467 1438 2504 19:

1026 2515 1150 2540 vultibus
1159 2514 1204 2538 ina
1215 2514 1268 2538 tuis
1276 2532 1284 2544 ,
1298 2518 1420 2546 tanquam
1428 2510 1558 2545 promtis
1567 2508 1680 2534 inhaeret.

1027 2559 1080 2593 Ut
1104 2558 1224 2604 legunt
1242 2564 1376 2592 veteres
1392 2555 1489 2598 libri,
1517 2560 1552 2589 et
1574 2553 1629 2587 lib.
1652 2563 1694 2596 v,

1027 2621 1114 2654 vm,
1133 2613 1168 2644 5:

1026 2670 1080 2696 Nec
1091 2671 1156 2694 mala
1169 2676 1195 2695 te
1203 2669 1313 2695 reddunt
1318 2668 1406 2694 mitem
1416 2666 1597 2702 placidumque
1603 2663 1698 2698 iacenti

1073 2715 1179 2741 Nostra.
