1884 3112
478 418 988 493 EPISTOLA
1055 419 1219 492 XV.

465 930 797 988 S'APPHO
845 928 1198 986 PHAONI.
1226 922 1252 947 '‘

143 1089 416 1166 Eccum,
440 1117 495 1155 ut
516 1106 718 1173 inspecta
741 1115 810 1154 est
830 1103 1041 1154 studiosae
1065 1102 1194 1152 litera
1217 1103 1400 1164 dextrae‚

207 1185 422 1235 Protinus
445 1196 514 1234 est
536 1183 680 1232 oculis
704 1183 886 1247 cognita
905 1194 1060 1231 nostra
1083 1182 1204 1232 tuis?

141 1265 237 1324 An,
261 1264 350 1313 nisi
373 1263 555 1327 legisses
580 1262 776 1312 auctoris
799 1261 984 1310 nomina
1007 1261 1241 1327 Sapphus,

207 1344 311 1393 Hoc
333 1342 468 1392 hreve
490 1341 682 1391 nescires
704 1341 823 1390 unde
846 1351 1042 1389 moveret
1068 1341 1219 1407 opus?

185 1489 205 1508 *
218 1487 388 1525 smnus
404 1486 447 1524 ad
462 1488 653 1524 Pmoun
670 1487 827 1534 Epistola

140 1541 178 1577 in
208 1540 313 1577 nullis
338 1540 540 1576 Heroidum
567 1539 826 1576 ovidiana-um

142 1593 396 1641 exemplaribus
406 1620 417 1638 ‚
453 1592 519 1629 nisi
551 1592 796 1628 recentissimis
814 1618 824 1636 ,

142 1652 310 1693 apparet,
346 1658 464 1692 neque
484 1644 552 1680 hoc
575 1644 674 1689 loco,
698 1644 760 1680 sed
785 1650 827 1679 ut

140 1698 335 1746 plurimum
354 1697 485 1744 reiecta
499 1697 537 1732 in
553 1696 684 1733 calcem
701 1696 826 1744 operis.

140 1750 186 1786 ln
199 1763 268 1797 qua
277 1757 398 1786 tamen
408 1749 632 1786 emendanda
642 1750 695 1785 usi
705 1762 826 1785 sumus

138 1804 230 1840 libro
243 1803 461 1851 Bodleiano,
477 1803 587 1839 tribus
604 1802 827 1838 Lincolnien·

140 1858 247 1902 sibus,
263 1857 499 1901 setim-iano,
511 1855 687 1900 Palatino,
698 1855 824 1902 Regio,

141 1909 353 1946 San-aviano
364 1935 374 1954 ‚
388 1908 632 1944 Mam-{niano
642 1934 652 1952 ‚
669 1908 827 1954 quinque

142 1961 334 2007 Mediceis,
350 1961 500 1998 totid‘em
510 1961 618 2005 meis,
635 1960 825 2004 Patavino,

142 2015 330 2060 Vaticano,
337 2014 565 2058 Famesiano,
570 2012 826 2056 Arundeliano,

143 2079 299 2114 quorum
308 2067 470 2103 omnium
481 2079 559 2113 pars
573 2066 688 2111 major
700 2077 774 2099 non
788 2065 827 2099 in

144 2120 372 2166 membranis,
383 2119 445 2156 sed
457 2119 590 2163 charta,
603 2118 670 2153 suit
680 2123 828 2153 exarata.

144 2174 266 2218 Hujus
283 2172 448 2220 Epistolae
474 2172 609 2218 optimo
642 2169 830 2216 exemplari

144 2241 228 2264 usus
246 2233 300 2263 est
320 2225 536 2272 Naugerius,
561 2224 661 2270 cujus
679 2235 745 2269 ope
761 2223 831 2257 ins-

146 2287 281 2317 tructus
291 2276 402 2315 multa
412 2277 558 2313 feliciter
577 2275 763 2322 castigavit.
780 2276 830 2311 H.

194 2348 222 2369 ι.
233 2333 370 2378 Ecquid
379 2334 419 2366 ut
425 2337 489 2366 etc.
504 2330 563 2366 Sic
575 2328 830 2365 emendarunt:

145 2385 208 2423 sed
228 2385 293 2433 ipsi
310 2383 481 2426 viderint;
498 2382 586 2418 mihi
606 2390 706 2418 vetus
727 2382 831 2418 lectio

146 2439 331 2485 Numqui'd,
347 2449 423 2472 non
438 2435 661 2471 immutanda
673 2442 725 2470 est
738 2434 830 2470 visa:

146 2491 208 2527 ubi
224 2489 420 2538 praesertim
436 2488 577 2523 auribus
592 2487 649 2523 illa
666 2487 836 2533 obsequia*

146 2552 209 2582 tm·
221 2544 331 2591 magis
343 2570 354 2588 ,
379 2549 415 2579 et
431 2555 603 2578 consensu
618 2541 725 2576 etiam
739 2553 831 2587 pro-

145 2598 252 2634 betur
266 2595 500 2632 eruditorum.
525 2594 671 2629 EGNAT.
685 2611 731 2619 ——-
745 2593 831 2627 Stu-

148 2652 263 2686 diosa.
279 2648 463 2695 Explicant
480 2646 591 2682 doctae
603 2673 612 2691 ,
628 2645 736 2681 literis
748 2658 833 2680 eru-

148 2701 229 2738 ditae
241 2729 251 2747 ,
277 2714 355 2748 quae
380 2708 452 2737 tam
480 2699 581 2734 docte
610 2705 646 2733 et
674 2704 836 2734 accurate

150 2755 267 2791 scribit
287 2753 382 2793 :ssed
402 2753 529 2789 vellem
552 2752 654 2787 simili
672 2751 832 2797 exemplo

151 2805 219 2843 hoc
241 2806 391 2854 probari.
419 2805 495 2853 Ego
512 2804 714 2851 simpliciter
734 2804 833 2850 capio

890 1493 926 1522 te
937 1486 1099 1532 amantis,
1113 1486 1176 1522 tibi
1185 1484 1359 1522 studentis
1370 1491 1405 1521 et
1414 1485 1577 1531 faventis,

892 1546 933 1575 ut
957 1539 1091 1575 millies.
1117 1539 1171 1574 Ita
1195 1550 1265 1583 111,
1287 1539 1365 1574 Art.
1388 1538 1471 1574 Am.
1489 1540 1578 1583 421:

891 1593 1051 1627 Studiosa
1054 1593 1243 1637 placend1'5
1261 1598 1297 1626 et
1305 1591 1372 1626 663
1382 1604 1390 1626 z
1401 1593 1482 1635 Quoe
1488 1603 1579 1636 pra-

891 1647 951 1680 bet
961 1647 1085 1680 lectum
1100 1645 1257 1680 studiosa
1271 1646 1454 1689 locumque.
1469 1642 1528 1678 Sic
1538 1642 1577 1677 in

891 1697 955 1732 alia
971 1710 1029 1742 re,
1057 1707 1123 1742 111,
1145 1696 1228 1732 Am.
1249 1711 1269 1731 2
1285 1708 1294 1731 :
1313 1698 1389 1732 Non
1403 1708 1466 1741 ego
1479 1697 1580 1730 nobi-

889 1751 972 1785 lium
1003 1751 1105 1785 sedeo
1130 1751 1304 1785 studiosus
1336 1761 1491 1794 equorum
1504 1760 1517 1793 ,-
1542 1754 1579 1782 et

891 1802 1028 1849 passim.
1044 1802 1177 1838 Bonna.

936 1856 967 1890 3,
991 1856 1069 1897 An,
1085 1858 1157 1889 nisi
1169 1857 1313 1899 Iegis-ses
1333 1858 1485 1890 auctoris·
1506 1867 1578 1889 uo—

891 1911 985 1943 mina
996 1915 1061 1943 etc.
1075 1907 1213 1942 Ironice
1223 1933 1233 1952 ,
1252 1913 1288 1942 et
1298 1906 1346 1942 ita
1354 1920 1390 1943 se
1399 1920 1419 1941 a
1430 1907 1576 1942 Phaone

892 1960 1091 2007 despectam
1104 1959 1331 1995 existimantis
1342 1985 1352 2003 ,
1366 1965 1407 1994 ut
1420 1958 1576 2003 dubitet,

892 2012 959 2047 nisi
971 2012 1177 2059 inscriptum
1186 2011 1348 2058 Sapphus
1360 2024 1480 2046 nomen
1493 2023 1579 2057 prae-

892 2065 1001 2100 ferret
1023 2064 1182 2111 Epistola
1196 2090 1207 2108 ,
1235 2063 1383 2098 dubium
1406 2063 1578 2099 haesitasse

892 2119 981 2152 unde
994 2120 1134 2153 veniret.
1303 2141 1306 2144 -

939 2171 969 2214 4.
993 2171 1100 2204 Unde·
1112 2172 1265 2205 monem-l.
1283 2168 1361 2215 Ego
1378 2167 1579 2204 latiniorem

895 2230 982 2269 puto
996 2222 1184 2257 lectionem
1198 2221 1398 2258 Sarraviani
1414 2227 1450 2256 et
1464 2221 1495 2256 F
1495 2233 1582 2256 ran-

895 2275 1102 2312 cosurtensis
1123 2275 1249 2312 codicis
1265 2301 1275 2320 ‚
1310 2276 1399 2310 unde
1421 2277 1554 2308 vem‘ret
1569 2287 1580 2308 .-

896 2328 991 2375 quod
1014 2335 1049 2363 et
1077 2328 1245 2363 Francius
1269 2326 1468 2372 conjecerat
1484 2353 1494 2370 ,
1519 2326 1580 2372 qui

895 2389 1022 2417 tamen·
1035 2384 1182 2415 moveret
1201 2380 1417 2426 praeserebat.
1449 2378 1580 2413 BURM.

895 2452 941 2460 —-
968 2433 1024 2468 Ad
1051 2432 1126 2468 hoec
1147 2432 1201 2467 vir
1228 2431 1284 2467 Cl.
1298 2431 1419 2467 Jacob.
1444 2430 1580 2466 Frider.

896 2487 1082 2531 Eusinger.
1099 2486 1136 2520 in
1152 2484 1319 2531 excerptis
1330 2498 1349 2519 e
1361 2482 1462 2519 codd.
1476 2481 1581 2517 Guel-

896 2538 1147 2586 pherbytanis:
1164 2552 1181 2568 «
1199 2537 1327 2583 Quum
1348 2537 1483 2583 priores
1498 2533 1582 2570 edi-

897 2591 1028 2627 dissent
1039 2593 1127 2626 unde
1136 2594 1283 2625 moveret
1289 2602 1387 2635 opus,
1406 2588 1583 2622 Burman-

895 2657 964 2679 nus
979 2647 1110 2679 venimt
1120 2642 1293 2689 reposuit:
1306 2641 1350 2676 de
1362 2652 1433 2686 quo
1447 2641 1502 2674 vix
1513 2639 1581 2674 du·

897 2697 970 2732 bito
995 2697 1080 2742 quin
1102 2694 1242 2730 alterius
1258 2694 1436 2740 scripturae
1452 2692 1496 2728 sit
1517 2692 1582 2726 in-

898 2755 1227 2795 terpretamentum.
1244 2746 1337 2781 Mihi
1347 2745 1430 2781 satis
1445 2745 1555 2790 placet
1576 2771 1584 2787 ,

899 2802 991 2849 quod
1002 2802 1037 2837 in
1050 2808 1199 2846 utroque
1208 2798 1373 2837 Gudiano
1381 2797 1461 2835 etin
1475 2797 1585 2832 Sci-iv.
