1884 3112
1469 259 1579 275 mv

513 398 1038 479 EPISTOLA
1098 348 1226 475 lx.

429 851 859 933 ‘DEJANIRA
909 850 1306 908 HERCULI.

168 1023 503 1094 GRATULOR
529 1043 788 1093 OEchaliam
810 1042 953 1092 titulis
976 1042 1178 1092 accedere
1201 1042 1384 1091 vestris:

228 1121 456 1170 Victorem
477 1120 603 1170 victae
627 1121 912 1170 succubuisse
939 1138 1113 1187 queror.

163 1198 298 1248 Fama
318 1196 598 1262 Pelasgiadas
621 1198 772 1247 subito
794 1197 996 1265 pervenit
1017 1196 1066 1244 in
1089 1195 1223 1244 urbes

230 1273 445 1333 Decolor,
469 1285 515 1323 et
536 1274 673 1324 factis>
685 1274 921 1323 inficianda
942 1273 1030 1321 tuis
1050 1293 1061 1321 ε

167 1352 316 1417 Quem
337 1373 566 1420 nunquam
582 1353 729 1411 Juno,
755 1353 976 1418 seriesque
1000 1351 1212 1400 immensa
1232 1349 1449 1407 laborum,
1567 1366 1588 1400 5
1654 1385 1657 1389 ι

237 1431 457 1495 Fregerit,
481 1431 586 1479 huic
609 1430 734 1479 Iolen
757 1429 1019 1497 imposuisse
1040 1428 1209 1494 jugum.

166 1506 269 1556 Hoc
289 1506 396 1556 velit
417 1507 717 1574 Eurystheus,
742 1506 847 1555 velit
869 1507 956 1555 hoc
981 1513 1187 1570 germana
1207 1505 1426 1554 Tonantis
1445 1525 1457 1553 ε

230 1585 441 1651 Laetaque
465 1584 525 1632 sit
546 1584 646 1634 vitae
669 1583 770 1632 labe
793 1602 981 1632 noverca
1003 1594 1102 1632 tuae.

211 1730 240 1752 1.
269 1717 434 1753 Gratulor
454 1724 519 1754 etc.
539 1718 675 1754 Totum
693 1717 780 1762 hoe,
810 1722 847 1753 et

164 1766 209 1804 ad
219 1781 359 1805 versum
365 1783 475 1816 usque
489 1770 564 1815 143,
572 1770 703 1805 ironice
713 1769 846 1805 dictum

164 1828 236 1863 est;
253 1820 349 1867 quod
362 1821 500 1869 longius
514 1822 617 1868 paulo
633 1822 674 1856 iis
690 1835 774 1857 sane
792 1822 848 1856 vi-

165 1871 306 1908 debitur
318 1900 328 1918 ,
346 1874 406 1920 qui
420 1881 554 1909 norunt
565 1887 670 1920 quam
689 1874 848 1921 pruden-

165 1930 221 1959 ter
235 1932 271 1960 et
288 1925 402 1962 sobrie
418 1925 538 1973 figuris
561 1926 598 1960 in
619 1939 783 1961 sermone
805 1926 848 1960 sit

168 1977 354 2022 utendum,
366 1985 406 2013 ut
416 1991 479 2014 sua
492 1978 556 2013 illis
572 1979 681 2024 gratia
695 1978 798 2013 simul
813 1984 849 2012 et

166 2028 217 2064 vis
228 2029 288 2064 inb
293 2037 432 2066 aereant.
442 2049 487 2056 —
498 2031 699 2065 OEchaliam.
709 2030 849 2065 Urbem

169 2079 301 2117 Eubeae
310 2108 320 2127 ,
333 2082 394 2117 ubi
402 2083 560 2129 regnavit
574 2082 742 2131 Eurytus,
760 2082 849 2117 Ioles

169 2139 286 2178 pater,
309 2147 415 2180 quam
437 2147 547 2180 quum
562 2135 697 2181 petenti
718 2134 849 2170 Alcidae

169 2193 328 2231 negasset
345 2213 355 2231 ,
387 2187 513 2222 urbem
539 2187 710 2223 Hercules
733 2199 849 2232 expu-

173 2237 293 2282 gnavit
305 2263 315 2282 ,
332 2244 368 2273 et
383 2238 482 2274 Iolen
502 2239 635 2285 rapuit,
648 2239 764 2275 occisis
779 2240 852 2273 sra-

171 2287 301 2332 tribus,
324 2296 359 2325 et
372 2289 447 2336 ipso
459 2316 468 2334 ,
487 2298 527 2326 ut
545 2291 688 2336 quidam
707 2291 849 2335 volunt,

170 2346 279 2384 patre.
313 2359 359 2367 —
384 2343 508 2377 Tuuhte
533 2347 666 2377 vesln's.
688 2343 852 2378 Victoriis

170 2391 298 2427 scilicet
307 2419 317 2436 ,
334 2405 411 2439 quae
425 2393 571 2429 totidem
583 2394 693 2429 laudis
705 2395 853 2441 insignia

171 2451 207 2478 et
232 2446 335 2478 tituli.
356 2463 400 2470 —
421 2445 516 2480 Huic
543 2445 661 2481 denuo
690 2447 854 2493 Epistolae

172 2496 323 2531 Puteani
339 2503 499 2543 excerpta
526 2505 563 2533 et
585 2505 728 2534 vetustae
749 2512 853 2545 quae-

173 2547 255 2583 dam
272 2547 461 2594 editiones,
483 2562 565 2585 cum
580 2550 698 2586 codice
721 2551 851 2598 Regio,

173 2613 323 2646 sequens
342 2599 513 2636 distichon
531 2602 718 2650 proefigunt
736 2615 744 2639 :

172 2668 268 2695 Mittor
276 2670 310 2694 td
321 2668 432 2695 Alciden
446 2680 460 2695 u
471 2672 581 2705 conjuge
592 2673 695 2698 conscia
705 2673 800 2698 menti·

205 2717 311 2749 Liten,
323 2719 346 2742 ιί
356 2718 453 2752 conjux
465 2720 587 2746 Deianira
597 2726 642 2746 tun
652 2727 700 2747 est.
716 2722 821 2748 Hume-

220 2779 250 2800 2.
279 2768 445 2807 Victorem
455 2772 564 2805 victoe.
583 2769 854 2808 Annominatio:

911 1717 958 1754 sic
974 1724 1009 1753 et
1022 1730 1103 1752 mox
1118 1717 1155 1752 in
1166 1716 1231 1752 hac
1244 1717 1316 1763 ipsa
1331 1716 1440 1763 Epist.
1455 1717 1571 1753 Livius
1580 1745 1590 1763 ‚

910 1770 968 1805 lib.
993 1781 1065 1805 xxv
1084 1782 1093 1805 :
1123 1771 1223 1814 Quod
1239 1772 1281 1803 ni
1297 1773 1366 1804 lam
1386 1773 1423 1804 in
1446 1774 1591 1815 tempore

910 1825 1122 1857 subvemtrset
1132 1849 1140 1863 ‚
1159 1824 1341 1856 victoribus
1355 1825 1519 1868 υἷι-ἰιὶτᾳιιι·
1530 1836 1592 1868 pa—

911 1878 996 1909 riter
1003 1877 1198 1919 perniciosa
1203 1874 1322 1919 sames
1332 1877 1496 1909 instabat.
1515 1874 1595 1909 Val.

913 1927 1007 1961 Max.
1022 1926 1078 1961 lib.
1090 1938 1126 1970 v,
1140 1939 1212 1972 cap.
1233 1937 1280 1960 111
1299 1939 1308 1960 ε
1336 1928 1592 1961 Themistoclem

911 1982 1071 2013 vz‘clorem
1087 1981 1189 2017 ‚vicli
1212 1979 1322 2012 hostis
1350 1992 1463 2023 genua
1495 1993 1594 2014 com-

907 2033 1025 2076 plecti.
1053 2029 1158 2065 CIOF.

959 2083 1038 2126 3-4.
1060 2084 1169 2116 Fama
1171 2109 1230 2117 ......
1253 2085 1408 2127 peruenit
1432 2085 1468 2116 in
1496 2085 1595 2118 urbes

914 2137 1057 2170 decolor.
1082 2135 1175 2180 Quae
1189 2147 1264 2169 non
1280 2135 1386 2180 priori
1406 2135 1507 2170 samae
1521 2148 1598 2170 res—

915 2187 1069 2234 pondeat
1083 2214 1092 2231 ,
1112 2194 1148 2222 et
1166 2187 1207 2221 ab
1225 2200 1286 2231 e0,
1310 2200 1381 2233 quo
1403 2200 1459 2222 res
1481 2187 1595 2224 adhuc

917 2247 1026 2286 gestas
1042 2239 1158 2274 colore
1177 2239 1374 2283 illustrasti,
1393 2240 1522 2275 sensim
1539 2239 1598 2275 de-

917 2292 1021 2327 ficiat.
1038 2291 1096 2326 Sic
1111 2291 1277 2337 Virgilius
1287 2318 1298 2336 ,
1315 2291 1399 2326 AEn.
1411 2303 1480 2327 viu
1490 2319 1499 2336 ,
1512 2292 1576 2326 326
1586 2319 1596 2336 ,

918 2344 961 2379 de
991 2350 1154 2390 argentea
1186 2350 1285 2379 aetate
1299 2371 1309 2389 ,
1348 2357 1426 2390 quae
1454 2357 1597 2380 auream

917 2398 1127 2442 subsequuta
1140 2403 1211 2431 est:

916 2458 1036 2485 Deterior
1046 2457 1127 2482 donec
1138 2457 1277 2490 paulatim,
1290 2466 1319 2482 ac
1330 2457 1436 2482 decolor·
1445 2463 1516 2482 etas.

965 2521 993 2553 7.
1015 2507 1091 2541 Hoc
1107 2508 1193 2544 velit
1208 2508 1417 2554 Eurystheus
1429 2514 1494 2542 etc.
1519 2507 1597 2543 Hac

919 2558 1044 2594 eadem
1062 2557 1229 2604 loquendi
1245 2559 1396 2594 formula
1412 2559 1554 2606 Virgil.:

1384 2620 1443 2645 AEn.
1460 2627 1496 2651 11,
1510 2619 1565 2646 104.

920 2667 962 2703 Id
975 2675 1026 2704 est
1034 2695 1043 2712 ,
1063 2667 1228 2703 ardenter
1238 2674 1273 2704 et
1285 2674 1360 2703 toto
1371 2669 1489 2703 animo
1499 2680 1598 2714 exop-

919 2721 1056 2757 laverit.

964 2774 994 2809 8.
1019 2774 1179 2819 Loetaque
1196 2776 1246 2809 sit
1264 2775 1344 2809 vile
1362 2774 1440 2808 labe
1457 2786 1598 2810 noverca

918 2619 977 2645 Hoc
987 2619 1091 2644 Ithacus
1099 2619 1171 2644 velit.
1177 2638 1183 2644 .
1189 2638 1196 2644 .
