1884 3112
288 236 346 297 76
745 223 1102 294 EPISTOLA
1137 252 1227 299 1v.

284 327 385 376 Sint
406 329 564 396 procul
587 350 611 380 a
633 333 767 382 nobis
785 336 988 400 juvenes,
1012 350 1064 387 ut
1085 340 1267 402 femina,
1294 349 1452 397 comti:

346 403 455 453 Fine
481 405 568 454 coli
589 408 764 458 modico
786 409 926 461 forma
948 413 1086 464 virilis
1109 429 1237 467 amat.

280 481 344 529 Te
367 493 470 531 tuus
492 484 575 533 iste
596 486 737 548 rigor,
762 489 985 557 positique
1004 492 1098 542 sine
1122 507 1213 544 arte
1239 497 1408 564 capilli,

343 560 404 607 Et
425 559 733 627 levis'egregio
756 566 902 632 pulvis
925 569 973 625 in
996 589 1071 619 ore
1096 572 1232 622 decet.

280 636 381 686 Sive
403 637 561 689 ferocis
583 642 687 708 εἰμί
710 642 922 695 luctantia
944 646 1058 696 colla
1081 668 1310 711 recurvas;

341 717 517 780 Exiguo
540 719 676 769 flexos
698 722 837 771 miror
859 724 907 771 in
930 725 1038 774 orbe
1061 726 1222 792 pedes-

279 791 368 840 Seu
391 792 559 844 lentum
582 796 726 846 valido
752 810 934 866 torques
956 800 1115 852 hastile
1139 803 1324 865 lacert03

342 870 435 919 Ora
456 871 580 921 ferox
601 873 649 922 in
672 893 718 923 se
741 894 865 925 versa
886 876 1074 928 lacertus
1098 879 1246 930 habet.

275 946 374 996 Sive
398 960 519 998 tenes
542 949 632 998 lato
656 953 873 1002 venabula
896 974 1055 1006 cornea
1077 957 1193 1007 ferro
1212 978 1223 1018 ;

340 1025 567 1092 Denique,
593 1040 746 1079 nostra
764 1030 889 1096 juvat
910 1031 1096 1093 lumina,
1124 1036 1344 1103 quidquid
1366 1057 1481 1101 agas.

274 1102 345 1150 Tu
367 1103 502 1151 modo
526 1104 732 1155 duritiem
755 1107 876 1157 silvis
900 1110 1072 1178 depone
1091 1113 1263 1179 jugosis
1287 1131 1298 1160 :
1650 1133 1694 1168 85
1746 1119 1755 1129 ²

316 1236 367 1283 76.
389 1239 474 1273 Fi'ne
489 1242 561 1274 coli
570 1242 700 1277 modico
706 1243 824 1287 fhnna
838 1247 949 1280 ω’ήῖιὶς·

270 1293 373 1322 amal.
388 1289 523 1326 Minori
532 1299 697 1339 apparatu
707 1295 885 1332 ornandus
893 1297 948 1331 vir

271 1354 377 1385 quam
387 1342 523 1378 mulier.
539 1344 591 1379 Ut
604 1346 700 1380 enim
709 1347 755 1381 ait
765 1347 949 1394 Euripides

269 1401 473 1438 personatus
495 1395 587 1441 apud
605 1396 811 1444 comicum,
836 1400 951 1435 Thes-

270 1445 389 1491 moph.
411 1448 470 1493 147
489 1460 499 1482 ε

267 1502 324 1536 Τίς
349 1502 403 1534 δαὶ
416 1502 577 1548 κατόπτρου
597 1506 651 1537 καὶ
668 1506 772 1547 ξίφους
787 1508 947 1546 κοινωνίας

269 1548 379 1583 Suam
394 1549 467 1595 ipse
488 1552 660 1586 Electram
675 1558 843 1600 παρῳδῶν,
870 1568 948 1600 quae

268 1601 451 1646 exoptabat
462 1628 472 1646 ,

598 1674 622 1682 ..
635 1675 643 1683 .
667 1654 712 1690 ε’ίη
730 1652 818 1690 πέσις

268 1701 319 1738 Μὴ
340 1700 525 1747 παρθενωπός
537 1724 547 1742 ,
567 1700 644 1736 ἀλλὰ
657 1702 815 1747 τάνδρείου
829 1705 944 1753 τρόπον.

313 1771 364 1805 79.
385 1759 461 1793 Sive
472 1759 604 1804 ferocllr
624 1764 709 1805 equi.
732 1762 817 1796 Tale
843 1763 947 1807 quid-

266 1810 361 1854 piam
382 1809 574 1846 admiratur
596 1812 710 1860 Scylla
732 1813 770 1848 in
793 1814 916 1850 Minoe
932 1841 944 1862 ‚

267 1862 505 1908 Metamorph.
522 1875 595 1908 vn,
613 1867 678 1899 25:

266 1931 317 1955 Seu
329 1936 406 1963 caput
416 1931 549 1956 abdiderat
561 1932 665 1957 cristata
675 1933 773 1957 casside
787 1934 877 1966 pennis
886 1953 895 1966 ,

266 1979 298 2002 ln
310 1979 381 2010 galea
390 1979 518 2005 formosus
531 1986 601 2013 εει-αις
615 1989 661 2005 seu
674 1986 800 2006 sumserat
810 1990 859 2006 aere

265 2027 420 2059 Fulgentem
438 2028 560 2061 elypeum
573 2046 583 2060 ,
607 2029 728 2063 clypeum
745 2031 867 2055 sumsisse
884 2030 927 2055 de-

367 2076 450 2100 cebet.

265 2124 387 2150 Torserat
399 2125 519 2150 adductis
529 2124 634 2151 hastilia
646 2126 714 2151 lenta
723 2127 825 2151 lacertis
835 2135 843 2152 :

263 2165 399 2198 Laudabat
408 2173 481 2206 virgo
493 2175 609 2207 junctam
621 2183 680 2199 cum
693 2175 794 2200 viribus
805 2180 895 2200 artem.

265 2222 391 2255 Imposito
403 2222 500 2247 calamo
513 2223 615 2255 patulos
629 2223 776 2248 sinuaverat
788 2232 862 2248 arcus
872 2233 881 2256 ;

263 2270 305 2294 sic
317 2270 443 2296 Phoebum
455 2271 546 2296 sumtis
559 2272 662 2304 jurabat
675 2278 742 2297 stare
755 2273 864 2305 sagittis.

264 2354 308 2361 —
345 2336 529 2371 luctantia
560 2337 650 2371 colla
683 2349 844 2371 recurvus.
883 2336 941 2372 Sic

264 2387 382 2432 priscae
398 2387 567 2422 editiones
584 2395 620 2422 et
643 2388 758 2434 scripti
783 2388 915 2423 codices
931 2401 940 2423 :

264 2439 390 2483 plaeet;
415 2452 500 2474 nam
522 2445 652 2486 torques
674 2453 755 2475 mox
775 2441 940 2486 sequitur.

264 2491 439 2525 Praeterea
467 2491 537 2526 duo
574 2493 780 2538 exemplaria
799 2493 941 2536 fugacis

264 2546 343 2586 equi
355 2542 514 2576 exhibere
527 2543 597 2587 jam
607 2557 709 2588 supra
725 2544 866 2585 monui3
884 2543 941 2577 id-

266 2606 332 2637 que
350 2594 560 2638 praetulerim
578 2621 587 2638 ,
612 2594 705 2640 quod
712 2595 863 2639 ferocem
884 2597 940 2628 la·-

264 2648 388 2679 certum
401 2658 482 2679 mox
494 2646 690 2692 subjungat.
703 2647 835 2681 HEINS.
847 2645 939 2679 Mihi

252 2695 385 2740 ferocis
406 2696 515 2742 placet
530 2723 539 2740 ,
557 2704 698 2743 propter
714 2702 747 2733 τὲ
762 2701 938 2732 Ιιισίαιιίιῑα.

306 2748 358 2782 80.
380 2750 514 2793 Euguo
531 2751 646 2793 flexos
673 2754 774 2784 miror
799 2753 834 2784 ιἸι
862 2752 939 2784 orbe

1006 1249 1124 1292 pedes.
1147 1248 1300 1284 Miratur
1314 1247 1371 1286 hic
1387 1251 1537 1287 Phaedra
1559 1260 1594 1288 et
1611 1253 1693 1288 lau-

1012 1297 1071 1334 dat
1082 1307 1194 1335 artem
1207 1314 1275 1346 qua
1290 1309 1452 1339 tractaret
1463 1316 1594 1349 equum
1605 1304 1692 1350 Hip-

1014 1351 1168 1399 polytus;
1187 1353 1343 1388 flecteret
1358 1355 1395 1388 in
1412 1355 1513 1390 orbes
1526 1381 1537 1399 ‚
1562 1362 1598 1390 et
1613 1356 1693 1401 qui-

1014 1402 1096 1438 dem
1111 1407 1266 1449 exiguos,
1287 1405 1380 1451 quod
1388 1406 1498 1443 laudis
1512 1419 1692 1443 summum

1013 1462 1050 1489 et
1069 1457 1160 1490 artis.
1183 1457 1235 1491 Ea
1250 1457 1322 1502 jam
1334 1483 1343 1501 ‚
1366 1457 1428 1493 sed
1444 1464 1567 1494 ornate
1582 1459 1692 1506 magis

1014 1507 1135 1553 virgil.
1151 1507 1194 1542 G.
1211 1519 1274 1550 111,
1297 1523 1355 1555 117
1372 1528 1417 1535 —
1435 1523 1491 1558 ¹9¹
1513 1519 1522 1541 ἔ

1079 1585 1086 1592 .
1097 1585 1103 1591 .
1111 1585 1118 1592 .
1147 1568 1274 1592 Insultare
1285 1569 1340 1593 solo
1351 1574 1377 1593 et
1392 1577 1494 1601 gressus
1506 1569 1678 1602 glomerare...

1012 1604 1122 1648 Carpere
1147 1624 1208 1653 φοι
1233 1624 1327 1649 gyrum
1349 1616 1456 1649 incipiat
1467 1636 1477 1648 ,
1501 1618 1675 1653 grndibi'uque

1109 1671 1198 1688 sonare

1010 1711 1176 1744 Compositis,
1186 1711 1321 1745 sinuetque
1326 1712 1424 1737 altern-
1430 1713 1563 1739 volumin-
1569 1723 1686 1741 crurum.

1053 1760 1104 1794 81.
1139 1760 1204 1794 Seu
1230 1762 1354 1795 lentum
1381 1763 1503 1796 valido,
1546 1763 1687 1798 Vaslum

1008 1810 1086 1846 libri
1101 1819 1234 1846 veteres
1249 1819 1300 1847 sat
1315 1812 1436 1855 multi;
1459 1819 1499 1848 ut
1514 1814 1687 1860 scripserit

1008 1864 1125 1898 forsan
1144 1863 1292 1899 Ovidius
1307 1876 1315 1898 :

1008 1924 1068 1949 Sive
1081 1929 1171 1948 actum
1183 1923 1269 1948 valido
1280 1928 1384 1957 torques
1394 1923 1488 1950 hastile
1499 1925 1603 1951 lacerto.

1008 1971 1082 2006 Aut
1099 1971 1192 2016 quod
1208 1971 1326 2005 malim
1336 1998 1345 2015 ,
1363 1984 1423 2006 seu
1437 1985 1592 2017 quassum
1605 1985 1618 2016 ,·
1636 1975 1685 2011 sic

1007 2023 1156 2057 Metam.
1171 2034 1241 2057 vm
1252 2049 1262 2067 ‚
1280 2024 1344 2067 404
1360 2036 1367 2058 :
1394 2023 1686 2070 ValIddquatieas

1006 2077 1173 2109 venabula
1180 2076 1321 2116 dextra‚·
1338 2074 1403 2108 nisi
1416 2075 1491 2120 quis
1503 2077 1686 2115 malitiae-

1006 2131 1085 2160 tum.
1103 2127 1297 2160 Hmnsms.
1314 2125 1565 2163 Ambrosianus
1581 2128 1686 2164 habet

1004 2180 1110 2222 n'gido
1124 2189 1135 2219 ‚·
1168 2176 1227 2212 sed
1259 2177 1394 2223 vulgata
1423 2191 1506 2213 sana
1537 2187 1599 2215 est.
1633 2194 1647 2215 1
1657 2194 1684 2215 1.

1005 2230 1096 2264 Fast.
1117 2243 1128 2263 ι
1139 2243 1150 2263 1
1167 2242 1175 2263 z
1188 2230 1391 2263 Simibinon
1402 2232 1518 2264 valido
1530 2235 1684 2277 torquen-

1004 2286 1061 2316 tur
1065 2284 1141 2325 pila
1157 2283 1291 2316 lacerto.
1308 2281 1399 2315 Vide
1424 2289 1460 2316 et
1482 2281 1590 2327 Epist.
1614 2294 1681 2327 111,

1008 2347 1021 2367 1
1027 2335 1068 2367 25
1082 2346 1089 2368 ε
1106 2339 1271 2378 praeterea
1278 2337 1410 2367 vastam
1418 2335 1544 2368 hastae
1555 2334 1681 2380 placet,

1004 2385 1097 2430 quod
1113 2385 1218 2419 feroci
1235 2391 1271 2420 et
1286 2385 1398 2419 valido
1413 2385 1541 2420 lacerto
1557 2398 1683 2421 conve-

1003 2437 1168 2472 nientius.
1192 2437 1247 2472 De
1273 2450 1340 2482 qua
1366 2450 1449 2472 voce
1467 2437 1534 2472 vid.
1551 2436 1592 2472 ad
1610 2448 1682 2472 V111

1002 2490 1149 2524 Metam.
1166 2489 1242 2537 359.
1262 2491 1403 2524 lentum
1420 2488 1600 2534 Crispinus
1617 2488 1682 2522 in-

1003 2547 1216 2586 terpretatur
1247 2540 1482 2585 ponderosum
1495 2566 1504 2583 ,
1544 2546 1580 2573 et
1601 2538 1681 2573 ideo

1000 2593 1221 2627 incurvatum
1239 2605 1248 2626 z
1265 2605 1309 2626 an
1325 2605 1409 2637 ergo
1434 2598 1469 2626 et
1489 2594 1592 2626 lenloe
1612 2603 1680 2624 sa-

1000 2649 1084 2680 lices
1095 2673 1103 2686 ‚
1137 2652 1172 2679 et
1197 2647 1291 2679 lenta
1319 2646 1466 2688 virgulta
1492 2649 1528 2678 et
1557 2641 1679 2677 similia

996 2699 1188 2742 ponderosa
1203 2696 1309 2731 sunt?
1326 2696 1397 2731 Sed
1407 2695 1545 2731 videbat
1555 2706 1678 2740 parum

999 2749 1111 2784 valido
1123 2749 1251 2784 lacerto
1264 2747 1451 2783 convenire
1463 2750 1585 2782 lentum
1599 2746 1679 2780 has-
