1884 3112
328 237 385 293 40
800 241 1153 289 EPISTOLA
1190 246 1263 289 11.

327 329 433 393 Quo
457 330 595 393 magis
618 331 848 390 accedunt,
873 334 1019 381 minus
1044 346 1088 382 et
1109 336 1255 384 minus
1278 335 1400 386 utilis
1424 338 1547 388 adsto
1570 359 1582 388 ε

390 406 610 472 Linquor,
636 420 680 455 et
703 407 870 455 ancillis
895 410 1149 476 excipienda
1173 412 1294 460 cado.
1674 433 1734 466 130

326 483 408 531 Est
431 483 572 541 sinus,
599 483 810 532 adductos
834 485 1000 534 modice
1025 486 1206 535 falcatus
1228 487 1275 535 in
1298 507 1444 548 arcus;

389 558 554 607 Ultima
575 568 802 627 praerupta
826 580 989 611 cornua
1011 562 1126 611 mole
1151 564 1308 626 rigent.

308 634 440 698 ¹Hinc
462 635 571 683 mihi
595 638 847 703 suppositas
871 638 1102 687 immittere
1128 658 1288 706 corpus
1311 641 1359 688 in
1380 640 1520 690 undas

389 712 519 759 Mens
540 712 646 770 fuit;
671 725 731 772 et,
758 715 965 780 quoniam
987 714 1134 763 fallere
1155 716 1325 781 pergis,
1351 717 1446 764 erit.

323 785 395 835 Ad
418 798 493 836 tua
514 807 581 837 me
604 789 762 838 fluctus
785 791 1022 857 projectam
1045 790 1175 839 litora
1197 784 1396 857 portent,
1673 809 1733 844 135

388 865 711 932 Occurramque
736 867 874 916 oculis
897 867 1158 916 intumulata
1183 868 1282 916 tuis.

323 939 496 988 Duritie
519 940 681 990 ferrum
704 954 755 991 ut
776 962 977 1010 superes,
1004 943 1340 1010 adamantaque,
1366 956 1518 1010 teque;
1557 946 1559 949 ’

387 1015 491 1063 Non
514 1015 598 1063 tibi
621 1017 703 1074 sic,
729 1017 867 1076 dices,
892 1018 1060 1084 Phylli,
1087 1021 1335 1086 sequendus
1358 1039 1486 1068 eram.

322 1091 447 1157 Saepe
469 1111 736 1142 venenorum
759 1094 854 1142 sitis
877 1107 943 1143 est
964 1095 1073 1143 mihi
1094 1116 1103 1144 :
1129 1115 1243 1163 saepe
1268 1109 1446 1145 cruenta

385 1168 626 1232 Trajectam
649 1169 794 1232 gladio
817 1184 956 1220 morte
979 1172 1121 1238 perire
1142 1173 1275 1237 juvat.
1670 1189 1731 1234 140

323 1242 449 1292 Colla
473 1263 671 1310 quoque,
696 1245 843 1294 infidis
868 1248 972 1313 quia
995 1266 1040 1296 se
1061 1249 1274 1297 nectenda
1294 1248 1465 1298 lacertis

387 1321 699 1382 Praebuerunt,
724 1322 892 1390 laqueis
915 1324 1181 1392 implicuisse
1204 1323 1325 1374 libet.

370 1480 441 1514 ¹29·
457 1467 570 1501 Utilis.
586 1466 743 1502 Insolens
754 1480 794 1502 ea
804 1480 868 1502 vox
879 1467 916 1502 in
927 1468 994 1504 hoc

321 1530 433 1553 sensu.
450 1520 520 1562 Quo
532 1523 638 1563 tnagis
648 1521 814 1554 accedunt
820 1522 995 1554 venientia

320 1572 426 1604 lintea
437 1596 445 1610 ,
463 1582 505 1604 eo
520 1573 627 1605 minus
638 1584 709 1605 sum
725 1573 820 1605 utilis
833 1571 918 1605 mihi
929 1585 938 1613 ;
950 1583 992 1606 eo

322 1620 437 1656 minus
457 1620 584 1667 aliquid
605 1622 715 1657 facere
737 1635 877 1667 possum
899 1622 992 1667 quod

321 1673 430 1717 prosit
444 1687 453 1715 ;
475 1686 558 1707 nam
574 1674 700 1709 sensim
727 1673 894 1708 deficiunt
918 1674 994 1708 ani-

322 1737 399 1759 mus
409 1732 443 1759 et
454 1725 611 1759 membra
620 1751 630 1769 ,
643 1733 678 1760 et
689 1726 781 1760 inter
792 1725 993 1761 ancillarum

321 1788 445 1810 manus
465 1779 572 1819 cado,·
592 1783 631 1811 ut
648 1776 691 1812 de
712 1775 851 1811 Didone
872 1776 992 1823 Virgil.

322 1827 404 1861 AEn.
418 1838 459 1862 1v
471 1854 481 1871 ,
499 1828 560 1875 391
577 1841 586 1863 :
961 1865 964 1867 .

355 1903 385 1911 ...
403 1887 551 1920 Suscipiunt
558 1886 661 1912 famulae
672 1906 680 1918 ,
690 1887 851 1921 collapsaque
861 1887 975 1914 membra

321 1934 467 1960 Mnrmoreo
482 1934 595 1960 referunt
604 1935 725 1961 thalamo.

367 1997 379 2018 1
385 1983 404 2017 3
411 1997 423 2017 1
430 2009 437 2017 .
445 1985 513 2017 Est
521 1987 614 2018 sinus
620 1985 783 2019 adductos
789 1985 916 2018 modice
917 1983 990 2029 fal-

320 2039 417 2069 catus
428 2038 463 2068 in
475 2047 582 2069 arcus.
596 2035 736 2070 Modice
748 2042 905 2071 curvatus
915 2061 925 2079 ,
940 2047 990 2070 ar-

320 2098 378 2121 cus
389 2085 497 2120 instar
512 2086 571 2131 qui
585 2086 751 2121 tenditur.

364 2137 436 2172 132.
462 2139 591 2172 Cornua
602 2141 687 2172 mole
706 2141 823 2183 rigent.
844 2140 986 2181 Fronte,

319 2187 428 2223 codex
449 2188 574 2235 Angeli
599 2189 749 2235 Aprosis.
776 2190 989 2225 Vintimiliae.

322 2239 454 2274 HEINS.
470 2240 522 2274 Ita
537 2247 572 2274 et
585 2240 621 2274 in
631 2241 860 2276 Ambrosiano
872 2241 987 2277 codice

319 2290 463 2336 legitur;
478 2304 554 2336 quae
567 2291 668 2327 lectio
681 2293 722 2327 ab
736 2293 877 2328 indocto
891 2293 988 2328 libra-

318 2342 371 2382 rio
385 2342 549 2388 proficisci
561 2344 712 2388 nequiit3
727 2345 880 2389 quamvis
893 2345 987 2379 enim

319 2394 437 2428 omnia
447 2401 567 2429 contra
578 2395 650 2429 vim
660 2408 829 2441 aquarum
846 2396 987 2431 excitata

318 2457 423 2489 opera
436 2448 540 2479 moles
552 2445 727 2490 dicantur,
744 2447 919 2493 eleganter
934 2455 988 2482 ta—

317 2509 401 2530 men
418 2496 607 2531 eminentia
625 2497 663 2531 in
685 2498 748 2533 illis
770 2498 843 2534 loca
852 2500 988 2544 frontes

317 2547 502 2590 dicuntur;
530 2548 579 2582 ita
602 2548 659 2583 hic
673 2548 711 2583 in
726 2553 876 2586 comibus
886 2551 987 2595 frons

317 2604 377 2632 est.
398 2598 487 2632 Plin.
506 2610 578 2643 xn,
599 2614 615 2644 7
637 2612 645 2634 :
663 2602 815 2636 Frontem
844 2604 992 2637 Caucasi

317 2640 418 2682 dixin
437 2648 472 2676 et
496 2642 550 2676 alii
573 2644 706 2688 passim.
728 2644 839 2680 Graeci
863 2649 986 2691 μετώποι

316 2698 441 2726 vocant
461 2695 700 2739 procurrentia
723 2696 761 2732 in
785 2709 880 2735 mare
902 2697 984 2734 loca.

314 2742 443 2780 Bumu.

1105 1469 1175 1503 133.
1198 1471 1387 1503 Immitlere.
1410 1470 1621 1511 submittere,
1644 1469 1729 1515 qui-

1058 1519 1139 1554 dam
1154 1534 1162 1562 ;
1181 1520 1302 1555 Douza
1318 1523 1500 1563 dimittere,
1518 1527 1603 1556 teste
1616 1521 1730 1557 Fran-

1056 1571 1109 1606 cio
1121 1597 1130 1615 ,
1148 1571 1207 1617 qui
1221 1572 1291 1617 ipse
1306 1572 1455 1607 malebat
1470 1574 1651 1608 demittere.

1103 1623 1173 1669 137.
1202 1625 1337 1658 Dun'tt'e
1354 1624 1483 1668 fhrrum
1507 1627 1547 1658 ut
1569 1637 1704 1669 superes
1718 1650 1729 1667 ‚

1056 1675 1315 1720 adamantaque,
1331 1679 1434 1720 teque.
1449 1675 1618 1720 Quamvis
1628 1675 1730 1721 quid-

1058 1725 1141 1771 quid
1157 1725 1285 1760 durum
1305 1726 1430 1761 duritie
1451 1739 1599 1772 superes,
1615 1731 1727 1773 teque,

1058 1777 1117 1822 qui
1131 1777 1185 1811 vel
1200 1778 1293 1812 ferro
1308 1784 1343 1813 et
1358 1778 1431 1823 ipso
1457 1776 1639 1813 adamante
1662 1778 1729 1814 du-

1057 1829 1149 1872 rior,
1167 1841 1240 1863 non
1257 1829 1384 1875 poteris
1403 1829 1488 1874 quin
1504 1829 1594 1864 dicas
1612 1835 1729 1865 etc.—

1054 1881 1202 1914 Dun'tia.
1217 1882 1350 1915 Duritie
1361 1881 1486 1926 scripti.
1497 1881 1544 1915 sic
1557 1880 1663 1927 Epist.
1673 1892 1727 1926 lv,

1055 1931 1108 1966 85.
1130 1931 1237 1966 iidem
1257 1931 1408 1975 codices,
1428 1939 1463 1967 et
1479 1933 1566 1967 Met.
1586 1947 1599 1967 1
1612 1959 1621 1976 ,
1641 1934 1702 1977 4⁰¹
1715 1958 1726 1976 ,

1053 1989 1089 2017 et
1108 1993 1148 2017 lv
1161 2009 1170 2026 ,
1193 1985 1256 2028 750
1273 1996 1282 2018 t
1299 1983 1358 2017 ubi
1382 1978 1654 2018 male-duratam.
1678 1984 1726 2018 ita

1051 2035 1141 2069 sorte
1156 2039 1308 2076 maten'e,
1326 2034 1389 2080 Ep.
1405 2045 1495 2079 vlu,
1515 2037 1592 2079 511,
1612 2042 1647 2070 et
1661 2035 1726 2082 Ep.

1051 2095 1091 2119 1x
1105 2111 1115 2129 ,
1137 2100 1185 2133 ¹9-
1207 2087 1340 2122 Hmus.

1100 2139 1170 2180 141.
1191 2139 1288 2179 Colla
1300 2150 1424 2183 quoque
1431 2144 1494 2173 etc.
1507 2137 1603 2174 Nulli
1615 2144 1723 2184 certe,

1052 2187 1159 2222 modo
1173 2188 1332 2224 limatum
1349 2189 1451 2235 paulo
1466 2190 1509 2224 sit
1527 2189 1696 2234 judicium
1711 2216 1724 2235 ‚

1051 2239 1252 2284 probabitur
1266 2240 1417 2276 insolens
1434 2240 1507 2277 haec
1526 2248 1562 2276 et
1574 2241 1725 2276 violenta

1051 2290 1185 2325 collatio
1211 2291 1304 2326 inter
1326 2292 1470 2328 lacertos
1496 2293 1642 2328 amantis
1664 2292 1723 2338 qui

1052 2349 1227 2377 amantem
1242 2344 1371 2389 premit
1381 2370 1391 2388 ‚
1407 2351 1444 2379 et
1457 2344 1622 2390 laqueum
1635 2345 1726 2379 sata-

1050 2393 1133 2438 lem,
1148 2407 1216 2440 quo
1229 2408 1390 2441 suspensa
1402 2396 1508 2430 vitam
1522 2395 1649 2443 Phyllis
1660 2402 1724 2430 sta-

1051 2446 1118 2480 tuit
1133 2446 1245 2481 finire.
1259 2447 1374 2482 Nemo
1391 2454 1483 2482 certe
1498 2447 1639 2494 ingenio
1653 2459 1723 2482 un—

1051 2509 1156 2542 quam
1170 2497 1311 2533 indulsit
1325 2498 1492 2533 licentius.

1090 2563 1103 2582 1
1109 2551 1160 2592 4²·
1166 2551 1387 2584 Praebuerant.
1395 2551 1600 2584 Praebuen'nt
1604 2547 1721 2595 scripti

1051 2600 1220 2634 nonnulli.
1237 2600 1308 2635 Sed
1316 2600 1421 2636 codex
1430 2601 1586 2635 Puteane
1591 2613 1629 2635 us
1636 2600 1721 2646 opti·

1050 2664 1128 2686 mus
1140 2678 1150 2695 ,
1174 2658 1210 2686 et
1223 2659 1370 2697 quatuor
1389 2651 1464 2695 alii,
1478 2654 1715 2695 pra-buerunt3

1047 2716 1139 2738 vere.
1154 2703 1211 2738 Sic
1226 2703 1365 2749 epistola
1379 2701 1511 2738 Didus:

1082 2761 1136 2789 Nec
1149 2767 1271 2790 steterunt
1284 2763 1310 2790 in
1321 2767 1346 2788 te
1358 2763 1449 2797 virque
1458 2767 1579 2798 paterque
1589 2770 1669 2789 meus.
