1884 3112
574 250 905 298 LEANDER
943 253 1231 300 HERONI.
1531 256 1614 302 331

195 338 507 390 ¹Adscensurus
531 360 671 402 eram,
692 343 780 392 nisi
805 343 953 411 quod,
978 365 1116 412 quum
1137 345 1315 399 vincula
1334 365 1479 414 prorae

262 417 481 478 Solveret,
506 420 554 468 in
576 421 768 487 speculis
794 423 1149 491 omnisAbydos
1173 437 1277 474 erat.

195 496 301 546 Non
323 509 526 564 poteram
548 498 687 549 celare
710 519 856 559 meos,
881 500 1003 550 velut
1026 514 1148 561 ante,
1173 514 1378 570 parentes
1397 523 1408 553 ε

262 575 498 643 Quemque
522 577 613 640 tegi
634 577 860 637 volumus,
885 598 981 627 non
1000 578 1203 630 latuisset
1225 601 1360 631 amor.
1391 627 1395 632 Α

195 651 414 702 Protinus
435 653 529 702 haec
552 654 772 714 scribens,
802 678 825 699 «
846 654 975 714 felix,
1000 655 1038 714 i,
1061 655 1208 716 litera,
1235 657 1326 706 dixi
1345 678 1356 706 :
1583 674 1623 708 ιε

229 732 235 734 ”
258 731 360 780 Jam
382 731 468 780 tibi
490 731 730 781 formosam
753 734 956 800 porriget
979 733 1056 783 illa
1077 755 1271 785 manum.

194 808 402 857 Forsitan
425 809 615 858 admotis
638 810 770 859 etiam
794 822 971 874 tangere
996 811 1193 873 labellis,

260 887 485 954 Rumpere
510 887 615 936 dum
637 888 768 938 niveo
790 889 966 939 vincula
989 889 1119 939 dente
1143 890 1275 940 volet.
1302 914 1326 936 »

194 963 382 1014 Talibus
406 965 569 1029 exiguo
595 966 725 1015 dictis
747 967 859 1016 mihi
881 987 1105 1018 murmure
1129 970 1304 1029 verbis;

262 1041 419 1092 Cetera
443 1061 545 1091 cum
568 1043 720 1093 charta
743 1044 897 1094 dextra
916 1044 1066 1095 locuta
1087 1065 1183 1095 mea
1207 1058 1287 1096 est.
1455 1045 1457 1050 ’
1583 1073 1626 1096 20

194 1120 294 1170 Ah!
322 1133 492 1188 quanto
515 1121 714 1182 mallem,
741 1142 874 1190 quam
897 1124 1132 1183 scriberet,
1158 1123 1235 1193 illa
1255 1136 1445 1184 nataret,

261 1201 430 1267 Meque
451 1220 533 1268 per
555 1201 760 1250 adsuetas
783 1201 937 1250 sedula
959 1203 1093 1252 ferret
1115 1222 1251 1269 aquas
1269 1205 1278 1251 Ξ
1368 1198 1381 1201 ’

196 1278 364 1347 Aptior
384 1278 667 1346 illaiquidem
688 1278 866 1346 placido
891 1279 992 1329 dare
1014 1280 1197 1330 verbera
1215 1293 1356 1348 ponto
1377 1300 1388 1330 z

262 1358 347 1406 Est
370 1369 515 1406 tamen
539 1369 584 1406 et
607 1376 763 1406 sensus
782 1370 885 1424 apta
906 1359 1110 1408 ministra
1132 1360 1232 1408 mei.

197 1433 399 1502 Septima
419 1453 511 1482 nox
535 1433 705 1497 agitur,
731 1435 924 1501 spatium
946 1437 1057 1488 mihi
1078 1437 1260 1500 longius
1285 1456 1424 1496 anne,
1581 1450 1626 1486 25

262 1510 514 1561 Sollicitum
535 1512 679 1561 raucis
699 1523 752 1560 ut
774 1531 891 1561 mare
915 1512 1054 1562 fervet
1077 1514 1218 1581 aquis.

196 1589 390 1653 His-ego
414 1589 454 1638 si
475 1589 567 1638 vidi
588 1588 855 1638 mulcentem
876 1602 1058 1657 pectora
1082 1610 1288 1640 somnum

265 1666 509 1725 Noctibus,
534 1666 680 1716 insani
703 1667 763 1715 sit
785 1687 911 1716 mora
934 1667 1070 1731 longa
1090 1668 1206 1717 freti.

195 1747 328 1814 Rupe
351 1745 510 1796 sedens
529 1745 676 1814 aliqua
700 1759 853 1814 specto
880 1758 955 1795 tua
977 1746 1110 1795 litora
1134 1746 1274 1796 tristis
1294 1765 1304 1805 3

263 1823 335 1874 Et¹
349 1845 440 1892 quo
461 1844 557 1874 non
579 1844 767 1892 possum
789 1843 995 1892 corpore,
1021 1835 1169 1873 mente
1191 1823 1322 1873 feror.
1584 1838 1628 1871 30

197 1902 388 1952 Lumina
413 1903 523 1970 quin
544 1903 675 1951 etiam
703 1922 874 1951 summa
895 1902 1123 1965 vigilantia
1145 1914 1265 1951 turre
1281 1940 1292 1962 ,

260 1981 356 2031 Aut
376 1981 518 2040 videt,
545 1993 621 2030 aut
644 1981 757 2030 acies
779 1993 934 2029 nostra
954 1981 1101 2029 videre
1123 1992 1266 2047 putat.

195 2060 286 2108 Ter
304 2058 417 2108 mihi
440 2058 644 2126 deposita
666 2069 734 2107 est
754 2058 803 2106 in
825 2058 940 2106 sicca
956 2057 1091 2106 vestis
1116 2076 1269 2115 arena;

261 2138 353 2189 Ter
377 2156 506 2202 grave
530 2137 696 2186 tentavi
721 2155 897 2203 carpere
919 2134 1068 2184 nudus
1091 2133 1190 2183 iter.

199 2215 394 2266 Obstitit
413 2215 603 2282 inceptis
627 2214 847 2263 tumidum
864 2212 1138 2280 juvenilibus
1161 2231 1333 2279 aequor,
1582 2227 1624 2262 35

0 2318 9 2362 ‘k
261 2293 424 2342 Mersit
446 2304 491 2342 et
512 2292 705 2342 adversis
730 2311 807 2341 ora
828 2292 1022 2341 natantis
1045 2291 1185 2358 aquis.

0 290 31 459 fflkffQAE

0 1140 21 1321 ξ

0 1516 12 1650 ξς

0 1668 7 1732 {7

244 2428 295 2464 13.
320 2429 398 2465 Non
419 2432 570 2473 poteram
597 2431 709 2463 celare
735 2441 825 2464 meos
939 2434 1050 2470 minoe,
1069 2435 1108 2463 ut
1121 2431 1155 2464 τὲ
1169 2429 1264 2464 volet
1273 2428 1399 2464 habeat
1412 2454 1421 2472 ,
1440 2439 1509 2474 quo
1521 2429 1622 2463 rese-

192 2486 360 2530 pamales.
383 2482 441 2517 Fit
464 2482 644 2528 aliquoties
666 2481 756 2528 apud
781 2483 875 2517 Mu—
939 2489 1047 2517 ratur.
1061 2481 1185 2516 Douza
1196 2481 1303 2516 etiam
1315 2480 1477 2523 malebat,
1493 2483 1622 2515 Forsan

0 2524 9 2582 l„-
195 2548 303 2572 saeum
340 2534 477 2569 mentio
509 2540 697 2580 parentum
729 2534 848 2569 Herus
864 2548 874 2575 ;
939 2538 976 2569 el
988 2535 1136 2568 admolt's
1150 2535 1310 2574 dominun
1334 2545 1408 2567 non
1425 2532 1526 2567 male.
1546 2533 1600 2567 In.

194 2587 292 2623 nulla
308 2585 471 2621 Leandri.
495 2585 603 2621 Unde
619 2599 693 2621 non
709 2586 783 2621 sine
799 2586 875 2621 veri
984 2586 1035 2621 26.
1060 2587 1109 2619 Ut
1121 2585 1332 2630 mamfhrvel
1342 2587 1450 2630 aquis.
1467 2584 1525 2620 Sic
1537 2596 1623 2619 me—

196 2639 309 2686 specie
325 2638 517 2684 suspicetur
531 2638 652 2683 aliquis
665 2637 722 2673 hic
736 2650 874 2683 quoque
939 2638 1042 2673 liores
1060 2637 1148 2672 libri.
1172 2638 1316 2672 Frustra
1339 2636 1598 2671 Arondelianus
1610 2662 1621 2682 ,

197 2689 389 2737 legendum
406 2703 477 2725 esse
495 2693 581 2724 tuos.
613 2689 776 2724 LENNBP.
942 2706 1005 2738 quo
1020 2705 1110 2726 mare
1124 2705 1134 2726 .’
1150 2692 1203 2726 alii
1216 2718 1226 2735 ‚
1242 2693 1331 2737 quod
1337 2704 1439 2726 mare.
1454 2691 1588 2726 Hssms.

246 2757 296 2790 17.
310 2745 447 2779 Amatis
461 2747 573 2779 etiam.
591 2743 683 2790 Lege
700 2756 783 2779 cum
799 2744 878 2779 Mo-
986 2759 1038 2790 27.
1064 2746 1269 2779 Mulcentcm
1277 2748 1427 2788 pectora.
1455 2742 1622 2778 Francius

200 2798 266 2834 reti
283 2805 318 2834 et
334 2798 496 2835 Mentem
510 2798 622 2842 libris,
644 2799 791 2834 admotis·
807 2800 877 2833 do-
942 2798 1117 2843 malebat,
1141 2802 1299 2842 tempora.
