1884 3112
2 603 13 618 X(

0 630 24 664 ''zz-
30 662 33 663 γ

0 664 15 739 ἑ

0 741 10 755 ⁵⁵.

0 761 14 801 ἓ

12 823 14 831 .

0 892 5 907 l

601 237 877 285 SAPPHO
914 241 1197 288 PHAONI.
1507 250 1593 308 275

242 328 344 376 Una
365 345 543 389 nemus;
569 342 721 381 tenero
745 334 908 400 cespite
933 345 1048 384 terra
1069 336 1192 385 viret.
1533 354 1595 387 160

176 404 263 454 Hic
286 423 369 469 ego
392 425 529 473 quum
546 407 685 458 lassos
702 411 951 476 posuissem
973 411 1134 461 flebilis
1159 424 1308 474 artus,‘
1326 428 1328 430 '

243 483 458 532 Constitit
480 497 580 535 ante
604 486 756 536 oculos
780 488 912 536 Naias
936 508 1024 537 una
1045 509 1195 549 meos;

177 559 411 620 Constitit,
433 570 481 610 'et
502 562 641 612 dixit:
664 587 687 608 «
715 564 923 631 quoniam
945 584 1039 613 non
1061 567 1241 629 ignibus
1264 569 1400 636 aequis

242 638 413 698 Ureris,
438 639 695 690 Ambracias
714 653 828 690 terra
849 642 1039 709 petenda
1062 644 1160 692 tibi.

178 711 378 763 Phoebus
403 715 459 764 ab
483 715 674 776 excelso,
701 729 914 784 quantum
936 730 1078 785 patet,
1104 719 1294 787 adspicit
1314 741 1492 788 aequor:
1532 740 1592 775 165

240 791 471 841 Actiacum
492 792 650 859 populi
672 794 1026 861 Leucadiumque
1049 808 1219 844 vocant.

176 866 295 917 Hinc
317 886 364 918 se
385 868 651 929 Deucalion,
677 870 856 937 Pyrrhae
879 890 1114 921 succensus
1138 892 1305 934 amore,

173 1026 301 1063 omnia.
311 1027 485 1064 NAUGER.
500 1028 595 1064 Libri
611 1036 744 1065 veteres
754 1057 764 1075 ,
780 1043 850 1065 ez·-

167 1082 294 1124 pandit
307 1094 318 1115 .·
331 1081 452 1126 placet.
474 1081 596 1129 Virgil.
612 1093 651 1116 vt
663 1109 673 1126 ,
694 1083 754 1117 282
769 1095 778 1118 :

171 1138 206 1164 Iu
215 1140 302 1166 nodio
312 1149 398 1167 amos
407 1150 554 1176 annosaque
568 1141 671 1167 buchi-
677 1143 778 1177 pandit

173 1188 271 1214 mmm
282 1198 376 1224 open,
394 1190 493 1223 iugem.

174 1236 276 1274 Idem
290 1245 410 1274 tamen
426 1250 474 1285 11,
494 1239 622 1287 Georg.
635 1241 722 1290 296:

173 1294 245 1321 'run
255 1295 333 1322 form
344 1297 394 1322 lete
404 1305 489 1323 remos
498 1303 524 1322 et
535 1297 639 1322 brachia
652 1299 769 1324 tondens.

220 1345 294 1380 150.
324 1346 404 1381 Una
416 1359 540 1381 nemus.
555 1345 654 1391 Quid
670 1346 767 1381 enim
786 1347 850 1383 sibi

175 1396 259 1433 velit
274 1405 373 1433 vetus
387 1398 490 1434 lectio
510 1411 584 1433 non
607 1398 708 1434 video
722 1426 732 1443 ,
759 1401 851 1434 unda

174 1463 301 1492 nemus,
311 1450 453 1497 quando
462 1458 498 1487 et
507 1451 762 1497 Domitiusjam
769 1459 850 1487 ante

172 1501 210 1537 id
225 1503 385 1549 agnovit,
408 1510 443 1538 et
463 1517 583 1539 sensus
599 1518 668 1539 una
691 1505 849 1550 exposcit.

173 1554 319 1590 EGRAT.
329 1555 389 1591 sic
401 1562 436 1591 et
447 1555 535 1591 Met.
546 1556 603 1591 lib.
619 1568 690 1592 vm
701 1583 711 1601 ,
733 1558 815 1603 744:

171 1615 262 1642 Sub-2
273 1615 301 1647 in
309 1615 351 1641 Ιιίι
363 1617 454 1650 ingen·
465 1624 562 1642 moso
574 1616 664 1643 robore
677 1625 788 1651 quercus
799 1636 809 1648 ,

205 1663 270 1691 Une
279 1673 380 1691 namus.

217 1714 290 1750 161.
306 1715 498 1750 Posuzssrsem
504 1717 635 1760 flebim-
648 1721 753 1751 artus.
769 1718 850 1751 He-

171 1768 262 1803 n'bus
269 1774 421 1813 quatuor
431 1768 565 1814 scripti:
577 1769 698 1815 placet.
715 1769 847 1805 Hiems.

218 1819 291 1855 162.
311 1821 474 1855 Constitit
493 1825 574 1856 ante
597 1823 713 1856 oculos
738 1823 849 1856 Naias

172 1884 241 1907 una
254 1884 346 1907 meos
354 1882 371 1914 ,·»
387 1873 492 1907 estin
508 1873 682 1908 veteribus
694 1888 703 1916 ;
722 1881 757 1908 et
771 1886 849 1919 pro·

172 1925 264 1960 secto
273 1930 368 1960 recte
386 1937 395 1959 :
412 1925 556 1960 inferius
571 1926 667 1960 enim
680 1951 689 1968 ‚
704 1927 846 1966 Ibimus,

173 1990 195 2013 ο
210 1977 384 2024 Nymphe!
408 1975 566 2022 Quidam
587 1977 686 2012 aliter
703 1977 848 2023 legunt3

174 2029 262 2065 mihi
273 2055 284 2073 ‚
312 2041 422 2075 quum
451 2036 616 2075 sequatur
640 2033 796 2065 constitit
815 2034 852 2064 et

175 2085 277 2126 ᾰιῖτιῚ,
288 2082 478 2128 repetitum
489 2082 526 2117 id
537 2086 700 2123 constitu,
716 2089 751 2117 et
766 2081 850 2117 Ovi-

175 2134 322 2170 dianum
346 2135 494 2171 maxime
519 2141 554 2170 et
572 2135 773 2181 perelegans
788 2134 848 2168 vi-

174 2187 288 2223 detur.
305 2187 531 2224 NAuenn.—
541 2188 661 2224 Nostri
674 2200 756 2223 cum
770 2187 849 2223 vul-

174 2240 259 2287 gatis
269 2266 279 2284 ,
295 2239 414 2286 inepte
429 2249 438 2272 :

204 2296 346 2322 Formosus
358 2303 423 2328 puer
432 2299 470 2319 est
482 2296 556 2321 visus
568 2296 657 2321 ndei-se
670 2295 743 2322 mihi.

173 2343 375 2390 Reponein
399 2343 550 2389 Nauger.
571 2344 718 2379 lectione
736 2346 848 2380 Nai'as

171 2399 242 2432 uda
249 2424 257 2438 ,
273 2404 309 2432 et
318 2396 412 2431 refer
422 2395 466 2430 ad
475 2396 607 2432 Na'i'ada
619 2397 724 2443 hujus
732 2399 847 2434 sontis.

172 2449 232 2486 sie
251 2450 320 2484 uda
346 2450 463 2483 Thetis
472 2475 482 2490 ‚
511 2447 570 2484 lib.
599 2460 647 2483 11.
674 2449 762 2484 Met.
779 2465 788 2492 ;
811 2457 848 2487 et

177 2504 397 2549 Tyben'm'des
418 2503 491 2536 udae
500 2530 510 2545 ,
537 2502 594 2537 lib.
618 2513 667 2547 11,
692 2503 782 2539 Fast.
801 2515 825 2539 v
834 2531 845 2550 ‚

173 2557 251 2604 597,
263 2568 304 2590 ex
315 2555 464 2600 antiquis
473 2554 664 2598 codicibus;
677 2555 736 2591 ubi
748 2556 849 2591 Nata-

172 2605 234 2642 das
250 2606 444 2655 Tyberinas
455 2606 582 2642 innuit.
594 2607 775 2643 Hssms.—
784 2608 848 2643 Sui

172 2659 298 2706 cuique
321 2656 457 2694 se'nsus!
474 2658 518 2694 ad
533 2672 630 2695 meos
642 2686 651 2702 ,
668 2662 737 2695 uda
748 2687 755 2697 ,
786 2661 848 2696 illis

175 2710 318 2758 quidem
332 2711 425 2752 locis,
443 2724 517 2746 non
529 2711 636 2746 modo
647 2711 846 2757 molestum,

177 2762 238 2800 sed
265 2763 337 2801 sere
362 2763 547 2800 ridiculum
572 2770 623 2799 est
649 2763 849 2810 Epitheton.

918 1031 1106 1078 Vulgatam
1113 1039 1259 1068 tuentur
1269 1033 1433 1069 Burm.et
1439 1034 1493 1069 vir
1502 1033 1592 1071 doct.

916 1084 1061 1120 Miscell.
1086 1086 1232 1121 Observ.
1256 1086 1323 1121 vol.
1340 1098 1414 1131 vn,
1436 1094 1521 1122 tom.
1546 1102 1565 1123 2
1580 1115 1590 1132 ,

915 1150 990 1183 pag.
1007 1138 1082 1184 289.
1103 1137 1264 1172 Lamum.

907 1214 918 1222 .
963 1189 1034 1223 163.
1063 1191 1228 1233 Quoniam
1247 1204 1315 1225 non
1332 1193 1474 1236 ignibus.
1505 1194 1599 1237 Quid

915 1253 1003 1275 nunc
1012 1241 1230 1277 non.Bersm.
1245 1242 1336 1277 Edit.
1349 1243 1409 1278 sed
1422 1244 1593 1280 editiones

914 1293 1119 1328 vetustiores
1139 1301 1173 1329 et
1191 1307 1313 1330 omnes
1336 1296 1474 1332 Heinsii
1495 1296 1595 1332 eodi-

915 1357 971 1380 ces
982 1371 992 1389 ‚
1009 1358 1078 1390 quoe
1092 1359 1181 1381 nunc
1195 1360 1273 1382 non.

962 1397 1033 1441 154.
1057 1398 1243 1433 Ambracia
1262 1403 1317 1433 est
1339 1403 1428 1434 terra
1444 1402 1593 1445 pelenda

913 1451 986 1483 tibi.
997 1449 1091 1489 Libri
1103 1458 1237 1486 veteres
1254 1453 1470 1488 Ambrachz’is
1480 1481 1488 1494 ‚
1504 1455 1593 1489 Am·-

914 1503 1058 1536 bracbiae
1069 1530 1078 1544 ‚
1098 1504 1309 1539 Ambracbis.
1327 1504 1471 1550 Optime
1492 1507 1594 1541 Vati-

913 1565 1020 1589 canus
1052 1568 1143 1590 unus
1161 1582 1171 1599 ,
1201 1557 1405 1592 Ambracias
1422 1585 1432 1600 ,
1468 1557 1592 1594 Graeco

913 1617 1024 1640 more.
1042 1606 1209 1643 Horatius
1226 1620 1260 1652 1,
1280 1608 1351 1644 Od.
1372 1623 1412 1645 22
1431 1622 1440 1644 ε

976 1666 1061 1698 Quale
1072 1673 1222 1700 portentum
1235 1677 1319 1702 neque
1330 1670 1451 1695 militaris

977 1715 1092 1740 Daunias
1106 1717 1165 1741 latis
1181 1717 1228 1741 alit
1239 1719 1370 1744 esculetis.

914 1763 968 1798 Ita
975 1764 1012 1799 in
1021 1765 1155 1801 duobus
1163 1767 1357 1803 veterrimis
1368 1768 1461 1804 libris
1472 1770 1592 1806 inveni

912 1817 1099 1861 scriptum:
1116 1820 1264 1865 egregie.
1294 1821 1435 1867 Vulgati
1451 1824 1592 1860 Daunia

912 1872 948 1903 in
963 1871 1054 1904 lattlr.
1069 1870 1203 1907 Seneca
1214 1873 1368 1908 Hercule
1382 1874 1500 1910 OEtaeo
1516 1889 1526 1911 z

1172 1949 1203 1956 ...
1217 1932 1256 1957 Te
1265 1933 1392 1966 Rhodope
1405 1935 1465 1959 tulit
1476 1954 1487 1966 ‚

945 1977 985 2003 'I’e
997 1985 1143 2013 prm-uptus
1154 1979 1252 2012 Athos,
1267 1986 1291 2006 te
1306 1981 1360 2007 fer·
1371 1983 1477 2016 caspias
1488 2004 1499 2016 ,

945 2028 1011 2060 Quae
1022 2029 1120 2061 virgata
1133 2029 1180 2054 tibi
1191 2030 1302 2063 pimbuit
1316 2030 1404 2057 ubera.

914 2081 973 2117 sie
998 2089 1034 2118 et
1058 2083 1105 2118 ibi
1127 2083 1279 2130 optimus
1307 2086 1498 2123 Mediceus.
1537 2089 1592 2124 lta

913 2137 1047 2180 Appias
1062 2139 1121 2170 via
1135 2150 1199 2182 pro
1210 2138 1326 2182 Apptia
1340 2151 1413 2174 non
1425 2153 1497 2175 uno
1512 2141 1589 2177 loco

914 2188 1003 2234 apud
1017 2189 1186 2223 Nostrum
1195 2216 1205 2234 ,
1220 2197 1256 2224 et
1265 2190 1356 2236 apud
1369 2190 1590 2230 Ciceronem.

917 2243 1100 2286 Cephesias
1113 2254 1191 2283 ora,
1209 2241 1264 2276 lib.
1282 2253 1336 2277 vu
1349 2270 1358 2287 ‚
1378 2244 1524 2280 Metam.
1542 2247 1590 2281 H.

959 2294 1032 2328 165.
1052 2295 1206 2329 phebus.
1224 2294 1285 2329 Ille
1301 2295 1343 2330 ab
1359 2295 1591 2333 Ambraciotis

912 2358 1039 2391 magna
1056 2345 1280 2381 veneratione
1298 2347 1486 2383 colebatur.
1508 2349 1590 2385 Vid.

914 2398 1086 2434 Antonin.
1102 2398 1266 2434 Liberalis
1280 2400 1399 2435 Fabul.
1414 2411 1463 2435 1v.

960 2467 972 2487 ι
978 2452 1030 2486 66.
1043 2453 1078 2486 A
1078 2456 1194 2486 ctaeum
1197 2455 1320 2497 populi
1325 2455 1590 2500 leucadiumque

912 2510 1046 2541 vocant.
1063 2506 1213 2540 Acta-um
1225 2513 1350 2541 vocant
1366 2508 1504 2552 populi,
1527 2508 1590 2542 in-

913 2558 988 2602 quit
1000 2583 1010 2600 ,
1030 2558 1304 2602 Leucadiumque.
1322 2558 1400 2592 Hoc
1416 2570 1435 2592 a
1451 2557 1590 2603 vulgato

914 2610 1058 2644 nomine
1069 2609 1189 2646 insulae
1200 2610 1348 2649 scilicet;
1367 2609 1448 2643 illud
1466 2611 1508 2644 ab
1523 2622 1589 2645 an-

913 2662 1021 2707 tiquo.
1041 2661 1132 2696 Nam
1148 2669 1183 2696 et
1199 2661 1325 2696 Strabo
1341 2661 1446 2696 tradit
1460 2662 1515 2696 lib.
1537 2674 1588 2696 10.

915 2713 1109 2748 Leucadem
1119 2713 1585 2758 antiquitus-Chersonesum,

913 2766 983 2800 sive
999 2766 1218 2812 peninsulam
1233 2766 1355 2811 fuisse,
1381 2766 1586 2804 Acarnania
