1884 3112
309 250 389 287 xvi
811 234 1196 280 PRAEFATIO.

307 335 564 409 exposueris
582 372 595 394 ,
632 335 670 384 si
698 353 792 382 non
824 346 870 382 et
911 336 1009 400 ipse
1052 334 1252 382 metricas
1299 332 1416 396 leges
1454 334 1718 403 quandoque

307 426 532 475 subieris?
554 424 669 488 Quis
702 423 888 489 denique
918 422 1096 481 melius,
1121 441 1251 489 quam
1274 423 1352 489 qui
1373 422 1495 482 fecit,
1512 425 1622 490 quid
1644 424 1721 473 alii

305 516 486 564 fecerint
522 512 738 575 intelliget
752 549 764 571 ,
801 511 1221 578 intelligendumque
1254 511 1418 559 caeteris
1458 510 1719 561 exhibebit?

305 603 390 653 His
405 604 541 665 igitur
554 612 623 649 tot
640 618 688 648 ac
707 600 841 648 tantis
855 637 866 658 ,
889 612 934 647 et
949 611 1037 648 tam
1049 619 1149 648 raro
1166 599 1214 647 in
1230 618 1321 647 uno
1336 598 1516 648 homine
1535 616 1718 649 concur-

305 691 504 739 rentibus
523 687 656 737 bonis
681 688 945 744 instructus,
977 687 1084 753 quid
1104 686 1286 744 mirum,
1310 686 1348 734 si
1378 685 1481 752 plus
1506 687 1557 734 in
1574 687 1720 754 poetis

307 775 581 845 expoliendis
601 773 964 839 illustrandisque
980 774 1185 840 praestitit
1202 773 1431 833 Heinsius,
1456 792 1587 840 quam
1599 774 1720 841 quis-
1766 771 1771 778 ’

307 884 438 933 quam
465 875 564 912 ante
594 862 663 911 vel
693 862 823 910 etiam
851 872 957 928 post
986 862 1134 927 ipsum
1161 862 1413 927 praestitisse
1441 861 1722 928 reperiatur?

307 953 519 1003 Ovidium
542 970 632 1018 prae
660 950 824 999 caeteris
846 948 1048 998 dilexisse
1079 948 1274 1015 probant
1305 961 1350 997 et
1380 961 1525 998 textus
1548 949 1722 999 curiosa

306 1040 543 1091 admodum
578 1039 797 1097 recensio,
827 1049 871 1086 et
904 1048 1111 1085 notarum
1145 1037 1324 1085 ubertas
1355 1037 1543 1106 copiosa*
1571 1057 1583 1086 ε
1612 1056 1721 1104 quas

305 1144 450 1180 tamen
469 1148 562 1177 non
579 1129 771 1196 primum
789 1127 949 1186 edidit,
974 1125 1123 1193 quales
1140 1145 1259 1174 nunc
1276 1126 1490 1175 habemus
1503 1164 1516 1186 ‚
1539 1139 1718 1194 repente

305 1218 361 1267 ab
384 1218 591 1285 inchoata
609 1217 682 1264 vix
705 1215 899 1264 editione
920 1214 976 1263 ad
999 1214 1223 1263 Suecicam
1243 1213 1507 1278 legationem
1524 1234 1548 1263 a
1565 1216 1720 1282 Repu-

306 1307 423 1355 blica
447 1325 527 1354 sua
553 1316 769 1354 evocatus.

371 1394 461 1443 Sed
490 1412 545 1441 ne
573 1392 681 1458 quid
710 1390 942 1440 Heinsiani
968 1388 1119 1438 Ovidii
1144 1389 1333 1438 fortunae
1357 1388 1550 1448 deesset,
1577 1390 1720 1438 evenit

306 1495 358 1531 ut
376 1481 487 1530 tanti
506 1479 637 1547 pretii
655 1478 851 1544 reliquiae
868 1478 916 1525 in
936 1478 1092 1527 manus
1114 1477 1358 1526 inciderent
1383 1477 1438 1525 P.
1459 1478 1718 1536 Burmanni,

305 1583 412 1640 post
424 1570 657 1637 Heinsium
665 1568 747 1616 viri
760 1568 807 1615 in
819 1566 1054 1615 tractandis
1068 1566 1213 1633 poetis
1228 1565 1570 1624 celebratissimi,
1585 1565 1722 1630 etjam

307 1673 402 1709 tum
415 1659 653 1708 editionem
665 1656 937 1715 meditantis,
954 1655 1026 1703 cui
1041 1674 1121 1703 nec
1134 1655 1274 1719 majus
1290 1665 1403 1703 certe
1417 1691 1430 1712 ,
1456 1671 1537 1702 nec
1556 1672 1734 1720 oppon

308 1749 459 1797 tunius
476 1758 653 1814 poterat
672 1756 978 1794 ornamentum
1003 1742 1216 1791 accedere.
1246 1743 1350 1806 Qua
1370 1740 1548 1808 quidem
1574 1759 1720 1790 acces-

308 1835 432 1884 sione
452 1855 508 1883 an
528 1835 590 1882 ita
610 1832 863 1882 absolutum
893 1850 1007 1898 opus
1036 1831 1178 1879 visum
1205 1830 1264 1878 sit
1285 1829 1471 1878 Heinsio
1485 1866 1498 1888 ‚
1527 1840 1580 1878 ut
1602 1827 1719 1877 ,nihil

309 1923 425 1972 ultra
446 1923 514 1972 vel
531 1934 720 1980 mutare,
745 1920 814 1968 vel
833 1919 988 1968 addere
1013 1930 1208 1985 cuperet,
1239 1918 1312 1966 vix
1331 1937 1414 1984 pro
1434 1928 1553 1966 certo
1577 1915 1719 1964 dicere

308 2010 440 2059 audet
458 2009 524 2059 Cl.
544 2010 646 2067 Vir,
666 2007 770 2057 Joh.
796 2008 914 2073 Aug.
941 2006 1119 2054 Ernesti.
1152 2005 1324 2059 Certius
1343 2023 1425 2067 ego
1446 2003 1605 2061 dicam,
1620 2021 1717 2050 non

304 2099 369 2147 ita
386 2099 493 2157 sibi,
515 2110 567 2147 ut
589 2110 680 2146 erat
697 2097 863 2160 ingenii
881 2095 1076 2144 acumine
1099 2107 1143 2143 et
1157 2094 1322 2160 judicio
1347 2093 1557 2142 excellens
1571 2130 1583 2152 ,
1601 2093 1717 2141 Bur-

306 2187 590 2235 mannianum
614 2185 809 2233 studium
835 2183 1099 2247 gratulatum
1121 2183 1268 2231 fuisse.
1307 2183 1439 2230 Hunc
1458 2200 1540 2244 ego
1565 2191 1718 2228 contra

306 2274 591 2331 crediderim,
614 2273 652 2321 si
675 2272 864 2321 doctiori
888 2273 982 2319 viro
1015 2271 1218 2319 collectas
1235 2270 1431 2336 undique
1456 2280 1607 2326 notas,
1633 2268 1716 2316 ob-

305 2363 571 2412 servationes
594 2373 639 2410 et
662 2361 997 2410 commentarios
1016 2360 1062 2407 in
1079 2378 1211 2407 unam
1226 2357 1387 2407 molem
1411 2357 1619 2405 conflanti
1634 2356 1715 2404 im-

305 2453 508 2518 provisus
531 2452 579 2498 in
596 2452 767 2498 Musaeo
791 2449 1030 2499 adstitisset
1044 2486 1055 2506 ‚
1079 2448 1166 2496 hoc
1191 2448 1278 2496 fere
1295 2447 1430 2495 modo
1456 2446 1681 2494 locutum:

373 2563 397 2583 «
424 2542 607 2599 Czweas,
635 2541 907 2598 Burmanne,
934 2556 1106 2604 quassu,
1131 2556 1208 2596 ne,
1235 2537 1341 2585 dum
1371 2535 1490 2584 laudi
1516 2551 1619 2582 meae
1646 2533 1714 2580 in-

307 2650 331 2672 »
360 2629 493 2676 servis
521 2628 784 2687 studiosius,
814 2646 894 2676 nec
918 2625 1166 2683 Ovidianae,
1197 2643 1276 2672 nec
1297 2637 1382 2672 tuae
1406 2622 1544 2689 ipsius
1562 2637 1714 2687 parcas

310 2740 332 2762 »
361 2718 487 2766 satis!
507 2718 698 2766 Putasne
711 2736 778 2765 me
789 2753 801 2775 ,
827 2717 885 2774 si,
903 2714 1073 2780 qualem
1088 2714 1232 2762 animo
1245 2729 1545 2777 conceperam,
1562 2708 1710 2758 Ovidii
