1884 3112
346 238 435 347 420

632 292 724 336 AD
759 290 1022 337 LIVIAM
1062 289 1447 339 AUGUSTAM

407 385 496 432 Tot
518 383 629 431 dixit
651 384 776 432 siccis
798 384 930 432 verba
952 403 1031 432 nec
1054 384 1148 450 ipse
1172 385 1318 447 genis:

346 460 623 526 Quamquam
646 479 792 510 amnes
817 460 973 509 decet
961 479 1045 518 1ra,
1071 471 1236 519 tamen,
1264 460 1493 518 Tiberine,
1521 459 1742 526 quiescas.

407 538 512 584 Non
535 536 639 593 tibi,
663 554 755 583 non
776 535 879 584 ullis
901 537 1069 583 vincere
1093 536 1180 581 lata
1202 537 1341 583 datur.

344 613 432 660 Iste
456 631 578 660 meus
601 612 750 677 periit,
770 609 904 675 periit
925 627 1043 657 arma
1060 609 1176 658 inter
1196 621 1240 658 et
1262 629 1413 670 enses,
1477 627 1480 630 ’
1679 628 1747 664 235

394 690 467 736 ‘Et
492 688 579 735 dux
601 706 683 753 pro
707 686 848 752 patria
863 706 873 743 ;
891 686 1042 735 funere
1067 704 1195 733 causa
1217 685 1334 735 latet.

343 764 480 828 Quod
502 763 630 830 potui
651 762 876 821 tribuisse,
906 762 1006 810 dedi
1026 782 1036 810 :
1056 762 1236 810 victoria
1258 775 1382 828 parta
1402 775 1480 812 est.

405 843 577 890 Auctor
598 840 692 889 abit
714 840 882 907 operis;
908 840 985 888 sed
1007 851 1150 888 tamen
1174 853 1314 889 exstat
1336 852 1462 908 opus.

342 917 580 981 Quondam
601 936 682 979 ego
707 916 870 966 tentavi
895 916 1167 982 Clothoque,
1189 916 1382 983 duasque
1406 937 1603 978 sorores,

404 992 568 1040 Pollice
593 1012 689 1058 quae
713 1004 831 1041 certo
855 1010 991 1058 pensa
1015 1010 1159 1040 severa
1179 993 1379 1052 trahunt,

1678 1010 1744 1055 240

339 1071 402 1117 Ut
425 1070 591 1116 Remus
613 1066 792 1125 Iliades,
819 1079 863 1115 et
884 1067 1016 1116 frater
1038 1068 1240 1116 conditor
1259 1070 1384 1118 urbis

403 1145 663 1208 Effugerent
684 1144 829 1210 aliqua
851 1156 1004 1207 stagna
1026 1146 1246 1212 profunda
1267 1147 1348 1195 via.

339 1224 407 1271 De
433 1223 574 1287 tribus
597 1241 684 1269 una
706 1221 836 1278 mihi;
862 1234 1028 1287 partem
1053 1223 1219 1289 accipe,
1245 1243 1340 1290 quae
1362 1223 1508 1285 datur,
1532 1226 1701 1293 inquit,

403 1299 603 1348 Muneris
624 1319 633 1347 :
654 1318 707 1347 ex
729 1299 844 1357 istis,
867 1299 988 1365 quod
1009 1300 1143 1366 petis,
1168 1300 1277 1349 alter
1298 1301 1392 1350 erit.

337 1438 375 1472 in
401 1450 524 1483 campo
545 1437 586 1472 ab
602 1437 707 1482 ipsius
729 1438 873 1472 nomine
892 1438 984 1474 dicto
997 1465 1007 1483 ,

336 1495 508 1530 sacratum
521 1515 530 1532 ‚
553 1488 645 1533 quod
662 1488 703 1522 A.
718 1489 763 1522 U.
779 1488 819 1523 C.
847 1499 985 1523 DCCL111
997 1515 1006 1532 ‚

335 1541 481 1575 sulmine
499 1552 719 1585 percussum,
739 1546 854 1574 totum
869 1540 1008 1574 confla-

336 1593 458 1637 gravit.
481 1592 560 1626 Dio.
583 1602 652 1626 Lv1.

378 1644 455 1677 233.
485 1645 612 1677 Amnes
639 1645 737 1678 decet
757 1647 817 1677 ira.
861 1642 1007 1688 Egregie

336 1695 509 1737 Lucanus,
519 1694 562 1727 de
572 1693 664 1737 Nilo,
675 1694 1009 1743 Καταράκταςὶπιρεω

335 1757 466 1790 magno
478 1744 675 1790 profluente
689 1771 698 1789 ,
715 1744 833 1779 Phar-s.
847 1756 869 1778 x
879 1770 888 1788 ,
903 1745 987 1779 315:

564 1809 631 1841 Quis
643 1813 666 1833 te
679 1814 731 1833 tam
742 1809 798 1833 lene
806 1807 927 1832 fluentem

334 1858 473 1884 Moturum
484 1862 568 1882 tantas

335 1906 398 1932 Nile
408 1925 416 1938 ,
431 1906 522 1939 putet?
532 1905 582 1930 Sed
595 1913 677 1938 quum
690 1905 777 1937 lapsus
790 1904 899 1936 abrupta
908 1903 1009 1929 viarum

334 1956 466 1987 Excepere
478 1959 552 1984 tuos,
565 1957 592 1977 et
602 1952 745 1985 praecipites

334 2003 375 2028 Ae
388 2011 517 2036 nusquam
530 2002 617 2027 vetitis
630 2002 696 2026 uuas
708 2001 831 2026 obsistere
842 2006 928 2026 cautes

772 2061 840 2080 astra
855 2056 957 2080 lacessis
969 2065 977 2088 ;

579 1856 685 1881 violenti
699 1856 807 1888 gurgitis
820 1856 870 1880 iras
880 1874 889 1887 ,

757 1958 904 1984 cataractae,

333 2057 481 2089 Indignaris
491 2057 580 2090 aquis,
596 2064 686 2089 spuma
699 2061 760 2081 tunc

333 2109 433 2133 Cuncta
458 2107 573 2132 fremunt
598 2107 674 2132 undis
687 2116 695 2140 ς
712 2115 741 2131 ιω
768 2107 850 2132 multo
875 2116 1011 2132 murmure

432 2165 492 2182 mon
476 2156 513 2181 nit
505 2164 527 2181 ts

332 2207 547 2240 Spumeiusnvic
524 2207 581 2231 ictis
609 2215 655 2231 aen
670 2205 864 2231 oicisatssutbu
850 2206 941 2231 amni.s

337 2261 422 2296 Non
437 2260 527 2295 male
540 2267 656 2302 certe;
674 2259 733 2294 sed
751 2267 880 2304 quanto
896 2260 1009 2304 major

337 2314 518 2348 Homerus
528 2340 536 2356 ‚
553 2314 589 2346 in
605 2312 835 2347 descrihendis
847 2313 1009 2347 Scaman-

335 2365 402 2400 dro
429 2372 465 2399 et
488 2365 667 2399 Simoente
684 2390 693 2407 ‚
730 2376 795 2408 pro
824 2364 906 2409 ripis
928 2376 1019 2399 cum-

338 2416 471 2450 Achille
504 2416 758 2450 decertantibus
776 2416 784 2449 l
831 2415 926 2450 Iliad.
960 2423 983 2451 Φ
996 2441 1007 2459 ,

337 2481 370 2501 v.
386 2469 472 2511 234,
490 2480 566 2512 sqq.

380 2520 454 2554 235.
472 2522 543 2554 Iste
553 2523 758 2564 meus-perlit.
774 2519 887 2559 Meus,
904 2531 1007 2564 quem

335 2571 407 2615 ipse
426 2571 468 2605 ad
485 2579 595 2606 artem
614 2572 771 2606 bellicam
791 2572 1008 2605 informave-

336 2634 413 2655 ram
427 2648 436 2664 ,
458 2624 685 2668 fovebantque
703 2635 820 2656 amore
839 2629 1006 2667 patern03

331 2677 437 2717 periit
464 2675 630 2718 quidem3
672 2673 731 2708 sed
762 2681 801 2708 ut
828 2674 1009 2707 alumnum

338 2736 457 2758 meum
482 2725 625 2759 decebat
641 2726 753 2770 perire
773 2752 782 2768 ‚
811 2738 905 2759 arma
924 2728 1014 2758 inter

337 2780 374 2810 el
387 2788 483 2810 enses
493 2802 502 2818 ,
528 2781 564 2810 et
577 2778 646 2811 dux
658 2790 720 2819 pm
727 2776 857 2820 patria!
883 2794 925 2802 —-
940 2778 1009 2810 Ira»-

1072 1452 1150 1475 nere
1174 1453 1280 1475 causa
1309 1443 1403 1475 latet.
1444 1441 1660 1486 Interpretes
1681 1441 1742 1476 diu

1072 1491 1291 1535 multumque
1315 1491 1467 1526 exercuit
1489 1490 1554 1527 hoc
1577 1492 1741 1528 hemisti—

1072 1541 1186 1575 chion.
1213 1542 1429 1587 Iutelligebat
1457 1543 1618 1591 Micyllus
1643 1556 1652 1578 τ
1679 1556 1743 1579 cur

1071 1592 1170 1626 illum
1186 1593 1266 1636 Dii,
1289 1606 1351 1627 seu
1367 1594 1434 1628 sata
1447 1620 1457 1637 ,
1490 1601 1562 1629 tam
1580 1595 1648 1630 cito
1664 1596 1744 1630 abs-

1073 1644 1232 1685 tulerint,
1246 1645 1283 1678 in
1295 1645 1439 1680 obscuro
1455 1653 1515 1681 est.
1537 1647 1612 1691 Qui
1623 1658 1742 1683 sensus

1073 1707 1147 1728 non
1166 1695 1213 1729 ita
1231 1703 1424 1741 repugnat,
1447 1710 1555 1741 quum
1572 1710 1644 1732 non
1663 1699 1743 1734 satis

1072 1745 1165 1779 inter
1195 1759 1230 1780 se
1261 1753 1419 1781 constent
1450 1747 1631 1792 scriptores
1646 1774 1656 1792 ,
1693 1749 1741 1783 'de

1073 1809 1190 1841 causa,
1215 1804 1273 1831 aut
1297 1810 1422 1843 genere
1439 1798 1560 1834 mortis'
1575 1811 1584 1833 :
1599 1798 1658 1834 sed
1679 1800 1744 1834 ad·-

1073 1848 1243 1883 mittenda
1261 1857 1344 1884 tunc
1359 1850 1480 1884 durior
1500 1851 1611 1886 multo
1627 1853 1741 1887 ἀντίπ-

1073 1915 1187 1944 two-13,
1201 1900 1342 1944 sunem,
1372 1914 1435 1946 pro
1451 1901 1586 1946 finctis
1606 1905 1666 1936 vel
1676 1902 1743 1947 fh

1073 1954 1152 1985 nen'.
1189 1951 1296 1996 Quod
1312 1953 1523 1999 Scaliger-um
1536 1979 1546 1997 ,
1570 1954 1691 1988 Heins.
1707 1961 1743 1988 et

1074 2002 1320 2038 Burmannum
1335 2005 1493 2050 impulit,
1510 2012 1549 2041 ut
1563 2005 1718 2051 legerent
1729 2032 1742 2050 ,

1074 2055 1207 2100 primus
1220 2055 1361 2100 quidem
1377 2069 1385 2090 ε
1571 2082 1575 2084 μ

1107 2111 1145 2135 Et
1156 2110 1205 2135 lux
1212 2111 1300 2145 prola!
1314 2111 1407 2144 petrin.
1413 2111 1503 2137 funere
1514 2111 1604 2137 clama
1615 2112 1690 2137 laur.

1077 2157 1243 2193 Heinsius
1258 2171 1342 2193 vero
1356 2172 1364 2194 :

1105 2215 1140 2238 Et
1150 2214 1196 2238 lux
1205 2213 1268 2247 proh
1280 2215 1286 2238 l
1301 2213 1390 2246 pinri-
1399 2214 1497 2239 lumina
1510 2223 1582 2240 caua
1591 2215 1663 2240 latet.

1074 2263 1219 2298 Servato
1235 2263 1430 2296 Burmanni
1452 2263 1557 2309 priori
1578 2263 1742 2300 hemisti-

1073 2313 1169 2357 chio,
1187 2314 1254 2348 levi
1271 2313 1460 2347 admodum
1478 2315 1739 2357 immutatione,

1079 2367 1128 2399 Ut
1152 2367 1221 2399 dux
1241 2379 1303 2409 pro
1333 2368 1452 2400 Patria
1470 2391 1480 2409 ‚
1514 2367 1661 2400 alterum
1695 2368 1744 2404 sic

1073 2418 1249 2452 constituit
1273 2427 1281 2448 2
1296 2418 1420 2463 sunere
1444 2430 1548 2452 causa
1565 2422 1673 2463 patet.
1699 2419 1743 2455 ld

1074 2477 1144 2513 est,
1168 2470 1280 2514 ipsum
1291 2469 1402 2513 sunus
1423 2469 1571 2504 declarat
1586 2471 1743 2506 Drusum

1067 2534 1130 2565 pro
1149 2524 1265 2565 patria
1290 2521 1496 2556 occubuisse.
1539 2522 1742 2559 Praeluserat

1073 2573 1144 2617 jam
1164 2571 1324 2616 Cuperus
1337 2598 1347 2614 ,
1367 2571 1512 2606 Observ.
1527 2583 1588 2617 lv,
1606 2574 1642 2607 3.
1664 2591 1665 2594 ¹
1696 2598 1698 2600 >

1116 2624 1190 2666 244.
1216 2624 1315 2665 Quod
1321 2626 1412 2666 petis
1423 2650 1431 2663 ‚
1455 2626 1546 2658 altar
1562 2627 1634 2658 cn‘l.
1653 2624 1740 2658 ,Imr-

1073 2674 1247 2717 mortalis,
1276 2674 1424 2715 scilicet;
1454 2687 1521 2719 qua
1549 2682 1664 2709 autem
1680 2675 1739 2709 >via

1073 2725 1115 2758 ad
1149 2725 1299 2769 Superos
1323 2726 1492 2760 Romulus
1513 2726 1709 2771 migraverit
1728 2753 1739 2769 ,

1072 2776 1254 2813 incertum.
1278 2778 1416 2813 Pbetice
1438 2777 1602 2822 quidem:
1633 2789 1635 2791 ’
