1884 3112
580 716 1014 774 EPIsToLAE
1062 717 1412 787 QUIKNTAE

733 856 1258 908 ARGUMENTUM.

346 1021 477 1071 Quum
487 1019 658 1072 Hecuba,
673 1020 796 1062 Cissei
805 1020 879 1062 filia
893 1028 932 1061 et
943 1020 1081 1061 Priami
1093 1035 1205 1072 uxor,
1218 1020 1366 1078 gravida
1379 1028 1479 1061 esset
1488 1049 1500 1071 ‚
1509 1018 1702 1060 ardentem

293 1105 334 1131 se
352 1103 480 1144 parere
493 1090 627 1142 facem,
641 1105 715 1145 qua
729 1091 847 1145 Troja
863 1091 986 1132 omnis
1001 1091 1263 1132 incenderetur
1275 1120 1287 1141 ,
1304 1089 1514 1132 somniavit.
1529 1089 1704 1147 Territus

292 1163 416 1213 itaque
439 1160 608 1202 Priamus
632 1160 678 1200 ad
702 1162 896 1202 oraculum
922 1162 1116 1216 confugit;
1144 1169 1182 1200 et
1198 1175 1382 1214 responso
1407 1168 1560 1214 accepto
1582 1159 1702 1198 filium

292 1230 487 1271 Hecubam
497 1244 576 1272 esse
587 1230 788 1285 parituram
800 1259 812 1280 ‚
828 1229 894 1283 qui
908 1231 1037 1284 patriae
1048 1230 1200 1270 exitium
1214 1229 1383 1280 afferret,
1395 1237 1540 1283 partum
1551 1258 1564 1279 ,
1579 1227 1703 1268 statim

292 1309 336 1340 ut
362 1300 555 1351 ederetur,
576 1299 737 1340 interfici
767 1300 891 1354 jussit.
917 1301 1024 1339 Mota
1052 1313 1143 1339 vero
1172 1307 1336 1339 materna
1362 1299 1498 1352 pietate
1522 1297 1702 1347 Hecuba,

291 1383 474 1424 puerum,
498 1369 565 1423 qui
584 1369 687 1410 Paris
713 1377 847 1424 postea
868 1368 989 1409 dictus
1003 1399 1015 1418 ‚
1048 1368 1261 1423 pastoribus
1281 1369 1394 1425 regiis
1418 1368 1512 1408 clam
1530 1367 1702 1407 alendum

293 1439 463 1480 credidit.
483 1439 588 1490 Qui,
609 1453 727 1492 quum
748 1440 821 1492 jam
841 1438 1064 1480 adolevisset
1076 1469 1088 1490 ‚
1106 1439 1295 1478 OEnonen
1312 1437 1514 1487 adamavit,
1527 1449 1704 1490 eamque,

295 1511 328 1551 si
349 1509 543 1550 nonnullis
559 1508 670 1559 fides,
687 1522 845 1548 uxorem
862 1508 977 1548 duxit.
1003 1509 1099 1548 orta
1116 1522 1206 1549 vero
1227 1508 1472 1548 contentione
1483 1536 1495 1557 ,
1507 1508 1702 1547 Junonem

291 1581 413 1631 inter,
433 1579 581 1620 Pallada
594 1608 606 1630 ,
620 1587 659 1619 et
676 1579 860 1618 Venerem
873 1608 886 1628 ,
905 1578 949 1618 de
965 1577 1244 1632 pulchritudine
1258 1606 1271 1627 ,
1295 1577 1432 1616 arbiter
1446 1591 1467 1616 a
1480 1577 1579 1618 Jove
1597 1576 1703 1616 Paris

292 1649 459 1689 delectus
478 1657 557 1700 est,
579 1648 646 1702 qui
668 1656 806 1688 tantam
829 1647 934 1687 litem
953 1655 1210 1701 componeret.
1243 1647 1421 1701 Regnum
1438 1647 1465 1684 J
1468 1660 1545 1686 uno
1557 1675 1570 1697 ‚
1585 1645 1703 1686 Pallas

292 1719 510 1773 sapientiam
534 1717 694 1766 obtulit;
722 1719 850 1758 Venus
870 1725 1019 1767 autem,
1048 1716 1248 1756 mulierum
1270 1715 1581 1770 pulcherrimam;
1618 1729 1704 1768 quae

291 1803 351 1829 res
370 1797 495 1829 totum
515 1789 588 1842 ipsi
615 1788 780 1842 judicem
797 1787 1020 1829 conciliavit.
1052 1785 1218 1842 Agnitus
1250 1785 1382 1826 deinde
1413 1786 1517 1825 Paris
1550 1798 1572 1824 a
1599 1792 1704 1838 patre

293 1859 442 1898 Priamo
453 1888 466 1909 ,
479 1859 648 1912 Spartam
669 1858 879 1913 navigavit,
898 1865 1115 1911 raptamque
1137 1857 1308 1896 Helenen
1318 1885 1331 1907 ,
1352 1855 1513 1896 Menelai
1525 1867 1680 1895 uxorem
1691 1883 1704 1904 ,

295 1929 452 1983 Trojam
470 1928 635 1969 abduxit.
663 1928 753 1977 Quo
771 1927 898 1968 audito
912 1956 924 1978 ,
947 1927 1110 1967 OEnone
1132 1926 1397 1980 conqueritur,
1419 1925 1488 1965 hac
1509 1923 1704 1978 Epistola,

297 1998 342 2038 de
355 1998 510 2052 perfidia
523 1998 717 2054 conjugis3
731 1995 975 2050 Helenenque
990 1996 1136 2038 Graecis
1145 1996 1274 2038 reddat
1284 2026 1296 2048 ,
1312 1995 1452 2038 suadet.
1469 1994 1554 2035 vid.
1570 1994 1703 2048 Dictys

299 2069 402 2109 Cret.
419 2092 472 2100 —
495 2069 633 2118 Quint.
653 2066 781 2109 Calah.
804 2078 853 2118 X,
875 2065 975 2118 260,
996 2081 1080 2120 sqq.
