1884 3112
669 742 1099 801 EPISTOLAE
1148 744 1400 803 NONAE

779 888 1168 933 ARGUMENT
1183 891 1302 934 UM.

391 1040 521 1091 Quum
537 1043 745 1085 rescivisset
761 1046 938 1086 Herculis
958 1061 1055 1087 uxor
1069 1047 1264 1097 Deianira,
1279 1061 1383 1088 novo
1399 1047 1601 1102 conjugem
1614 1058 1741 1086 amore

336 1119 483 1164 captum
497 1140 509 1161 ‚
529 1111 638 1152 Iolen
650 1114 838 1155 OEchaliae
853 1116 952 1170 regis
966 1115 1078 1156 filiam
1089 1130 1216 1157 secum
1231 1116 1412 1156 adducere
1425 1145 1438 1167 ‚
1451 1116 1558 1157 uxori
1567 1116 1744 1172 legitimae

335 1181 628 1234 praepositurum
642 1212 654 1233 ‚
674 1191 792 1233 tentat
806 1185 969 1238 primum
987 1201 1073 1238 quae
1087 1187 1240 1227 fortiter
1253 1195 1291 1226 et
1307 1186 1539 1242 magnanime
1559 1193 1723 1241 gesserat
1733 1213 1746 1235 ‚

335 1250 377 1288 in
394 1251 558 1290 animum
572 1265 769 1303 revocare,
792 1253 913 1306 priori
928 1255 1032 1294 samae
1051 1255 1181 1295 famam
1203 1256 1348 1296 ironice
1371 1269 1569 1310 opponens
1585 1254 1743 1307 omnino

336 1319 566 1360 decolorem.
597 1322 699 1362 Hinc
723 1323 829 1375 quasi
860 1323 999 1377 duplex
1033 1325 1241 1377 Hercules,
1269 1340 1433 1379 quorum
1459 1339 1578 1364 unum
1606 1323 1743 1378 pudeat

336 1389 487 1429 alterius
511 1405 663 1431 necesse
682 1400 792 1431 esset.
821 1392 895 1432 Sed
921 1394 1096 1447 praeviam
1118 1395 1303 1448 Epistolae
1324 1395 1487 1435 tunicam
1507 1383 1651 1434 fatalem
1666 1392 1745 1432 mi-

335 1467 432 1499 serat
445 1489 456 1511 ,
476 1475 587 1514 quam
611 1462 798 1502 De'fanirae
813 1463 957 1502 Nessus
970 1493 983 1513 ‚
1007 1464 1166 1517 proprio
1184 1465 1363 1520 sanguine
1383 1464 1512 1504 illitam
1530 1461 1740 1522 tradiderat.

335 1530 459 1577 Quam
475 1531 601 1570 statim
616 1539 660 1570 ut
679 1532 864 1571 Hercules
882 1533 1027 1583 induit,

527 1631 674 1666 Incaluit
685 1632 735 1666 vis
749 1632 805 1666 illa
821 1633 901 1667 mali
915 1647 923 1674 ;
948 1633 1164 1679 resolutaque
1182 1634 1331 1669 flammis

528 1691 719 1726 Herculeos
735 1692 815 1726 abiit
829 1692 894 1727 late
912 1692 1034 1734 dissusa
1049 1706 1111 1738 per
1127 1700 1229 1728 artus.
1282 1694 1440 1728 METAM.
1460 1704 1518 1738 lx,
1537 1693 1608 1728 161.

336 1782 426 1832 Quo
440 1811 452 1833 ‚
470 1782 568 1823 inter
585 1771 820 1825 scribendum
831 1815 842 1836 ‚
865 1785 992 1826 audito
1007 1816 1019 1837 ‚
1038 1787 1213 1826 De‘fanira
1225 1817 1238 1837 ,
1264 1786 1369 1840 quod
1391 1785 1607 1840 imprudens
1625 1783 1742 1825 admi-

334 1861 432 1892 ser-at
450 1852 589 1893 facinus
603 1883 615 1904 ‚
635 1863 755 1894 tentat
775 1869 933 1909 purgare
946 1885 958 1906 ‚
979 1863 1016 1894 et
1036 1856 1148 1895 vitam
1170 1856 1276 1895 finire
1299 1855 1476 1896 decernit.

390 1923 573 1977 Sophocl.
595 1925 635 1963 in
651 1925 826 1964 Trachin.
847 1948 901 1955 —-
916 1926 1066 1965 Metam.
1093 1926 1181 1965 loco
1203 1925 1318 1966 dicto.
1338 1948 1391 1957 -
1404 1924 1519 1966 Diod.
1538 1923 1654 1965 Sicul.
1680 1933 1741 1964 lv.

335 2014 387 2022 --
411 1993 541 2033 Senec.
561 1994 600 2032 in
624 1994 779 2036 Hercul.
798 1995 886 2035 OEt.
908 2018 961 2025 -
980 1996 1121 2050 Hygin.
1149 1994 1238 2035 Fab.
1261 1994 1326 2045 34.
