1884 3112
377 255 456 300 170

801 248 1153 294 EPISTOLA
1188 254 1338 299 VIII.

367 333 458 394 Nec
482 333 701 398 quondam
723 334 908 402 placuit,
933 358 1012 392 nec
1034 360 1152 391 nunc
1174 343 1411 409 placuisset
1433 349 1617 411 Achilli,
1727 370 1771 404 85

429 409 634 459 Abducta
657 411 836 470 viduum
860 415 1047 480 conjuge
1070 417 1172 468 flere
1196 420 1350 470 virum.

367 483 479 546 Quae
502 504 595 533 mea
619 485 809 536 caelestes
832 489 990 555 injuria
1013 493 1116 542 fecit
1138 496 1350 563 iniquos?

427 560 563 623 Quod
581 564 710 623 mihi,
735 585 796 615 vae
819 567 1004 621 miserae!
1030 571 1150 620 sidus
1175 574 1328 623 obesse
1353 580 1546 641 querar?

363 636 500 685 Parva
521 658 616 687 mea
638 641 731 690 sine
755 655 891 694 matre
914 646 1001 706 fui;
1026 661 1151 714 pater
1175 670 1292 700 arma
1314 652 1511 706 ferebatz

426 715 503 772 Et,
530 716 617 764 duo
642 738 778 784 quum
799 722 966 782 vivant,
993 727 1102 775 orba
1125 728 1302 778 duobus
1327 750 1455 781 eram.
1564 782 1566 785 ,
1725 764 1768 797 9⁰

358 790 461 837 Non
486 792 568 840 tibi
590 794 825 847 blanditias
847 801 1022 866 primiS,
1047 823 1143 853 mea
1164 818 1322 865 mater,
1349 808 1396 856 in
1422 810 1553 860 annis
1609 852 1614 857 ,

422 868 593 917 Incerto
617 871 753 922 dictas
778 894 851 923 ore
875 877 1022 943 puella
1048 881 1142 930 tuli.

355 943 458 990 Non
482 964 563 1008 ego
586 950 754 1014 captavi
776 951 985 1003 brevibus
1010 967 1085 1005 tua
1109 957 1222 1007 colla
1244 958 1444 1009 lacertis:

419 1021 508 1068 Nec
533 1025 697 1084 gremio
720 1026 813 1075 sedi
836 1031 1004 1080 sarcina
1026 1046 1149 1094 grata
1171 1046 1263 1084 tuo,

354 1096 456 1143 Non
479 1098 623 1147 cultus
647 1102 730 1149 tibi
754 1122 857 1153 cura
878 1108 964 1156 mei
985 1128 995 1156 z
1014 1128 1117 1168 nec,
1136 1123 1263 1176 pacta
1284 1113 1464 1172 marite,
1585 1144 1589 1150 ,
1722 1131 1767 1175 95

417 1173 579 1222 Intravi
604 1177 838 1239 thalamos,
864 1195 1001 1232 matre
1023 1198 1225 1251 parante,
1250 1207 1403 1237 novos.
1626 1185 1629 1188 .

354 1249 498 1300 Obvia
517 1255 764 1319 prodieram
781 1259 931 1308 reduci
955 1262 1061 1320 tibi;
1087 1282 1188 1311 vera
1209 1263 1408 1313 fatebor:
1458 1302 1461 1304 -

414 1329 504 1376 Nec
527 1329 656 1380 facies
680 1333 810 1382 nobis
834 1348 939 1385 nota
961 1338 1158 1403 parentis
1182 1350 1286 1387 erat.

347 1404 410 1452 Te
435 1417 579 1456 tamen
603 1428 695 1458 esse
721 1411 940 1471 Helenen,
969 1415 1090 1480 quod
1114 1434 1207 1465 eras
1225 1414 1538 1481 pulcherrima,
1565 1419 1695 1466 sensi.

409 1484 512 1550 Ipsa
533 1487 810 1553 requirebas,
839 1510 935 1556 quae
959 1492 1042 1540 tibi
1066 1504 1168 1541 nata
1190 1493 1318 1543 foret.
1700 1521 1760 1545 nou

345 1559 451 1607 Pars
471 1560 561 1610 haec
585 1583 673 1612 una
696 1565 806 1612 mihi
830 1567 992 1632 conjux
1015 1568 1127 1616 bene
1152 1569 1282 1617 cessit
1306 1569 1515 1619 Orestes:

409 1638 453 1685 Is
479 1658 677 1706 quoque,
703 1643 749 1689 ni
773 1662 856 1709 pro
881 1663 925 1692 se
949 1657 1139 1711 pugnet,
1165 1646 1362 1694 ademtus
1386 1647 1480 1694 erit.

342 1714 535 1779 Pyrrhus
558 1716 694 1766 habet
716 1732 907 1786 raptam,
934 1721 1092 1770 reduce
1111 1734 1153 1770 et
1177 1723 1339 1772 victore
1363 1722 1573 1790 parente:

406 1792 573 1842 Munus
598 1806 641 1843 et
664 1795 750 1845 hoc
772 1798 905 1846 nobis
930 1798 1076 1847 diruta
1098 1800 1232 1865 Troja
1256 1799 1387 1848 dedit.

380 1896 433 1930 85.
443 1898 516 1931 Nec
525 1900 686 1942 quondam
687 1901 820 1942 placuit
824 1905 887 1934 cte.
899 1901 1011 1935 Testis

338 1948 534 1988 Homerus,
557 1949 597 1984 Il.
611 1955 648 1985 A.

379 2000 431 2045 87.
450 2001 531 2043 Quoe
540 2014 624 2035 mea.
645 2002 745 2038 Alter
759 2002 1008 2047 Mentelianus,

334 2053 424 2096 quod
444 2065 520 2089 mea
537 2066 547 2087 .·
572 2059 640 2088 tres
661 2054 795 2099 scripti,
814 2068 884 2100 quoe
907 2057 1011 2089 mihi:

335 2103 536 2149 elegantius.

377 2168 430 2202 9¹·
448 2157 524 2190 Non
535 2158 793 2192 libt'blandz'lias
804 2165 868 2192 etc.
880 2157 1009 2192 Plenus

333 2205 390 2240 hic
405 2207 545 2242 affectus
557 2235 566 2252 ‚
591 2216 625 2243 et
645 2209 787 2254 quidem
805 2210 1006 2253 tenerrimi,

332 2270 469 2300 sermo;
489 2259 582 2304 quod
600 2273 641 2294 eo
662 2261 858 2296 notandum
878 2262 984 2307 magis
997 2288 1006 2304 ,

332 2322 402 2354 quo
423 2310 513 2355 apud
531 2311 700 2347 Nostrum
719 2315 867 2348 occurrit
888 2314 1006 2348 rarius.

331 2361 537 2407 Euripidem
549 2362 638 2399 dicas
651 2365 695 2400 ob
707 2365 823 2401 oculos
836 2365 1004 2408 habuisse,

334 2413 424 2458 apud
441 2427 546 2459 quem
563 2422 635 2450 tam
652 2416 803 2462 ingenue
829 2417 1006 2463 Iphigenia

331 2465 374 2499 ad
391 2472 548 2510 patrem:
573 2468 636 2510 (In
652 2469 766 2503 Aulid.
789 2469 906 2512 ιιι-ιο.)

330 2520 434 2566 Πρώτη
448 2513 471 2553 o:
481 2520 605 2555 ε’κοὲλεσα
615 2522 737 2570 ποετ-ἔρα,
750 2525 845 2556 καὶσὺ
855 2520 1005 2576 παῖδ’ἕμὲ.

327 2572 431 2618 Πρώτη
449 2575 491 2612 δὲ,
509 2574 614 2616 γόνασι
629 2580 710 2607 σοῖσι
723 2578 813 2617 σῶμα
829 2577 899 2607 d'oun·
922 2574 1003 2616 ἕμὲν,

325 2625 415 2660 Φίλας
432 2623 566 2671 χάρη-ασ-
582 2627 680 2659 ’ἔοΓωκκ
694 2650 703 2667 ,
721 2625 955 2669 κᾷυτεᾶεξάμην.

379 2685 431 2719 92.
464 2676 595 2709 Incerto
623 2689 689 2709 ore.
720 2676 901 2710 Imitatum
930 2675 1002 2710 haec

331 2723 556 2768 Quinctilian.
571 2752 580 2768 ‚
598 2727 652 2761 lib.
670 2738 684 2760 1
698 2754 707 2770 ,
722 2727 853 2760 notavit
863 2727 1002 2760 Douza:

328 2790 344 2804 ε(
358 2776 409 2810 Ita
421 2777 556 2811 futurus
571 2777 883 2822 eloquentissimus,
896 2777 1003 2812 edidit

1077 1901 1261 1947 aliquando
1273 1903 1439 1949 vagitum,
1451 1909 1486 1938 et
1494 1902 1590 1948 loqui
1600 1902 1754 1948 primum

1077 1958 1207 1988 incerta
1222 1967 1304 1988 voce
1317 1954 1471 1989 tentavit.
1487 1969 1515 1988 ».
1645 1958 1648 1963 '

1119 2019 1172 2053 99.
1203 2007 1250 2039 Te
1278 2010 1389 2039 tamen
1410 2018 1486 2040 esse
1510 2005 1665 2040 Helenen
1689 2012 1754 2040 etc.

1076 2057 1248 2102 Lepidum
1277 2070 1359 2092 sane
1380 2064 1416 2091 et
1445 2056 1689 2103 ingeniosum,
1716 2063 1752 2090 et

1074 2122 1156 2142 vere
1190 2107 1428 2149 ovidianum;
1453 2107 1514 2142 sed
1542 2107 1751 2153 ingeniosius

1073 2160 1207 2204 forsan,
1227 2160 1331 2204 quam
1355 2158 1449 2205 quod
1471 2158 1514 2193 de
1535 2159 1607 2205 ipsa
1637 2165 1749 2194 matre

1074 2218 1155 2245 nata
1171 2211 1381 2256 praedicaret.
1552 2252 1555 2255 v
1737 2218 1744 2228 ²

1119 2275 1190 2296 101.
1205 2264 1290 2296 Pars
1307 2264 1380 2296 bac
1392 2275 1459 2296 una
1474 2263 1632 2296 mt'hietc.
1648 2261 1749 2296 Enu—

1072 2314 1212 2348 meratis
1224 2340 1233 2358 ,
1252 2326 1335 2359 quas
1345 2313 1534 2359 pertulerat
1546 2339 1556 2358 ,
1574 2313 1748 2347 calamita·-

1071 2366 1161 2399 tibus
1171 2392 1180 2409 ,
1201 2372 1236 2399 et
1246 2365 1339 2410 satis·
1355 2364 1615 2408 contmn'a'fala
1628 2374 1747 2408 mpetr-

1070 2420 1164 2458 dens,
1177 2417 1243 2452 hoc
1252 2430 1365 2451 unum
1374 2417 1436 2451 sibi
1447 2412 1747 2463 gratulatur,quod

1070 2470 1196 2515 conjux
1219 2469 1266 2503 illi
1301 2469 1444 2504 Orestes
1467 2467 1614 2503 cesserit.
1653 2465 1746 2510 Quae

1070 2527 1188 2555 tamen
1196 2520 1348 2564 felicitas,
1362 2532 1468 2565 quam
1480 2518 1620 2562 lubrica,
1634 2529 1745 2562 quum

1167 2576 1204 2601 Ni
1215 2584 1261 2609 pro
1272 2584 1299 2600 se
1308 2580 1419 2608 pugnet,
1431 2575 1548 2599 ademtae
1559 2573 1622 2598 erit!

1122 2626 1193 2667 104.
1229 2625 1354 2658 Munus
1374 2628 1411 2657 et
1432 2625 1495 2657 boc
1515 2623 1612 2657 nobis
1633 2622 1746 2655 diruta

1074 2677 1177 2719 Troja
1194 2678 1298 2709 dedit.
1325 2675 1417 2720 Quis
1437 2686 1511 2707 non
1535 2671 1630 2706 videt
1653 2672 1743 2706 hanc

1065 2727 1269 2770 lectionem,
1294 2738 1371 2771 quae
1393 2724 1560 2770 'optimam
1585 2723 1742 2758 continet

1067 2779 1276 2813 sententiam
1287 2804 1296 2822 ,
1310 2777 1421 2811 multo
1431 2777 1487 2811 illa
1499 2775 1603 2810 altera
1614 2801 1623 2818 ,
1637 2786 1741 2820 quam
