1884 3112
300 249 356 291 58
754 250 1119 297 EPISTOLA
1155 254 1255 299 111.

298 339 447 415 Digna
469 356 607 388 nurus
632 359 806 400 socero,
831 344 860 390 J
863 343 956 391 ovis
979 344 1237 411 AEginaeque
1259 358 1450 412 nepote;

365 417 535 483 Cuique
561 436 692 467 senex
714 420 882 467 Nereus
908 439 1117 486 prosocer
1139 440 1231 469 esse
1254 421 1369 470 velit.

298 496 393 542 Nos
415 493 625 552 humiles,
651 495 909 563 famulaeque
935 509 1041 554 tuae‚
1069 497 1168 546 data
1190 516 1327 564 pensa
1350 497 1593 556 trahemus;
1673 511 1716 559 75

363 573 423 619 Et
445 572 646 620 minuent
665 571 817 638 plenas
840 574 1026 622 stamina
1048 586 1201 622 nostra
1223 573 1359 623 colos.

299 648 504 710 Exagitet
525 667 581 697 ne
604 667 673 697 me
697 660 868 698 tantum
893 662 990 708 tua,
1017 650 1248 716 deprecor,
1273 669 1407 709 uxor,
1445 701 1452 708 ,

364 725 476 787 Quae
498 725 608 772 mihi
629 726 777 774 nescio
804 746 893 792 quo
918 746 1010 775 non
1034 728 1118 775 erit
1140 747 1263 794 aequa
1286 728 1435 776 modo.

298 801 416 848 Neve
438 819 561 849 meos
585 820 730 849 coram
754 802 894 850 scindi
917 803 1082 868 patiare
1108 802 1288 869 capillos
1315 823 1326 851 :

364 879 424 925 Et
446 876 598 926 leviter
622 877 766 926 dicas:
791 880 897 928 Haec
923 899 1098 945 quoque
1123 891 1275 928 nostra
1298 879 1394 927 fuit.
1678 894 1722 927 80

301 953 383 1002 Vel
407 955 572 1021 patiare
596 954 718 1014 licet,
745 956 850 1004 dum
871 975 927 1005 ne
951 969 1169 1006 contemta
1191 957 1438 1023 relinquar:
1661 956 1663 958 ¹

366 1031 452 1079 Hic
475 1031 584 1079 mihi
606 1050 669 1080 vae
691 1032 858 1082 miserae
882 1034 1080 1082 concutit
1103 1053 1203 1082 ossa
1223 1046 1380 1082 metus.

305 1108 429 1170 Quid
452 1119 595 1156 tamen
620 1111 876 1174 exspectas?
898 1110 1230 1172 Agamemnona
1253 1109 1439 1175 poenitet
1460 1108 1556 1165 irae,

368 1187 428 1232 Et
448 1185 560 1249 jacet
583 1197 682 1233 ante
707 1197 808 1233 tuos
833 1186 1000 1234 Graecia
1021 1197 1176 1234 moesta
1198 1185 1345 1251 pedes.

304 1261 442 1309 Vince
466 1261 634 1309 animos
659 1261 855 1327 iramque
880 1273 1020 1320 tuam,
1048 1262 1125 1328 qui
1149 1274 1289 1309 cetera
1310 1261 1459 1309 vincis.
1679 1273 1722 1307 85

372 1337 497 1400 Quid
519 1337 679 1387 lacerat
702 1339 878 1387 Danaas
902 1338 1090 1405 impiger
1109 1339 1277 1387 Hector
1301 1338 1436 1404 opes?

352 1523 402 1555 77.
430 1509 511 1552 Quoe
530 1509 739 1542 mihinescz'o
757 1520 819 1552 quo
840 1521 906 1543 non
921 1511 988 1542 en'l

308 1572 401 1605 aequa
410 1561 516 1594 modo.
528 1560 731 1605 Perperam,
746 1566 781 1593 et
788 1560 904 1594 nescio
916 1571 985 1604 quo

307 1625 429 1654 sensu,
448 1616 537 1653 erat,
560 1611 617 1646 hic
638 1611 827 1657 legendum
844 1611 986 1656 quidam
1029 1629 1035 1633 ι

308 1670 528 1700 censuerunt.
563 1665 779 1710 Fugerat-ne
817 1663 986 1709 quidquid

310 1715 494 1749 delicatum
505 1741 514 1758 ,
536 1715 743 1760 exquisitum
764 1715 932 1760 quidquid
948 1715 985 1748 in

310 1767 368 1801 illo
384 1767 490 1801 animi
513 1768 638 1802 affectu
653 1794 662 1810 ,
690 1781 758 1813 quo
773 1794 782 1811 ,
800 1768 987 1812 conjugem

313 1819 453 1854 Achillis
468 1846 477 1863 ,
501 1821 605 1854 suerit
629 1832 856 1865 quaecumque
872 1846 881 1864 ,
906 1826 986 1853 ante

311 1871 541 1906 reformidans
551 1897 560 1914 ,
572 1874 717 1916 iniquam
728 1871 790 1906 sibi
803 1871 903 1916 fingit
914 1870 987 1904 Bri-

311 1923 376 1958 seis
385 1949 394 1966 ,
413 1925 567 1968 quamvis
580 1925 709 1959 nesciat
718 1950 727 1967 ,
743 1930 802 1958 aut
812 1923 924 1969 potius
936 1934 988 1956 re-

314 1975 415 2010 ticeat
430 1975 552 2021 pudice
566 2002 576 2019 ‚
597 1988 658 2021 quo
673 1978 769 2010 modo
784 1976 804 2010 ?

357 2028 410 2061 80.
431 2030 481 2062 Et
489 2030 611 2062 [emer.
626 2028 668 2062 In
679 2027 905 2062 Gronoviano
915 2032 989 2061 erat

313 2081 437 2114 leniter
446 2084 484 2114 et
496 2082 602 2114 dicas.
623 2080 741 2114 Editio
755 2087 853 2114 vetus
868 2085 989 2114 contra

314 2138 471 2165 metrum
492 2136 529 2165 et
541 2134 677 2173 leniter,
696 2131 790 2176 quod
811 2136 989 2176 exponunt

315 2183 388 2218 sine
405 2184 455 2219 ira
467 2211 476 2228 ‚
495 2191 530 2218 et
545 2185 757 2219 turbatione:
770 2183 830 2218 sed
845 2189 936 2217 recte
952 2194 989 2216 se

317 2235 422 2270 habet
447 2236 603 2281 vulgata:
619 2239 739 2271 leviter
755 2249 839 2270 vero
861 2237 987 2275 dhare,

316 2294 368 2322 est
383 2300 456 2322 non
468 2288 714 2331 vehementer,
729 2301 803 2323 non
814 2301 897 2322 voce
913 2299 990 2321 ma-

318 2353 385 2385 gna
402 2347 436 2375 et
457 2341 588 2376 sublata
602 2368 611 2385 ,
629 2348 668 2375 ut
687 2341 905 2386 increpantes
924 2350 989 2373 so·-

316 2393 414 2437 lent,
434 2394 495 2428 sed
520 2394 616 2439 quasi
638 2406 838 2440 suppressa;
855 2391 965 2426 nolim
978 2416 988 2433 ,

318 2444 400 2479 dicit
421 2445 547 2480 Briseis
559 2472 568 2489 ,
594 2452 628 2480 te
645 2458 808 2489 uxorem,
828 2456 886 2477 me
905 2455 991 2477 eza-

316 2500 480 2538 gz'lanlem
492 2525 501 2539 ,
525 2498 703 2543 increpare
720 2495 884 2532 iracunde
900 2509 907 2536 ;
931 2492 992 2528 sed

321 2559 404 2581 voce
428 2549 594 2584 submissa
623 2549 712 2583 dicas
737 2562 744 2583 ε
772 2550 844 2581 haec
869 2557 992 2591 quoque

321 2603 437 2632 nostra
441 2600 524 2643 suit.
542 2600 664 2635 Amor.
679 2611 744 2643 111,
759 2601 817 2634 30:

338 2658 381 2682 Tu
393 2658 485 2684 leviter
496 2669 605 2692 puerum
618 2669 693 2693 posce
707 2660 771 2693 quid
783 2659 838 2692 ipse
848 2658 921 2684 velis.
943 2658 975 2682 B.

367 2707 418 2741 81.
448 2710 515 2742 Vel
517 2711 651 2751 patiare
665 2710 755 2742 licet.
770 2707 837 2741 Vel
852 2707 917 2741 hoc
933 2706 993 2751 ip-

323 2770 400 2792 sum
413 2784 423 2803 ‚
449 2761 564 2794 scindi
580 2761 721 2803 capillos
733 2785 742 2801 ‚
766 2770 839 2793 non
864 2757 995 2802 respuit

1050 1507 1177 1542 Briseis
1193 1533 1202 1551 ‚
1218 1507 1326 1541 modo
1340 1518 1414 1540 non
1433 1505 1475 1540 ab
1494 1504 1628 1541 Achille
1643 1517 1725 1540 con·-

1050 1563 1155 1592 temla
1172 1558 1360 1593 deseratur.

1095 1610 1145 1643 82.
1166 1611 1322 1643 Concutil
1330 1620 1410 1642 ossa
1418 1610 1534 1642 metus.
1547 1606 1653 1641 Multi
1664 1619 1725 1642 co·-

1052 1663 1143 1698 dices
1158 1665 1308 1698 concitat
1313 1673 1327 1704 ;
1347 1661 1402 1696 alii
1420 1660 1525 1696 etiam
1541 1664 1663 1695 immor
1670 1658 1727 1695 vel

1051 1719 1157 1750 timor.

1095 1769 1147 1802 85.
1176 1770 1280 1804 Vince
1300 1770 1447 1808 animos,
1464 1770 1609 1811 iramque
1624 1768 1725 1799 luam.

1053 1820 1146 1855 Vicit
1166 1820 1316 1863 etenim,
1337 1819 1397 1854 sed
1422 1818 1568 1864 qualiter
1584 1816 1727 1852 decebat

1053 1871 1149 1906 Pelei
1165 1871 1285 1905 filium.
1303 1870 1384 1904 Vid.
1405 1869 1495 1915 apud
1518 1870 1666 1904 Homer.
1680 1873 1725 1911 T,

1054 1925 1096 1959 56
1106 1951 1114 1967 ,
1138 1931 1172 1958 et
1185 1918 1266 1969 sqq;
1286 1931 1321 1958 et
1333 1930 1462 1968 quanta
1474 1921 1556 1956 inde
1571 1920 1728 1966 voluptas

1053 1976 1267 2010 Achivorum
1280 1988 1404 2021 agmen
1415 1972 1619 2020 perfuderit,
1628 1977 1727 2006 testa-

1054 2034 1112 2062 tur
1128 2028 1234 2072 idem,
1250 2028 1303 2062 his
1316 2027 1443 2062 verbis:
1457 2025 1543 2060 Ibid.
1562 2026 1619 2071 74:

1137 2083 1178 2115 Οἱ
1192 2080 1219 2115 δ’
1231 2081 1387 2125 ἐχάρησαν
1405 2076 1726 2122 ἐϋκνήμιδες-Ἀχαιοί,

1090 2138 1189 2172 Μῆνιν
1195 2133 1365 2169 ἀπειπόντας
1373 2132 1546 2174 μεγαθύμου
1554 2132 1728 2168 Πηλείωνος.

1056 2182 1165 2226 Quod
1190 2182 1331 2216 ridicule
1357 2193 1496 2227 prorsus
1509 2206 1519 2222 ‚
1543 2191 1590 2213 ne
1616 2177 1729 2213 dicam

1054 2235 1191 2280 inepte,
1207 2234 1311 2268 vertit
1325 2246 1417 2268 unus
1432 2246 1450 2267 e
1465 2231 1610 2266 nostris:

1090 2294 1161 2319 Tout
1176 2295 1201 2320 le
1220 2303 1298 2327 camp
1312 2295 1403 2319 s’a‘cn'a
1424 2294 1489 2318 dam
1503 2301 1549 2318 son
1566 2280 1699 2325 transfor-2

1156 2342 1275 2367 extreme
1289 2354 1297 2366 .-

1090 2391 1147 2424 Que
1158 2399 1191 2414 ne
1202 2388 1373 2415 vaiacra-t-il
1380 2389 1459 2423 point
1468 2387 1483 2412 2
1502 2386 1526 2412 il
1536 2387 1594 2412 s’est
1602 2385 1698 2412 minen

1155 2439 1204 2464 lui-
1210 2440 1303 2464 mime.

1060 2496 1158 2541 Quid
1171 2495 1214 2530 de
1227 2495 1285 2530 tali
1300 2493 1458 2529 versione
1476 2491 1620 2528 senserit
1637 2489 1730 2524 arbi-—

1058 2557 1113 2584 ter
1126 2548 1256 2594 ingenii
1268 2547 1537 2593 elegantissimus
1559 2546 1709 2578 Voltaz’re
1717 2568 1727 2583 ,

1057 2602 1125 2636 vid.
1145 2603 1257 2645 Quest.
1280 2602 1419 2646 Encycl.
1437 2598 1479 2633 ad
1497 2597 1589 2631 verb.
1605 2597 1730 2639 Espn'l.

1102 2653 1153 2686 85.
1181 2654 1273 2695 Quid
1282 2654 1412 2685 lacerat
1429 2651 1575 2683 Danaas
1595 2650 1735 2690 imptgrer

1059 2705 1189 2738 Hector
1199 2704 1300 2747 opes?
1310 2702 1456 2747 Elegans
1468 2699 1666 2743 conjectura
1679 2703 1731 2731 est

1060 2755 1083 2789 J
1088 2782 1094 2790 .
1109 2755 1157 2789 H.
1173 2754 1348 2798 Hoeustii,
1361 2750 1423 2788 viri
1433 2749 1640 2796 politissimi,
1664 2748 1678 2791 (
1693 2747 1730 2781 in
