1884 3112
423 224 717 273 PHYLLI‘S
751 219 1305 270 DEMOPHOONTI.
1526 220 1576 264 31

227 321 382 372 Altera
405 319 493 370 tela
515 338 662 379 arcus,
688 318 824 368 altera
846 315 933 366 tela
954 315 1096 373 faces;
1543 326 1589 370 40

163 402 498 467 Junonemque,
523 399 633 447 toris
657 417 755 465 quae
778 394 985 464 praesidet
1007 392 1119 442 alma
1138 390 1324 450 maritis,

174 506 176 509 ·
233 478 295 526 Et
316 496 398 544 per
420 474 626 524 taediferae
648 473 833 541 mystica
856 490 978 521 sacra
999 471 1119 519 Deae.

166 553 216 603 Si
238 554 292 603 de
315 565 386 602 tot
405 552 522 603 laesis
545 571 625 601 sua
646 550 830 599 numina
855 549 1043 616 quisque
1067 547 1268 595 Deorum

231 630 461 688 Vindicet;
486 630 534 678 in
556 647 710 696 poenas
732 647 828 677 non
850 626 957 675 satis
979 642 1098 672 unus
1122 622 1220 671 eris.

167 710 231 758 At
251 708 415 758 laceras
438 707 569 762 etiam
590 724 766 773 puppes
789 704 958 753 furiosa
979 700 1135 758 refeci,
1551 710 1595 754 45

233 789 320 846 Ut,
346 805 434 854 qua
454 785 694 841 desererer,
719 781 846 830 firma
868 778 1020 828 carina
1039 778 1183 834 foret;

169 860 509 930 Remigiumque
534 860 655 918 dedi,
683 877 773 926 quo
794 875 864 906 me
885 855 1112 919 fugiturus
1135 851 1292 902 abires.

231 942 335 991 Heu
355 940 507 1008 patior
529 937 629 988 telis
652 935 835 986 vulnera
854 934 970 983 facta
990 932 1120 982 meis!

169 1017 449 1068 Credidimus
469 1014 670 1073 blandis,
698 1032 891 1081 quorum
913 1011 999 1061 tibi
1023 1009 1177 1078 copia,
1201 1005 1348 1057 verbis
1369 1027 1380 1055 ε

235 1094 514 1145 Credidimus
532 1092 709 1157 generi,
735 1090 1085 1155 nominibusque
1110 1087 1199 1135 tuis
1218 1106 1229 1134 :
1558 1098 1600 1131 50

171 1172 454 1224 Credidimus
475 1170 679 1239 lacrymis
705 1186 716 1216 ε
745 1188 801 1218 an
824 1180 870 1218 et
889 1168 959 1216 hae
985 1164 1191 1215 simulare
1217 1161 1462 1212 docentur?

237 1253 320 1301 Hae
344 1269 525 1319 quoque
547 1249 718 1299 habent
739 1258 876 1306 arteS‚
905 1263 1081 1313 quaque
1101 1243 1336 1309 jubentur,
1364 1239 1501 1288 eunt?

172 1423 224 1460 nil
246 1429 358 1458 muto.
381 1423 508 1456 Facere
529 1421 639 1454 alicui
656 1420 720 1464 pro
732 1417 857 1463 facere

173 1478 226 1511 ad
235 1478 401 1521 aliquem,
415 1474 448 1510 F
449 1479 510 1509 ast.
533 1483 572 1507 ιν
587 1498 598 1516 ,
622 1472 698 1517 807.
720 1471 855 1504 Hnms.

172 1527 337 1564 nomam
341 1526 462 1573 legisse
467 1523 666 1571 afficientia,
674 1527 856 1557 notaverat

172 1579 352 1617 Francius.

216 1635 271 1678 4²-
297 1630 476 1676 Taedtserae
483 1630 582 1664 Dee.
595 1626 735 1662 Cereris
746 1625 856 1661 Eleu-

171 1684 271 1722 sinia
285 1711 295 1730 ,
327 1682 422 1730 quod
444 1680 751 1729 presentissimum
778 1692 855 1713 nu-

171 1751 259 1773 men
281 1734 565 1772 Atheniensibus.
581 1733 640 1769 Sic
668 1739 704 1768 et
729 1731 855 1777 Ἐχέτω

174 1792 342 1838 δᾳὼφὲρος
356 1786 570 1834 Bacchylidi,
584 1786 621 1820 in
637 1784 854 1831 fragmentis,

173 1842 275 1878 dicta.
290 1855 324 1888 p.
337 1841 412 1885 264.
429 1839 524 1875 Edit.
540 1837 662 1884 steph.
678 1837 813 1872 Hssms.

218 1896 272 1940 44.
299 1895 342 1928 hu
353 1905 477 1938 panas
493 1904 560 1926 non
574 1893 663 1925 salz?
678 1901 764 1924 unus
779 1892 857 1924 enit.

176 1946 286 1982 Recte
301 1949 370 1981 eris
384 1957 467 1980 cum
481 1943 684 1983 melioribus
705 1941 856 1988 scriptis,

177 2006 213 2037 et
229 1998 329 2034 editis
345 1995 535 2033 nonnullis.
556 1995 728 2041 Sequenti
752 1994 859 2028 etiam

176 2064 296 2087 versu:
308 2052 362 2087 A!
372 2053 505 2086 laceras
514 2060 579 2095 pro
591 2050 653 2089 ab,
668 2046 776 2093 probe
790 2046 861 2081 Pu-

180 2110 323 2139 teaneus
335 2110 371 2139 et
387 2102 443 2138 alii
454 2101 575 2143 multi;
594 2098 689 2146 quod
704 2098 861 2144 indigna-

181 2156 315 2191 tionem
331 2155 503 2191 efficacius
517 2152 688 2200 exprimit.
705 2151 840 2186 Hlmss.

224 2209 279 2252 45.
299 2209 451 2243 Fim'osa.
464 2206 506 2242 Id
515 2213 587 2250 est,
599 2203 731 2240 furenti
740 2215 861 2238 amore

182 2260 370 2304 obcaecata,
386 2265 566 2306 praerepta.
583 2257 643 2293 Sic
656 2256 752 2291 Dido
769 2254 862 2302 apud

182 2312 282 2359 Virg.
304 2323 382 2357 quae
403 2311 448 2346 de
465 2311 580 2346 AEnea
600 2316 636 2344 et
657 2308 755 2344 sociis
770 2308 862 2343 bene

181 2365 309 2400 merita
330 2363 450 2399 suisset
472 2363 648 2408 objectans
661 2388 671 2407 ,
698 2360 783 2395 AEn.
802 2371 861 2405 lv,

183 2431 316 2505 Ainis-nm
332 2477 456 2508 clauom,
473 2476 558 2501 socios
572 2484 588 2499 a
599 2478 682 2499 morte
693 2471 796 2498 reduxi.

182 2528 247 2556 Heu
255 2527 333 2553 surii·
349 2528 454 2552 incensa
469 2526 553 2551 seror!

228 2579 284 2612 50.
309 2578 517 2612 Credidimus
529 2576 649 2619 generi
660 2573 866 2607 nominibus·-

183 2632 340 2677 quebluclr.
356 2629 448 2675 Lege
464 2628 530 2671 sic,
548 2626 602 2662 vel
618 2626 733 2660 invitis
749 2624 842 2659 libris
853 2650 863 2670 ,

186 2695 261 2726 non
277 2689 396 2717 autem
409 2682 619 2721 numinibus-3
644 2691 690 2713 ne
704 2677 754 2712 bis
770 2676 865 2711 idem

186 2733 287 2771 dieat.
302 2734 470 2780 Sequitur
479 2732 575 2768 enim
588 2744 669 2765 mox
678 2755 688 2770 ,
702 2731 771 2765 Dis
784 2742 866 2775 quo-

920 1434 982 1468 que
989 1422 1198 1456 credidimus.
1217 1419 1333 1453 Genus
1345 1423 1381 1452 et
1389 1429 1507 1451 nomen
1514 1427 1604 1461 saepe

920 1475 1143 1520 conjungunt
1158 1477 1316 1506 auctores
1330 1469 1463 1515 optimi.
1478 1487 1522 1494 —·
1538 1470 1604 1502 Ge-

919 1529 998 1561 nen'
1006 1526 1265 1569 nominibusque.
1290 1521 1464 1557 Praeclaro
1481 1533 1605 1555 aman-

919 1580 1011 1615 tium
1032 1585 1113 1613 ortu
1143 1575 1322 1611 muliebris
1347 1572 1605 1618 vaniloquentia

921 1631 1069 1678 gaudet3
1089 1637 1125 1665 et
1147 1629 1229 1664 inde
1249 1640 1388 1674 quoque
1411 1626 1525 1671 major
1541 1626 1606 1671 ju-

919 1683 1078 1718 rantibus
1109 1682 1190 1717 viris
1224 1680 1360 1716 fiducia.
1395 1678 1455 1714 Sic
1485 1677 1580 1712 Dido
1598 1687 1605 1707 :

921 1736 1006 1771 AEn.
1020 1747 1060 1772 lv
1071 1762 1081 1780 ,
1103 1749 1140 1770 12
1157 1747 1166 1769 :

921 1796 1004 1823 Credo
1021 1796 1144 1830 equidem
1155 1813 1165 1826 ‚
1186 1803 1234 1820 uec
1250 1802 1318 1819 vena
1335 1792 1398 1818 fides
1411 1811 1419 1823 ‚
1446 1798 1527 1825 genus
1552 1797 1607 1814 esse

1019 1847 1148 1871 Deorum.

967 1897 1019 1930 52.
1040 1896 1178 1939 Quaquc
1183 1893 1359 1937 jubentur.
1383 1888 1481 1925 Nihil
1497 1894 1607 1922 muto.

924 1946 1098 1983 Prudent.
1122 1944 1254 1991 Apoth.
1272 1943 1359 1977 838:

924 2008 1009 2033 surda
1030 2007 1122 2041 prius,
1143 2007 1198 2039 jam
1223 2004 1300 2029 docta
1327 2002 1403 2035 sequi
1429 2009 1596 2035 quacumque

1023 2056 1160 2089 jubentur.

926 2106 985 2141 Sic
1006 2111 1101 2140 recte
1129 2101 1250 2137 Codex
1272 2100 1426 2147 optimus
1446 2098 1582 2134 Bodleii
1600 2112 1608 2132 :

926 2158 1030 2204 vulgo
1037 2156 1110 2192 sine
1119 2167 1235 2199 sensu,
1249 2155 1461 2200 quodcunque
1457 2152 1609 2197 jubetur.

927 2210 1156 2247 Doctissimus
1183 2207 1321 2254 juvenis
1344 2204 1611 2240 Slichtenhors-

928 2265 996 2299 tius
1006 2290 1015 2307 ,
1033 2274 1168 2307 cumque
1174 2261 1348 2306 jubentur.
1364 2258 1420 2303 De
1438 2256 1610 2303 jussisbla-

928 2316 1057 2364 crymis
1064 2313 1142 2349 vide
1151 2312 1299 2348 omnino
1306 2311 1422 2346 locum
1431 2309 1454 2344 J
1457 2308 1612 2343 uvenalis

929 2370 1002 2405 Sat.
1010 2380 1064 2411 VI,
1073 2368 1147 2412 274.
1156 2366 1289 2401 Hnms.
1298 2364 1374 2399 Has
1381 2370 1472 2398 artes
1483 2361 1613 2408 pariter

930 2421 1072 2458 adhibet
1089 2426 1237 2464 uterque
1250 2429 1349 2452 sexus
1359 2442 1368 2459 ‚
1386 2428 1453 2450 nec
1464 2414 1544 2448 viris
1558 2426 1611 2448 ce-

930 2473 1021 2508 dunt
1044 2471 1208 2506 mulieres
1223 2496 1232 2514 ‚
1263 2469 1291 2504 si
1312 2467 1497 2503 credamus
1518 2465 1610 2500 hisce

929 2524 1141 2562 carminibus
1154 2522 1266 2558 nostri
1285 2524 1416 2568 poe‘tae,
1436 2518 1514 2553 Art.
1529 2518 1610 2554 Am.-

930 2591 994 2623 111,
1015 2591 1075 2625 291
1096 2589 1105 2611 ε

931 2640 991 2673 Quo
1015 2647 1068 2663 non
1095 2645 1137 2661 urs
1161 2634 1300 2670 penetrat?
1328 2633 1442 2660 Discunt
1468 2632 1612 2665 lacrymare

1030 2688 1150 2712 decenter
1160 2705 1168 2718 ,

952 2735 1162 2771 Quoquevolum
1168 2735 1269 2769 plorent
1276 2739 1402 2768 tempore,
1412 2739 1516 2766 qnoque
1524 2729 1610 2755 modo.
