1884 3112
304 240 391 322 442

630 239 633 245 ’
676 267 728 310 P.
762 266 1000 313 ov1D11
1030 265 1330 314 NASONIS

302 357 482 415 Deficit,
507 368 584 405 aut
600 357 769 407 animos
791 360 923 426 ponit
946 360 1117 427 captiva
1137 362 1341 410 minaces.

365 435 555 483 Anthias
576 434 671 493 his,
697 447 823 498 tergo
849 456 944 504 quae
965 439 1182 498 concutit,
1208 439 1352 487 utitur
1374 439 1505 488 armis
1521 476 1534 499 ‚
1571 471 1574 473 Δ
1668 454 1714 502 45

302 513 405 560 Vim
429 512 566 579 spinae
586 512 795 579 novitque
817 533 928 572 suae;
951 534 1165 581 versoque
1189 516 1376 582 supinus

304 589 526 655 Corpore,
551 588 641 638 lina
664 602 803 649 secat,
826 590 1049 658 fixumque
1072 592 1297 659 intercipit
1321 592 1512 641 hamum.

369 743 523 791 Cetera
547 763 643 809 quae
667 744 822 793 densas
843 745 1048 794 habitant
1069 744 1270 794 animalia
1295 745 1444 805 silvas,

300 818 396 867 Aut
414 821 514 868 vani
539 821 745 887 quatiunt
767 841 938 889 semper
961 823 1187 889 lymphata
1211 823 1413 882 timores,

302 897 396 944 Aut
419 896 555 945 trahit
577 898 624 945 in
646 917 841 966 praeceps
863 919 957 948 non
981 919 1087 948 sana
1109 900 1271 948 ferocia
1293 900 1464 948 mentis.
1673 913 1716 948 5ο

301 974 406 1038 Ipsa
429 975 555 1040 sequi
577 976 745 1024 Natura
766 989 941 1034 monet,
967 977 1036 1025 vel
1061 977 1261 1025 eominus
1284 976 1360 1025 ire.

305 1049 500 1116 Impiger
522 1070 619 1100 ecce
641 1053 734 1101 Leo
756 1065 994 1102 venantum
1017 1065 1210 1102 sternere
1227 1053 1373 1120 pergit

302 1210 410 1242 minus
421 1234 430 1248 ,
454 1220 494 1243 ex
521 1215 670 1254 utroque
686 1210 812 1256 scripto
827 1224 835 1254 ;
862 1212 950 1246 sorte
968 1223 977 1246 ε

302 1267 492 1302 Auxiliumque
504 1269 545 1293 sui
557 1277 645 1294 morsu
655 1278 702 1295 nec
714 1270 858 1296 comminus
870 1272 923 1296 acri

301 1316 405 1341 Deficit.

302 1363 362 1399 Sic
377 1364 433 1399 illa
449 1371 652 1412 tempestate
668 1367 920 1413 loquebantur3
942 1376 978 1404 et

302 1419 336 1451 τὸ
365 1418 503 1463 deficere
521 1432 602 1454 curn
633 1427 757 1465 quarto
779 1433 859 1456 casu
883 1433 977 1456 con-

302 1468 496 1514 jungebant
506 1497 515 1514 ,
536 1478 575 1505 ut
590 1472 667 1506 alibi
683 1472 836 1518 pluribus
852 1480 903 1508 est
919 1473 978 1508 de—

302 1527 547 1558 monstratum.
562 1522 732 1568 Sequenti
748 1537 850 1559 versu
862 1527 978 1559 hamos

296 1577 408 1616 ponat
420 1578 561 1618 captura
575 1578 734 1611 minaces.
752 1576 890 1610 Thuan.
908 1577 955 1611 H.
985 1608 991 1615 ,

347 1626 398 1668 45.
434 1627 585 1661 Anthios
609 1630 671 1663 his.
702 1629 757 1663 De
791 1629 858 1663 hoc
887 1630 977 1674 pisce

304 1676 438 1711 Plinius
454 1678 511 1712 lib.
530 1690 569 1712 Ix
584 1704 594 1722 ,
611 1692 683 1724 cap.
702 1682 754 1727 59.
777 1680 839 1714 Est
859 1687 977 1715 autem

304 1741 323 1762 a
341 1728 470 1764 Graecis
492 1737 631 1765 vocatus
649 1735 723 1781 ἱερὲς
740 1736 824 1776 ἰχθὺς
837 1758 846 1775 ,
875 1739 914 1766 ut
932 1733 979 1767 ait

305 1781 509 1817 Aristoteles
520 1783 576 1817 lib.
588 1794 639 1827 Ix,
651 1783 693 1817 de
705 1784 779 1818 hist.
793 1785 979 1830 anim.cap.

304 1834 368 1878 373
395 1834 488 1879 quod
509 1830 604 1870 ineo
626 1835 701 1870 loco
725 1836 788 1880 sit,
809 1837 867 1871 nbi
884 1837 979 1871 nulla

303 1886 499 1930 reperiatur
510 1887 631 1921 bellua.
657 1888 713 1922 De
730 1887 855 1922 eodem
872 1889 978 1923 etiam

306 1937 464 1972 AElianus
481 1938 537 1973 lib.
557 1952 570 1973 1
585 1965 594 1982 ‚
613 1952 684 1984 cap.
701 1940 720 1972 3
734 1965 743 1982 ,
764 1947 799 1974 et
811 1940 867 1974 lib.
884 1951 955 1974 VIII
967 1966 976 1984 ,

305 2003 378 2035 cap.
399 2004 451 2036 27.
471 1991 698 2036 Plutarchus,
726 1992 762 2026 in
785 1993 858 2037 jam
874 1993 978 2027 citato

303 2041 428 2077 libello.
438 2061 482 2070 --
501 2044 605 2088 Pergo
611 2058 681 2089 qua·
692 2059 759 2079 nore
769 2048 870 2079 videt.
888 2047 993 2079 Vidffi

306 2093 445 2129 Thuan.
476 2109 570 2140 quem
592 2110 658 2131 non
683 2099 792 2137 vidit,
818 2095 982 2132 Ambrbs,

304 2144 398 2191 Lege
409 2172 418 2190 ,
443 2161 512 2191 quoe
530 2153 698 2191 concutit,
720 2149 796 2193 vel,
816 2161 885 2193 quae
903 2162 994 2184 con-¹

306 2201 401 2231 tinet.
420 2199 508 2234 Met.
524 2211 559 2243 1,
591 2201 662 2244 143.

304 2252 498 2286 sanguineaque
507 2263 584 2279 manu
595 2256 748 2288 crepitnntia
760 2257 874 2282 concutit
879 2262 960 2282 ernn-

348 2302 399 2346 47.
412 2303 569 2347 Corpore,
582 2302 808 2340 Iz'nassPlinius
818 2316 869 2348 Ix,
882 2319 909 2341 c.
922 2308 978 2353 59:

307 2366 326 2382 «t
340 2353 481 2388 Anthiae
490 2381 499 2399 ‚
513 2368 622 2400 quum
633 2369 744 2390 unum
756 2356 860 2390 hamo
868 2358 980 2391 teneri

305 2403 457 2439 viderint
470 2432 480 2449 ,
496 2406 602 2451 spinis
614 2433 623 2450 ,
641 2408 773 2452 quasin
790 2408 892 2442 dorso
906 2421 981 2443 ser-

306 2464 396 2491 ratas
419 2457 549 2493 habent
569 2486 578 2503 ,
610 2460 739 2495 lineam
764 2473 878 2495 secare
901 2468 991 2495 tra—-

306 2507 440 2542 duntur
455 2535 464 2553 ,
497 2523 539 2544 eo
553 2538 561 2551 ,
595 2511 653 2556 qui
671 2519 812 2546 tenetur
824 2538 833 2555 ‚
859 2512 982 2546 exten-

308 2559 412 2593 dente
427 2586 436 2603 ,
460 2568 500 2595 ut
521 2562 658 2606 praecidi
678 2563 791 2607 possit.
820 2563 867 2596 At
888 2564 982 2597 inter

307 2622 422 2655 sargos
439 2611 508 2656 ipse
524 2613 582 2658 qui
594 2620 753 2657 tenetur,
772 2614 813 2647 ad
825 2614 980 2659 scopulos

307 2659 436 2696 lineam
453 2664 544 2698 terit.
563 2679 580 2694 »
606 2665 683 2698 Imo
697 2672 732 2699 et
746 2665 816 2710 ipse
833 2664 980 2698 Anthias

306 2715 370 2749 sibi
393 2715 428 2749 id
452 2723 588 2760 praestat
603 2743 612 2760 ‚
640 2725 679 2751 ut
702 2719 829 2754 Noster
854 2717 979 2759 tradit;

309 2779 432 2812 quem,
459 2768 582 2805 oblitus
597 2770 648 2804 sui
662 2795 671 2813 ‚
699 2770 746 2805 ita
758 2769 813 2805 hic
827 2770 982 2815 sequitur

1043 1211 1177 1247 Plinius
1193 1225 1202 1246 ι
1220 1226 1237 1242 «
1252 1211 1421 1247 Anthiam
1436 1210 1542 1247 tradit
1555 1210 1650 1247 idem
1666 1210 1717 1247 in-

1042 1263 1151 1297 fixum
1167 1263 1271 1298 hamo
1285 1264 1459 1298 invertere
1473 1275 1509 1298 se
1523 1289 1532 1307 ,
1550 1263 1716 1308 quoniam

1041 1314 1085 1348 sit
1098 1313 1200 1349 dorso
1211 1314 1396 1358 castellato,
1409 1314 1575 1360 spinaque
1586 1314 1716 1349 lineam

1042 1379 1238 1411 praesecare.
1251 1382 1268 1398 »
1286 1368 1339 1402 lta
1349 1368 1421 1413 jam
1433 1367 1568 1402 dudum
1582 1366 1718 1402 restitui

1040 1419 1340 1464 corruptissimum
1363 1419 1480 1455 locum
1498 1446 1508 1464 ‚
1535 1431 1641 1466 quem
1657 1425 1718 1455 aut

1041 1472 1167 1507 frustra
1187 1479 1326 1522 tentant
1339 1499 1349 1517 ,
1380 1480 1440 1508 aut
1463 1479 1596 1508 temere
1612 1472 1718 1508 nimis

1041 1526 1254 1570 prostituunt
1270 1525 1428 1561 editOres.
1445 1527 1552 1561 Vn'l'.
1566 1543 1612 1552 -
1632 1525 1718 1560 An-

1040 1578 1193 1612 thiarum
1208 1585 1387 1624 capturam
1405 1579 1584 1625 eleganter
1595 1577 1718 1613 desesi-

1041 1629 1092 1664 bit
1108 1629 1258 1675 Oppian.
1277 1630 1431 1664 Halieut.
1446 1641 1489 1674 v,
1511 1630 1595 1674 305,
1607 1641 1685 1676 sqq.

1086 1681 1138 1723 48.
1165 1682 1293 1715 Cetera.
1324 1680 1530 1727 Digreditur
1561 1679 1604 1715 ad
1634 1680 1719 1715 ani-

1041 1738 1177 1766 mantes
1205 1738 1384 1767 terrestres
1398 1758 1408 1776 ,
1444 1739 1492 1766 ‘ut
1517 1744 1573 1766 eas
1601 1732 1718 1767 minus

1041 1781 1219 1817 industriae
1231 1808 1240 1826 ,
1262 1783 1316 1817 vel
1335 1782 1488 1827 astutiae,
1518 1795 1622 1828 quam
1637 1783 1719 1830 ple-

1042 1847 1166 1880 rosque
1174 1836 1279 1880 pisces
1286 1835 1412 1871 habere
1421 1836 1589 1871 ostendat.
1599 1836 1719 1882 Equos

1043 1892 1161 1920 tamen
1179 1893 1214 1921 et
1230 1899 1331 1921 canes
1347 1886 1473 1921 laudat.
1491 1887 1602 1921 IDEM.

1088 1939 1140 1985 49.
1164 1939 1239 1972 Aut
1256 1941 1343 1972 vani.
1371 1937 1412 1972 ld
1433 1944 1507 1982 est,
1534 1944 1594 1973 aut
1614 1937 1719 1973 nimis

1044 1997 1126 2025 sunt
1143 1990 1263 2025 timida
1275 2017 1285 2034 ,
1310 1997 1370 2025 aut
1383 1990 1487 2026 nimis
1502 1989 1643 2025 audacia
1658 2003 1666 2026 ε
1683 1996 1721 2026 et

1045 2042 1151 2075 animi
1170 2048 1307 2077 tantum
1323 2042 1469 2085 affectu,
1488 2047 1562 2076 non
1577 2041 1719 2089 ingenio

1045 2101 1104 2129 aut
1120 2095 1241 2129 astutia
1258 2095 1370 2140 aliqua
1386 2101 1544 2130 utuntur.
1561 2094 1675 2130 stu.

1089 2148 1140 2179 51.
1163 2148 1245 2190 Ipsa
1266 2149 1364 2191 sequi
1379 2150 1501 2180 natum
1522 2153 1586 2181 etc.
1609 2144 1718 2190 Sequi

1043 2197 1210 2242 fugientia
1221 2224 1230 2241 ‚
1247 2205 1282 2232 et
1292 2197 1450 2232 cominus
1464 2198 1514 2232 ire
1527 2196 1718 2232 resistenti-

1044 2251 1116 2285 bus.
1153 2252 1261 2285 lom.
1291 2251 1360 2286 Hic
1387 2263 1504 2286 versus
1530 2257 1582 2285 est
1608 2250 1717 2291 infru

1044 2302 1139 2336 unde
1169 2303 1242 2337 haec
1268 2303 1386 2336 omnia
1410 2315 1429 2337 e
1448 2303 1517 2337 suis
1538 2302 1619 2342 loeis
1638 2314 1718 2337 con·

1044 2354 1156 2397 vulsa,
1184 2361 1219 2388 et
1237 2354 1434 2400 turpissimo
1454 2354 1586 2389 mendo
1601 2353 1719 2389 defor—

1045 2412 1159 2449 mata,
1192 2406 1246 2440 vel
1273 2407 1378 2440 etiarn
1402 2405 1595 2440 adulterina
1620 2418 1691 2441 esse
1707 2431 1717 2450 ,

1046 2458 1104 2502 qui
1115 2457 1242 2502 judicio
1253 2458 1371 2502 pollet,
1383 2457 1484 2492 nullo
1494 2458 1636 2503 negotio
1649 2457 1719 2492 ani-

1045 2509 1249 2543 madvertet.
1263 2508 1304 2543 C.
1313 2527 1356 2534 —
1368 2509 1490 2543 Movet.
1505 2509 1586 2553 Atii,
1597 2512 1718 2549 monet,

1046 2561 1099 2594 vel
1119 2561 1230 2595 docet.
1243 2560 1286 2595 G.
1311 2561 1432 2595 Monet
1446 2559 1553 2595 MSS.
1573 2566 1609 2595 et
1626 2559 1719 2595 Pith.

1045 2618 1160 2648 movet.
1178 2613 1255 2647 Ald.
1277 2614 1321 2648 V.

1090 2667 1140 2699 52.
1165 2667 1310 2709 Impiger
1318 2668 1355 2698 et
1366 2666 1434 2698 telo
1446 2667 1624 2699 venantum
1638 2665 1719 2696 ster-

1046 2729 1123 2750 nere
1137 2721 1248 2761 pergit
1257 2716 1416 2760 Agmina.
1439 2716 1481 2749 In
1501 2715 1607 2749 verbo
1628 2715 1695 2747 telo
1706 2739 1715 2753 ,

1050 2767 1221 2804 mendum
1238 2768 1349 2804 inesse
1363 2773 1456 2804 recte
1473 2765 1604 2812 putavit
1617 2763 1718 2799 Ciac-
