1884 3112
497 239 893 286 HYPSIPYLE
930 238 1208 291 asom.
1483 240 1565 303 137

140 333 190 382 Si
214 335 373 400 quaeris
396 332 468 382 cui
491 333 581 382 sint
603 332 790 392 similes,
815 332 1096 399 cognosceris
1119 331 1222 381 illis.
1253 383 1257 387 ,

201 410 368 462 Fallere
389 431 484 461 non
506 423 676 461 norunt
695 432 706 460 :
729 423 872 473 cetera
891 410 1032 478 patris
1053 409 1236 460 habent.
1335 456 1338 458 .

138 487 329 552 Legatos
353 491 614 557 quos'paene
638 487 741 538 dedi
762 507 846 556 pro
867 500 1004 538 matre
1027 487 1260 537 ferendos:
1507 500 1568 534 ηδ

205 564 294 614 Sed
318 565 461 615 tenuit
482 577 649 633 coeptas
673 585 786 617 saeva
807 584 997 615 noverca
1016 565 1122 613 vias.

141 641 345 691 Medeam
365 642 494 691 timui
513 662 523 691 :
542 642 645 710 plus
669 655 735 692 est
758 641 919 692 Medea
941 661 1141 691 noverca.

205 718 375 768 Medeae
395 718 563 767 faciunt
584 718 640 768 ad
663 718 808 768 scelus
833 739 963 768 omne
986 737 1156 768 manus.

141 796 356 864 Spargere
381 815 479 863 quae
499 796 649 845 fratris
671 797 824 864 potuit
847 796 1010 846 laniata
1033 816 1113 864 per
1131 813 1263 859 agros

206 867 428 942 Corpora,
451 874 721 942 pignoribus
739 887 940 942 parcere-t
962 874 1038 923 illa
1058 873 1200 922 meis?
1514 885 1574 918 130

141 954 269 1002 Hanc
292 965 460 1018 tamen,
485 973 513 1002 o
539 953 740 1022 demem,
762 953 1033 1020 Colchisque
1057 951 1202 1001 ablate
1227 950 1430 1008 venenis,

206 1030 378 1080 Diceris
401 1030 672 1098 Hypsipyles
695 1033 996 1099 praeposuisse
1021 1043 1137 1080 toro,

139 1108 350 1175 Turpiter
369 1107 446 1157 illa
467 1105 611 1157 Virum
635 1110 849 1173 cognovit
876 1108 1076 1158 adultera
1092 1109 1218 1171 virgo
1238 1127 1247 1154 :

205 1186 284 1235 Me
306 1187 416 1246 tibi,
442 1198 574 1253 teque
597 1186 709 1235 mihi
733 1186 847 1235 taeda
868 1184 1031 1253 pudica
1055 1185 1191 1235 dedit.

141 1261 349 1311 Prodidit
370 1262 447 1312 illa
468 1275 641 1330 patrem
659 1283 669 1311 :
688 1264 819 1329 rapui
842 1263 895 1311 de
920 1262 1038 1312 caede
1060 1262 1293 1316 Thoanta3
1518 1270 1580 1304 135

211 1341 421 1390 Deseruit
443 1339 641 1390 Colchos
663 1359 673 1388 ε
692 1358 763 1388 me
785 1359 882 1389 mea
902 1341 1099 1389 Lemnos
1119 1337 1269 1386 habet.

142 1461 234 1497 hanc
261 1474 304 1497 eo
334 1461 503 1508 partubus
529 1474 675 1508 praeesse
689 1487 698 1504 ,
731 1459 827 1506 quod

141 1513 278 1549 Latona
294 1520 410 1549 mater
426 1526 505 1549 eam
519 1514 596 1549 sine
621 1512 743 1547 dolore
763 1525 828 1559 pe-

142 1565 297 1611 perisset.

189 1617 262 1653 123.
285 1618 329 1652 Sa·
342 1620 472 1663 quante.
490 1616 550 1652 Sic
573 1616 746 1652 meliores.
770 1615 826 1650 Ita

140 1681 207 1714 pro
212 1673 434 1714 cognosceris,
447 1668 518 1704 duo
530 1668 610 1704 libri
615 1671 803 1714 zgrnoscentr
815 1681 826 1702 .·

137 1720 209 1757 hoc
216 1715 268 1758 est
273 1725 468 1766 agnoscetis·
478 1734 487 1757 :

140 1781 232 1815 Huius!
239 1787 294 1807 ent
302 1781 382 1808 socies
391 1795 401 1814 i
413 1782 441 1808 in
449 1790 503 1817 qut
515 1786 651 1816 materque
662 1786 789 1815 paterque

142 1829 269 1863 Cognoui
280 1836 377 1864 posset.
515 1831 596 1857 Mnr.
611 1838 654 1862 xv,
669 1838 727 1865 ⁵9⁰·

143 1885 314 1932 Apuleius
339 1898 374 1923 v.
398 1888 547 1924 Metam.
565 1890 608 1923 In
629 1890 693 1923 boc
707 1890 831 1923 sallem

135 1940 278 1984 parvulo
284 1951 482 1985 cognoscam
482 1941 613 1988 faciem
624 1945 727 1975 tuam.
735 1940 759 1975 S
764 1947 830 1975 unt

144 1989 296 2039 Psyches
310 1991 417 2026 verba
435 1991 479 2026 ad
499 1993 679 2028 maritum.
707 1992 828 2038 Capo-

143 2043 303 2086 serreus3
336 2056 523 2090 cognoscor
538 2048 573 2080 ia
600 2047 683 2079 ilhlr.
706 2045 829 2080 Male:

148 2107 234 2130 nam
245 2094 371 2141 Jason,
382 2108 457 2131 non
466 2096 659 2145 Hypsipyle
670 2096 833 2144 cognosci

150 2145 300 2183 debebat
322 2147 551 2184 similitudine
576 2149 802 2194 parvulorum
821 2175 831 2192 ,

150 2205 192 2233 ut
214 2197 272 2234 illa
297 2211 445 2236 omnem
471 2200 706 2247 suspicionem
729 2201 833 2237 alieni

154 2250 224 2285 tori
239 2263 260 2286 a
273 2264 310 2286 se
325 2259 536 2288 removeret.

196 2315 269 2351 ¹²9·
299 2303 461 2350 spargent
489 2318 561 2351 que
574 2305 702 2350 sratnze
722 2308 836 2349 potuit

147 2358 302 2391 lacerata
319 2369 386 2401 per
404 2369 506 2402 ‚agros
534 2358 689 2402 Corpora.
712 2357 833 2392 Meta-

149 2407 260 2454 phora
285 2407 328 2444 ab
350 2408 528 2455 agricolis,
557 2409 618 2454 qui
639 2409 772 2444 semina
794 2410 833 2444 in

150 2466 259 2495 terras
287 2459 427 2506 proprie
456 2472 618 2507 spargere
642 2460 833 2497 dicuntur:

147 2511 197 2547 sic
211 2512 250 2547 in
268 2512 366 2548 Ibin:

149 2572 185 2598 Bt
196 2577 242 2598 tuo
254 2572 292 2598 sio
305 2572 371 2598 latos
384 2577 539 2606 spargantur
550 2572 666 2597 membra
678 2581 724 2606 per
733 2581 819 2605 ugron,

178 2621 316 2656 'I'nnqunm
327 2629 386 2655 qne
398 2622 495 2655 patrias
509 2622 644 2647 detinuere
654 2622 721 2647 vias.
735 2622 765 2647 C.

197 2670 269 2705 131.
289 2672 391 2705 Hanc
406 2675 530 2706 tamen.
558 2671 662 2706 Unus
680 2670 810 2717 Regius
821 2697 832 2714 ‚

152 2723 254 2758 Hanc
266 2725 289 2757 ό
303 2728 339 2758 tu
359 2725 497 2758 demens
519 2736 529 2758 .·
551 2723 653 2758 multi
672 2735 811 2769 quoque
823 2749 833 2767 ‚

160 2775 292 2809 Colchis
308 2777 423 2811 ablale
436 2803 446 2818 ‚
472 2775 527 2811 alii
546 2777 660 2811 oblate
671 2803 681 2818 ‚
709 2777 812 2810 oblite
824 2787 836 2810 0·

894 1471 960 1505 ego
978 1458 1068 1492 nihil
1095 1463 1197 1492 muto
1215 1468 1223 1491 :
1244 1457 1384 1490 ablatus
1402 1453 1580 1499 eleganter

893 1511 1028 1546 dictum
1040 1536 1050 1554 ,
1072 1522 1136 1556 pro
1152 1509 1190 1544 in
1209 1507 1387 1542 diversum
1402 1520 1421 1541 a
1434 1505 1579 1552 pristina

892 1562 1067 1599 sententia
1092 1568 1129 1596 et
1156 1573 1277 1596 amore
1299 1558 1472 1602 deducto,
1497 1557 1582 1592 alie-

892 1622 987 1650 nato.
1010 1615 1065 1649 Ita
1085 1626 1166 1648 mox
1179 1640 1188 1658 ,
1207 1626 1294 1648 vers.
1316 1613 1402 1647 150:

927 1676 1054 1709 Quosque
1068 1674 1199 1700 veneficiis
1211 1672 1323 1699 abstulit
1335 1672 1381 1697 ina
1392 1671 1460 1696 suis.
1481 1671 1581 1696 Burni.

943 1725 1015 1760 133.
1031 1724 1201 1760 Adultera
1216 1726 1321 1768 virgo.
1337 1722 1381 1756 In
1392 1720 1511 1755 multis
1522 1732 1584 1754 co-

886 1776 1028 1813 rdicibus
1039 1778 1197 1812 adultera
1208 1779 1310 1817 certe,
1325 1774 1363 1808 in
1374 1771 1582 1819 quibusdam

894 1834 986 1864 certe
1001 1833 1082 1872 esl;
1101 1835 1142 1865 ut
1156 1829 1301 1864 sortasse
1323 1824 1540 1872 legendum:

895 1890 1022 1922 Turpiter
1031 1889 1076 1914 iun
1086 1889 1172 1915 virum
1181 1889 1303 1922 cognovit
1311 1886 1445 1913 :adultera
1454 1890 1523 1910 certe
1534 1888 1583 1908 est.

898 1939 950 1974 Ut
967 1938 1124 1985 Epistola
1139 1936 1375 1985 praecedenti:

896 2000 939 2024 Sic
946 1998 1011 2024 secie
1021 1999 1143 2033 qinmvis
1154 1997 1289 2032 praesignis
1300 2016 1308 2028 ‚
1322 1996 1441 2021 adultera
1455 1998 1524 2019 certe
1533 1997 1584 2018 est.

897 2066 942 2074 —
974 2046 1070 2083 Cave
1106 2060 1152 2082 ne
1183 2046 1377 2092 quidquam
1408 2044 1586 2078 immutes.

901 2100 1000 2145 Quid
1017 2100 1116 2135 enim
1131 2099 1277 2146 effingas
1288 2125 1298 2143 ,
1313 2109 1385 2144 quo
1399 2108 1474 2131 non
1487 2107 1588 2142 praes-

897 2159 949 2187 tet
966 2154 1125 2186 adultera
1149 2155 1243 2196 virgo
1258 2152 1278 2186 ,Ρ
1297 2148 1499 2185 Burmanni
1514 2147 1588 2182 dili-

899 2205 1054 2251 gentiam
1072 2204 1184 2239 miror
1206 2203 1351 2249 quidem
1366 2216 1376 2244 ς
1400 2201 1462 2238 sed
1485 2199 1588 2246 iudi·-

894 2258 993 2297 Vcium
1010 2257 1133 2303 saepius
1145 2255 1315 2291 desidero.
1329 2273 1376 2281 —
1385 2255 1445 2289 Me
1454 2255 1520 2287 tibi
1524 2258 1589 2286 etc.

899 2309 1017 2356 Ipsam
1041 2323 1076 2345 se
1097 2307 1327 2344 commendat
1337 2334 1347 2352 ‚
1373 2303 1587 2353 exponendo

887 2362 1101 2409 ,simpliciter
1116 2372 1194 2407 quae
1209 2362 1273 2405 sit,
1303 2371 1382 2406 quae
1400 2358 1527 2400 suerit,
1553 2362 1588 2390 et

899 2416 1039 2461 qualem
1052 2428 1088 2450 se
1101 2413 1233 2449 Medea
1243 2412 1453 2460 praestiterit.

946 2468 1017 2502 136.
1045 2467 1212 2501 Deseruit
1248 2467 1407 2500 Colchon.
1446 2462 1589 2498 Colchos

898 2520 976 2555 libri
999 2531 1145 2563 omnes,
1167 2518 1274 2564 idque
1292 2523 1410 2557 recte;
1443 2515 1587 2550 Colchos

899 2573 995 2607 enim
1012 2584 1086 2606 non
1102 2571 1230 2606 dicitur
1241 2596 1250 2614 ,
1276 2569 1338 2604 sed
1359 2569 1487 2603 Colchi.
1506 2568 1587 2605 Κάλ-

904 2641 956 2670 χοι,
976 2631 1028 2661 καὶ
1046 2627 1162 2669 Κέλχις
1177 2621 1318 2658 Grecis.
1335 2620 1475 2656 Ennius
1499 2616 1588 2663 apud

901 2677 1067 2712 Priscian.
1084 2676 1127 2710 de
1145 2675 1299 2711 versibus
1319 2672 1476 2708 comicis:

899 2738 1024 2764 Petebant
1037 2738 1108 2762 inam
1123 2737 1218 2770 pellem
1232 2736 1378 2760 inauratam
1389 2732 1480 2757 arietis

900 2783 1004 2810 Colchis
1015 2782 1124 2817 imperio
1137 2782 1204 2815 regis
1217 2781 1294 2807 Pelius
1307 2788 1353 2814 per
1364 2779 1464 2805 dolum.
1499 2777 1537 2801 H.
1591 2779 1598 2786 '
