1884 3112
334 227 336 230 >
378 253 458 307 164

797 229 1154 301 EPISTOLA
1195 260 1345 305 v111.

369 344 493 408 Quid
516 344 641 403 facis,
666 337 878 394 AEacide?
899 367 989 395 non
1012 367 1108 396 sum
1128 349 1222 397 sine
1245 350 1437 410 vindice,
1463 352 1578 402 dixi:

431 421 538 469 Haec
563 421 645 468 tibi
668 421 751 468 sub
777 421 979 481 domino,
1005 424 1191 490 Pyrrhe,
1217 426 1362 492 puella
1386 447 1467 477 suo
1491 442 1569 479 est.

364 497 549 545 Surdior
571 496 642 545 ille
665 496 778 545 freto
801 497 1053 548 clamantem
1078 519 1241 549 nomen
1265 503 1435 551 Orestae
1486 523 1489 529 ¹

429 571 582 619 Traxit
604 572 816 622 inornatis
840 575 886 622 in
908 594 985 623 sua
1007 587 1119 624 tecta
1142 577 1289 625 comis.

1730 608 1769 631 10

366 649 488 712 Quid
512 650 704 711 gravius,
730 663 855 717 capta
878 652 1207 711 Lacedaemone,
1233 671 1355 701 serva
1378 654 1598 716 tulissem,

426 724 475 771 Si
498 737 671 790 raperet
695 726 848 774 Graias
872 727 1060 776 barbara
1083 730 1410 780 turba-nurus?

362 802 541 850 Parcius
564 803 903 852 Andromachen
926 806 1095 853 vexavit
1116 805 1283 854 Achaia
1304 807 1478 865 victrix,

426 881 579 943 Quum
600 881 778 929 Danaus
802 881 1015 947 Phrygias
1039 894 1186 930 ureret
1207 883 1323 945 ignis
1346 902 1464 950 opes.

360 957 513 1014 At⁰tu‚
539 976 642 1004 cura
661 957 748 1005 mei
771 957 808 1005 si
832 969 873 1006 te
897 958 971 1023 pia
995 958 1156 1020 tangit,
1183 959 1361 1016 Oreste,

1676 957 1768 1009 ‘15

423 1034 557 1099 Injice
578 1052 671 1082 non
694 1026 868 1081 timidas
891 1034 938 1080 in
962 1039 1037 1082 tua
1055 1034 1154 1098 jura
1175 1052 1343 1081 manus.

358 1112 452 1168 An,
476 1110 514 1157 si
539 1109 637 1175 quis
660 1110 803 1175 rapiat
826 1109 1012 1173 stabulis
1036 1121 1230 1158 armenta
1252 1109 1455 1170 reclusis,

423 1187 559 1234 Arma
579 1184 723 1233 feras?
744 1196 870 1250 rapta
892 1185 1078 1249 conjuge
1095 1222 1107 1243 ,
1131 1184 1278 1233 lentus
1301 1186 1415 1234 eris?

359 1264 427 1311 Sit
449 1282 573 1312 socer
596 1261 816 1328 exemplo,
841 1273 991 1328 nuptae
1013 1262 1225 1328 repetitor
1245 1263 1424 1312 ademtae
1439 1301 1453 1322 ,

402 1423 433 1458 9.
453 1409 659 1444 Clamantem
672 1421 790 1444 nornen
808 1410 945 1443 Orestae.
962 1409 1032 1443 Pu-

358 1469 500 1496 teaneus
519 1462 664 1495 Orestes.
680 1460 770 1506 Lege
791 1462 941 1495 Orestae:
957 1473 1030 1494 non

357 1513 454 1549 enim
486 1512 583 1546 aliter
602 1511 794 1546 secundum
819 1512 1031 1557 tertiumque

357 1577 475 1599 casum
491 1564 566 1609 ejus
578 1563 729 1598 nominis
743 1563 878 1597 meliori
891 1576 962 1597 aevo
979 1564 1032 1597 es-

357 1617 534 1651 serebant:
547 1615 612 1650 nisi
622 1615 714 1660 quod
727 1615 921 1650 Priscianus
932 1621 1031 1649 notet

355 1667 446 1702 libro
466 1674 581 1711 sexto,
606 1666 815 1701 Ciceronem
837 1673 872 1700 et
894 1666 1031 1700 Sallus-

351 1720 447 1757 ,tium
477 1718 584 1758 semel
610 1719 740 1752 Orestis
766 1730 846 1752 casu
876 1717 1030 1752 secundo

358 1771 565 1807 enuntiasse.
597 1771 713 1804 Oresti
734 1770 785 1803 es't
819 1767 910 1814 apud
943 1767 1030 1803 Gell.

354 1822 413 1857 lib.
423 1833 480 1866 111,
490 1835 561 1867 cap
576 1834 634 1855 10:
648 1820 906 1864 «,Herodotus
920 1820 1028 1854 homo

356 1872 558 1916 fabulator,
549 1886 586 1907 m
596 1872 713 1925 primo
724 1871 960 1917 historiarum,
973 1872 1031 1905 in-

358 1932 504 1959 ventum
514 1937 585 1959 esse
596 1923 658 1958 sub
671 1930 764 1957 terra
777 1923 908 1968 scripsit
920 1924 1035 1957 Oresti

357 1990 502 2022 corpus,
527 1975 642 2010 cubita
659 1974 883 2020 longitudinis
902 1974 1032 2008 habens

357 2036 499 2074 septem.
521 2042 538 2058 »
556 2027 689 2062 Hmns.

406 2093 457 2114 10.
495 2081 623 2114 Traxit.
661 2079 781 2112 Tradit
803 2077 1005 2112 Basileensis
1019 2104 1029 2121 ‚

360 2131 454 2166 unde
477 2130 644 2165 Heinsius
665 2130 749 2164 olim
763 2130 906 2165 faciebat
920 2132 1032 2163 trudit.

359 2184 436 2229 Ego
459 2182 545 2217 nihil
565 2188 664 2215 muto
690 2188 765 2216 :est
786 2181 881 2215 enim
896 2181 1032 2226 elegans

357 2234 527 2280 oppositio
538 2233 679 2267 violenti
689 2239 827 2278 raptus,
845 2239 880 2266 et
893 2231 1032 2277 placidae

357 2285 574 2320 deductionis
597 2296 729 2329 sponsae
752 2298 760 2319 :
779 2297 883 2329 quam
905 2283 1032 2318 ducere

358 2335 505 2371 debebat
515 2343 675 2370 ornatam
693 2343 728 2370 et
744 2342 936 2380 comptam,
953 2347 1031 2368 eam

358 2392 400 2422 vi
418 2392 525 2422 traxit
547 2390 711 2421 inomatzs
733 2389 878 2431 capillis.
909 2388 950 2420 In
968 2399 1033 2420 sua

359 2444 473 2475 castm
484 2466 493 2480 ‚
511 2439 616 2474 etiam
632 2438 808 2473 venustius
825 2438 979 2472 Gronov.
991 2438 1032 2472 B.

408 2504 458 2524 11.
478 2492 570 2533 Quid
577 2493 728 2534 gravius,
750 2494 853 2534 capta
870 2490 1034 2523 Lacedae-

361 2555 455 2576 mone
465 2568 474 2582 ‚
499 2555 594 2576 serva
609 2544 769 2577 tulissem.
795 2541 852 2577 Sic
867 2552 974 2586 prope
989 2539 1031 2574 de

364 2592 494 2627 Cerere
507 2619 515 2634 ,
535 2593 625 2628 Fast.
640 2603 679 2627 lv
689 2619 698 2636 ,
714 2593 776 2640 593
795 2605 802 2626 :

360 2653 432 2685 Quid
442 2654 512 2685 gravi

380 2744 382 2746 v
409 2701 457 2734 13.
481 2703 622 2734 Parcius
644 2701 901 2736 Andromachen
919 2713 1033 2733 vexa—

363 2756 410 2785 cst
418 2758 480 2786 etc.
491 2750 637 2796 Dejecta
648 2752 775 2797 quippe
785 2751 931 2800 conjuge
943 2751 1033 2786 Hec-

516 2661 544 2677 us
553 2654 650 2678 victore
657 2653 730 2686 Gyge
741 2652 842 2685 captiva
853 2651 988 2676 tulissem?
1001 2653 1028 2677 C.

1093 1414 1209 1453 toreo,
1227 1410 1366 1457 Pyrrho
1383 1409 1520 1456 nupsit;
1542 1420 1648 1456 quem
1662 1418 1763 1457 post-
1828 1425 1834 1431 ·

1094 1473 1199 1505 quam
1210 1487 1220 1505 ‚
1238 1461 1348 1505 (AEn.
1363 1474 1427 1507 111,
1445 1462 1532 1498 330:
1543 1462 1558 1506 )

1157 1522 1207 1544 Ere
1194 1526 1345 1553 enptaemag
1347 1529 1385 1546 οι
1379 1520 1536 1547 inflammata
1538 1529 1550 1546 s
1567 1531 1652 1548 amore

1093 1569 1231 1601 Coniugis,
1250 1574 1274 1593 et
1286 1570 1410 1594 scelerum
1422 1569 1498 1594 furiis
1509 1570 1619 1603 agitatus
1630 1571 1749 1603 Omnes,

1092 1617 1197 1649 Excipit
1207 1616 1349 1648 incautum,
1360 1618 1506 1651 pati-imque
1513 1619 1648 1646 obtruncet
1655 1621 1689 1645 ad
1696 1629 1766 1653 αι’-ες

1094 1664 1234 1699 Heleno
1265 1665 1395 1699 Priami
1413 1665 1489 1707 ,filio
1512 1667 1549 1700 in
1576 1668 1765 1713 conjugem

1093 1715 1211 1757 cessit;
1230 1728 1341 1761 eoque
1358 1728 1461 1751 sensu
1478 1718 1596 1753 minus
1610 1719 1729 1764 inique
1743 1731 1765 1753 a

1093 1767 1136 1801 ab
1146 1767 1273 1801 Achaia
1281 1767 1418 1803 victrice
1429 1773 1557 1805 maala
1566 1769 1632 1804 dici
1641 1771 1764 1815 potuit.

1141 1820 1190 1853 15.
1210 1820 1296 1853 Cura
1310 1822 1422 1853 meisi
1432 1824 1466 1853 te
1474 1823 1538 1864 pia
1552 1824 1670 1865 tangit.
1684 1821 1766 1856 Du-

1093 1870 1166 1905 bito
1181 1883 1224 1904 an
1241 1883 1337 1916 aeque
1353 1877 1445 1906 recte
1455 1884 1534 1906 cura
1543 1875 1606 1916 pia
1618 1871 1764 1916 dicatur,

1094 1934 1134 1956 ac
1141 1925 1291 1966 curapr'ae
1299 1926 1440 1967 sororis,-
1455 1923 1503 1957 ita
1512 1929 1605 1958 certe
1613 1923 1766 1969 loquitur

1095 1973 1204 2018 Epist.
1220 1984 1301 2017 xn',¹
1319 1974 1401 2009 123:

1094 2031 1132 2056 At
1145 2037 1173 2056 tu
1187 2032 1208 2056 si
1221 2041 1272 2065 qua
1284 2033 1331 2065 piae
1341 2051 1349 2063 ‚
1370 2034 1494 2067 Lyncea,
1508 2035 1556 2060 tibi
1571 2043 1634 2060 cura
1644 2035 1748 2062 sororis.

1097 2079 1219 2124 Quare
1228 2087 1263 2115 et
1271 2080 1327 2115 hic
1335 2089 1447 2126 posset
1456 2082 1522 2127 legi
1537 2094 1546 2117 :
1558 2083 1612 2117 A!
1619 2086 1670 2123 te,
1683 2094 1765 2118 cnm

1089 2135 1159 2175 pioe
1174 2134 1210 2164 si
1219 2132 1333 2175 tejam
1348 2136 1466 2176 tangit,
1481 2135 1608 2168 Oreste.
1622 2133 1693 2169 Sed
1702 2147 1766 2180 pa·-

1095 2195 1176 2216 rum
1198 2183 1292 2218 abest
1303 2209 1312 2226 ,
1337 2185 1424 2228 quin
1446 2185 1628 2229 praeferam
1649 2185 1764 2232 scrip.-

1095 2240 1211 2268 turam
1233 2233 1357 2269 codicis
1386 2235 1598 2271 Balliolensis
1619 2249 1629 2272 ε
1654 2238 1711 2273 A!
1729 2241 1766 2272 le

1095 2298 1201 2319 causa
1218 2289 1326 2320 meisi
1337 2290 1370 2320 te
1378 2290 1442 2330 pia
1455 2291 1576 2331 tangit.
1585 2290 1654 2322 Pia
1660 2281 1766 2326 σόων

1096 2337 1220 2381 passim
1231 2363 1240 2380 ‚
1265 2349 1328 2382 pro
1349 2337 1459 2383 justa,
1483 2350 1612 2383 aequa·
1627 2346 1666 2374 ut
1684 2351 1766 2377 mox

1095 2401 1182 2423 vers.
1203 2401 1275 2423 20:
1291 2388 1351 2423 ubi
1366 2389 1472 2424 etiam
1488 2390 1543 2424 alii
1557 2387 1700 2426 codices
1696 2393 1764 2437 pla

1096 2453 1188 2474 cum.
1203 2440 1333 2474 Bth.

1143 2493 1469 2536 17.Reclusis.Non
1484 2505 1584 2538 grave
1598 2491 1678 2528 satis
1691 2505 1765 2528 ver-

1094 2542 1181 2578 bum
1192 2569 1202 2587 ,
1231 2556 1297 2578 nec
1322 2551 1442 2589 aptum
1471 2543 1622 2590 raptori,
1647 2544 1708 2588 qui
1732 2544 1765 2578 vi

1089 2595 1279 2640 ,effi-ingere
1287 2596 1378 2631 sores
1389 2596 1580 2642 fingendus.
1596 2595 1676 2630 Vid.
1687 2606 1764 2639 xlv,

1096 2646 1244 2681 Metam.
1263 2648 1319 2693 781
1332 2674 1341 2691 ‚
1359 2642 1417 2682 u'bi
1433 2647 1476 2682 de
1493 2646 1617 2692 apertis
1633 2646 1764 2681 admo-

1095 2697 1181 2732 dum
1190 2698 1315 2733 leniter
1322 2699 1451 2733 foribus
1459 2698 1650 2733 adhibetur.
1658 2698 1764 2732 Forte

1095 2750 1227 2795 scripsit
1239 2752 1387 2793 revulsis,
1399 2749 1453 2785 vel
1460 2750 1622 2795 rcfiactrssr.
1635 2749 1765 2786 Bunm.
