1884 3112
413 809 845 867 EPISTOLAE
894 807 1629 878 DECIMAE-QUINTAE

755 972 841 1016 AR
854 971 1279 1016 GUMENTUM.
1315 942 1318 944 ’

365 1130 471 1170 Duas
491 1129 583 1169 olim
597 1130 752 1169 feminas
783 1129 935 1183 Sappho
956 1129 1133 1179 nomine,
1155 1137 1194 1168 et
1213 1137 1410 1181 utramque
1432 1128 1542 1168 laude
1562 1141 1725 1182 poeseos

311 1201 498 1255 insignem
527 1200 711 1239 exstitisse
740 1208 891 1239 narrant
922 1200 1078 1248 Suidas‚
1116 1199 1289 1239 AElianus
1313 1207 1352 1239 et
1375 1198 1459 1246 alii3
1488 1212 1559 1238 nec
1585 1198 1661 1238 ulla
1681 1211 1724 1238 ea

312 1270 357 1310 de
373 1284 413 1310 re
433 1270 638 1324 disputatio
662 1278 732 1310 est.
757 1270 833 1310 Sed
854 1269 1015 1309 multum
1044 1268 1179 1309 doctos
1206 1269 1306 1308 inter
1331 1267 1554 1323 ambigitur5
1583 1282 1630 1308 an
1660 1267 1723 1308 illa

313 1340 468 1395 Sappho
484 1368 496 1390 ‚
522 1341 631 1394 cujus
658 1340 861 1394 fragmenta
879 1340 1016 1379 merito
1046 1339 1167 1379 adhuc
1186 1338 1447 1389 celebrantur,
1478 1352 1521 1383 ea
1545 1339 1594 1379 sit
1611 1353 1723 1392 quae,

311 1427 431 1465 quum
442 1409 634 1450 Phaonem
651 1410 848 1463 quemdam
861 1410 1007 1464 perdite
1028 1410 1250 1460 adamasset,
1271 1424 1387 1463 seque
1405 1408 1451 1448 ab
1466 1408 1532 1449 illo
1547 1408 1723 1449 sensisset

310 1482 453 1536 negligi
468 1511 479 1532 .,
507 1481 625 1520 saltus
643 1481 817 1534 ingressa
836 1481 992 1529 viriles,
1025 1489 1070 1520 ut
1091 1495 1176 1520 cum
1195 1480 1353 1534 Papinio
1375 1479 1512 1533 loquar
1524 1508 1537 1530 ‚
1565 1478 1658 1519 Silv.
1674 1494 1699 1521 v
1711 1508 1724 1530 ,

313 1552 440 1592 Carm.
462 1563 527 1602 111,
540 1568 576 1592 v.
596 1550 669 1591 155
687 1581 698 1601 ‚
718 1567 800 1591 sese
813 1552 854 1590 in
873 1565 973 1590 mare
986 1580 998 1601 ‚
1015 1564 1058 1590 ex
1082 1552 1268 1599 Leucate,
1295 1549 1405 1603 Epiri
1429 1549 1698 1603 promontorio
1710 1577 1724 1599 ,

309 1622 464 1661 immisit
488 1622 732 1675 praecipitem.
768 1622 826 1660 Ex
848 1630 1008 1673 utraque
1023 1634 1134 1659 unam
1155 1621 1397 1672 eamdemque
1423 1619 1574 1661 videtur
1594 1620 1725 1660 secisse

311 1690 475 1732 Ovidius
507 1692 547 1730 in
581 1690 649 1730 hac
675 1690 847 1744 Epistola
860 1719 872 1740 ‚
907 1704 1019 1742 quam
1043 1690 1090 1728 ad
1118 1689 1307 1729 absentem
1341 1689 1503 1728 amicum
1533 1689 1724 1742 scripsisse

310 1762 467 1817 fingitur'
481 1790 494 1812 ‚
520 1776 639 1814 quum
661 1763 734 1815 jam
753 1760 852 1800 certa
870 1761 991 1809 mori,
1013 1760 1221 1799 Leucadios
1245 1759 1360 1799 saltus
1377 1759 1632 1798 meditaretur.
1658 1758 1724 1798 Ob

311 1832 445 1871 oculos
474 1845 621 1872 cannen
653 1831 835 1871 Ovidium
859 1829 1032 1870 habuisse
1061 1829 1211 1883 quidam
1241 1829 1472 1879 existimant,
1505 1842 1585 1881 quo
1613 1829 1723 1869 navi—

311 1910 460 1959 gantem
482 1901 522 1940 in
542 1901 704 1942 Siciliam
717 1899 911 1940 Phaonem
931 1900 1010 1953 ipsa
1032 1899 1184 1953 Sappho
1206 1906 1405 1952 prosecuta
1418 1886 1553 1938 fuerat}

367 1971 556 2012 Herodot.
576 1983 609 2010 11
625 2001 637 2021 ‚
668 1969 757 2011 165.
772 1992 826 2001 -—
844 1970 942 2010 Plin.
961 1980 1051 2008 xxn
1065 1999 1077 2021 ‚
1100 1967 1138 2010 8.
1159 1990 1214 2000 —
1230 1968 1429 2023 Palaephat.
1445 1969 1491 2008 de
1508 1966 1721 2008 Incredibil.

313 2043 459 2084 Histor-
481 2063 536 2074 -—
557 2041 764 2082 Athenaeus
778 2071 791 2093 ,
816 2052 896 2081 xm
910 2070 922 2093 ,
950 2056 988 2094 7.
