1884 3112
420 233 990 281 HYPERMNESTRA
1025 233 1318 282 LYNCEO.

1491 237 1580 300 249

162 329 310 396 Quam
331 339 381 378 tu
405 328 520 379 caede
541 328 673 397 putes
691 327 820 392 fungi
839 329 1041 396 potuisse
1062 329 1235 390 mariti,

226 409 429 458 Scribere
453 408 507 457 de
528 408 644 457 sacta
661 427 756 456 non
778 407 867 456 sibi
890 404 1004 457 caede
1029 404 1166 457 timet.
1305 402 1308 406 ⁴
1507 438 1510 442 ›
1540 425 1584 456 2¹0

161 485 251 536 Sed
272 498 417 535 tamen
441 485 668 553 experiar:
691 484 828 534 modo
847 483 962 534 facta
983 478 1242 552 crepuscula
1264 485 1419 544 terris;
1440 519 1443 523 ·

228 564 397 614 Ultima
419 584 521 632 pars
541 564 686 626 noctis
699 600 712 623 ‚
737 563 966 630 primaque
989 561 1101 611 lucis
1122 574 1215 611 erat
1234 583 1244 611 ε

163 642 382 692 Ducimur
403 631 634 691 Inachides
655 640 805 704 magni
826 640 911 689 sub
937 651 1051 689 tecta
1072 639 1296 707 Tyranni3

228 722 290 769 Et
311 739 437 770 socer
458 731 644 768 armatas
663 718 823 785 accipit
845 717 934 766 aede
957 737 1111 767 nurus.

163 797 375 864 Undique
394 795 616 846 collucent
637 795 881 862 praecinctae
903 795 1126 863 lampades
1147 815 1283 845 auro:
1547 810 1590 844 25

227 873 405 922 Dantur
425 873 474 920 iu
491 873 654 921 invitos
678 872 815 940 impia
838 884 937 921 tura
959 872 1098 921 focos.

162 1035 337 1083 calamum
349 1034 509 1076 tenebat3
524 1033 586 1069 sed
601 1046 647 1068 an
664 1039 758 1069 recte
774 1033 844 1069 hoc

162 1087 310 1132 dicatur,
320 1086 463 1129 dubito;
481 1093 518 1122 et
528 1085 654 1121 melius
663 1093 750 1132 puto
766 1099 845 1121 orsa

161 1142 303 1183 desim,
321 1139 357 1175 id
377 1146 429 1175 est
443 1139 592 1186 cogitata
603 1165 614 1183 ,
640 1152 738 1174 nunc
751 1138 844 1174 scri-

160 1193 279 1230 benda
294 1205 358 1239 per
372 1192 551 1234 dextram;
571 1203 649 1236 quae
664 1190 772 1226 modo
788 1190 846 1225 in-

161 1253 302 1293 ceperat
324 1246 453 1282 chartae
476 1244 723 1281 committere:
741 1250 782 1278 ut
807 1243 844 1278 in

163 1298 281 1334 Plauti
290 1298 368 1335 loco
377 1325 388 1344 ,
398 1300 493 1334 dicta
504 1299 697 1343 pra-pedire.
713 1296 846 1331 Bunm.

211 1364 262 1399 19.
288 1352 417 1386 Cede...
442 1353 566 1385 mariti.
599 1351 697 1384 Cede
722 1351 847 1382 marita

164 1403 276 1450 magis
284 1403 434 1438 Heinsio
443 1402 630 1445 arridebat,
644 1402 844 1443 innumera,

165 1469 232 1502 pro
247 1468 347 1491 more
357 1482 367 1500 ‚
386 1455 544 1501 exempla
557 1453 747 1497 referenti,
770 1464 848 1498 quae

165 1508 372 1556 opinionem
383 1514 580 1544 tuerentur.
591 1506 664 1541 Sed
677 1505 757 1551 quia
767 1518 848 1540 con-

165 1569 222 1598 tra
235 1561 401 1608 scriptos,
422 1559 599 1606 vulgatam
619 1559 847 1593 Burmannus

165 1615 303 1651 censuit
311 1611 536 1650 retinendam
547 1637 558 1657 ,
578 1618 614 1647 et
627 1623 691 1646 nos
706 1623 848 1657 quoque

163 1667 388 1704 retinuimus.

207 1733 262 1754 22.
291 1719 422 1754 misma
435 1731 519 1764 pars
542 1720 653 1753 nociti:
678 1723 744 1752 etc.
764 1716 847 1753 Pu-

164 1778 311 1808 teaneus
329 1779 366 1807 et
379 1785 438 1807 sex
461 1771 540 1806 alii:
556 1777 661 1806 recte.
692 1770 735 1804 ln
752 1769 849 1804 mul-

165 1831 240 1860 tam
253 1824 352 1859 enim
370 1831 514 1860 noctem
532 1829 708 1870 protracta
723 1834 822 1857 coena
834 1847 845 1865 ,

165 1877 232 1913 sub
240 1884 401 1912 exortum
410 1877 495 1912 lucis
503 1889 648 1921 sponsos
656 1887 739 1910 cum
747 1874 848 1909 novis

166 1929 286 1976 nuptis
293 1930 331 1965 in
338 1928 532 1965 thalamum
539 1928 613 1963 vult
621 1928 752 1963 ductos.
762 1927 850 1961 Haec

166 1989 247 2030 post
260 1995 398 2018 coenam
417 1982 505 2017 sacta
520 1980 578 2015 hic
593 1980 849 2015 describuntur.

171 2036 406 2080 Crepusculum
415 2034 522 2069 etiam
533 2032 576 2068 de
582 2032 757 2067 matutino
765 2038 853 2066 tem-

169 2099 256 2134 pore
271 2087 358 2123 dixit
374 2087 532 2122 Avienus
547 2085 585 2119 in
601 2085 808 2130 Prognost.:

169 2142 210 2168 At
219 2142 366 2168 decedenti·
377 2147 507 2176 postrema
517 2141 671 2174 crepuscula
680 2141 772 2166 noctis.
795 2139 833 2164 H.

171 2192 398 2227 Pron-actum
417 2191 618 2227 convivium
643 2190 687 2225 ad
710 2191 853 2226 instan-

170 2252 247 2280 tem
261 2257 425 2280 auroram
437 2270 447 2288 ‚
465 2251 608 2291 apparet
626 2257 668 2278 ex
685 2257 772 2279 vers.
790 2258 828 2291 71
844 2255 853 2277 ε

172 2296 235 2333 sed
247 2296 322 2332 haec
333 2296 488 2331 narratio
501 2309 519 2331 a
527 2309 669 2342 vespera
678 2295 855 2330 inchoatas

171 2349 312 2395 nuptias
320 2355 436 2394 potest
451 2349 633 2383 continere
645 2374 654 2392 ,
668 2356 704 2383 et
716 2347 854 2394 perdu-

172 2415 253 2437 cere
270 2401 315 2436 ad
331 2413 516 2438 auroram:
535 2401 614 2436 vide
631 2414 719 2436 vers.
733 2402 797 2443 33;
819 2407 855 2436 et

171 2454 241 2490 hoc
249 2481 259 2499 ‚
275 2456 374 2489 modo
378 2454 486 2499 facta
501 2457 698 2499 crepuscula
711 2454 854 2498 volunt,

173 2519 252 2554 quae
271 2507 315 2543 de
343 2508 546 2553 vespertino
567 2507 770 2553 crepusculo
791 2506 857 2542 de-

172 2559 261 2595 bent
270 2560 345 2606 capi
357 2573 366 2595 :
377 2572 463 2594 nam
477 2559 726 2595 deductionem
741 2559 777 2594 in
791 2559 858 2594 do-

177 2625 279 2647 mum
294 2612 414 2658 incipit
426 2625 570 2647 narrare
580 2638 589 2656 ‚
607 2625 684 2657 quae
699 2612 763 2647 sub
779 2625 858 2647 ves-

171 2678 297 2712 peram
313 2665 418 2700 fiebat
434 2679 443 2708 ;
467 2665 548 2700 ideo
562 2665 698 2711 praetuli
719 2664 858 2700 Ciosani

175 2717 386 2754 lectionem:

207 2778 309 2804 Ultima
321 2787 380 2813 pars
393 2778 460 2804 lueis
469 2798 477 2810 ,
489 2779 624 2814 primaque
635 2779 719 2804 noctis
730 2783 794 2804 erat.
808 2779 839 2805 B.

952 1033 1006 1068 23.
1041 1035 1200 1081 Tyranni.
1230 1034 1391 1078 Pelasgi,
1422 1031 1565 1078 quidam
1580 1046 1588 1073 ;

909 1086 986 1132 quis
999 1099 1083 1121 vero
1094 1086 1149 1121 ille
1161 1098 1302 1131 magnus
1316 1087 1483 1131 Pelasgus
1493 1089 1511 1122 ,Ρ
1523 1085 1593 1120 Da-

909 1151 1020 1173 naum
1034 1137 1090 1173 vel
1105 1139 1300 1185 AEgyptum
1315 1146 1409 1174 certe
1430 1139 1592 1184 Pelasgos

909 1191 1012 1226 fuisse
1037 1203 1113 1226 non
1143 1191 1210 1237 legi
1232 1204 1240 1226 :
1264 1198 1301 1225 et
1321 1191 1486 1225 Danaum
1517 1204 1591 1226 non

911 1250 1005 1278 recte
1018 1243 1205 1289 Pelasgum
1218 1243 1283 1277 dici
1296 1256 1393 1289 posse
1404 1251 1502 1289 pum,
1513 1243 1594 1278 licet

911 1296 960 1331 ita
972 1296 1139 1331 Heinsius
1152 1295 1195 1330 ad
1212 1296 1268 1330 lib.
1281 1307 1330 1339 11,
1347 1296 1423 1330 Art.
1434 1297 1494 1339 421
1509 1309 1517 1337 3
1530 1295 1591 1330 sed

913 1361 955 1383 ex
984 1349 1141 1397 AEgypto
1169 1348 1302 1384 venisse
1335 1355 1500 1382 narratur
1514 1374 1523 1391 ‚
1558 1354 1594 1383 et

913 1415 1024 1448 quum
1041 1402 1159 1448 populi
1175 1401 1223 1436 illi
1247 1408 1349 1436 antea
1371 1401 1506 1446 Pelasgi
1521 1413 1594 1434 vo—

912 1462 1095 1499 carentur,
1119 1456 1265 1489 Danaos
1279 1460 1397 1500 postea
1412 1466 1431 1487 a
1446 1466 1509 1488 suo
1524 1465 1595 1487 no-

913 1508 1010 1542 mine
1042 1507 1151 1542 dictos
1176 1506 1334 1541 habuisse
1347 1519 1355 1546 ;
1385 1518 1491 1551 quare
1519 1517 1593 1539 non

914 1559 1061 1596 absurda
1079 1559 1181 1606 Regii
1208 1566 1243 1593 et
1269 1565 1419 1604 quatuor
1446 1558 1595 1592 aliorum

912 1613 1074 1649 codicum
1083 1612 1199 1656 lectio,
1215 1611 1274 1657 qui
1292 1613 1327 1645 T
1316 1610 1595 1658 yramn'habeut,

913 1674 954 1702 ut
979 1666 1106 1712 passim
1133 1665 1263 1701 Noster
1286 1664 1334 1698 ita
1361 1677 1459 1710 reges
1486 1670 1597 1698 vocat.

914 1720 974 1755 Sic
989 1730 1003 1753 1
1015 1747 1024 1762 ,
1056 1720 1205 1754 Metam.
1223 1718 1287 1752 218
1303 1730 1311 1751 z

914 1781 1031 1806 Arcados
1040 1780 1101 1805 hinc
1113 1780 1185 1804 sedes
1195 1798 1203 1810 ,
1216 1785 1242 1804 et
1253 1778 1383 1811 inhospita
1394 1782 1462 1803 tecta
1477 1777 1599 1810 Tyranni

911 1832 1048 1865 Ingrediar
1060 1850 1069 1862 ,
1098 1830 1228 1855 traherent
1249 1837 1333 1862 quum
1360 1836 1416 1852 sera
1443 1825 1595 1860 crepuscula

1015 1886 1127 1906 noctem.

916 1929 985 1965 Alii
1001 1929 1143 1975 capiunt
1157 1927 1201 1962 de
1218 1927 1325 1962 domo
1340 1926 1474 1972 antiqui
1489 1925 1596 1971 regis,

917 1983 975 2029 qui
992 1982 1076 2016 olim
1093 1980 1195 2027 Argis
1206 1981 1457 2026 imperaverat;
1477 1977 1531 2012 vel
1547 1978 1596 2022 ip-

916 2036 985 2071 sius
996 2034 1139 2077 Inachi,
1155 2033 1210 2068 vel
1228 2032 1362 2078 Pelasgi
1378 2032 1453 2077 ejus
1469 2030 1542 2065 filii.
1554 2030 1596 2064 B.

962 2090 1014 2133 24.
1023 2090 1069 2122 Et
1075 2099 1174 2122 socer
1182 2090 1334 2120 armatas
1343 2091 1408 2119 etc.
1418 2084 1598 2131 EtAEgyp·

917 2148 972 2176 tus
991 2153 1103 2175 nurus
1115 2141 1243 2184 accipit
1260 2137 1377 2184 gladiis
1392 2137 1576 2171 instructas
1589 2162 1598 2179 ,

918 2207 1005 2240 quos
1017 2194 1090 2240 jam
1106 2192 1250 2227 Danaus
1266 2189 1330 2225 illis
1340 2189 1543 2225 tradiderat.
1555 2207 1600 2214 —

918 2249 983 2281 Ille
996 2273 1003 2286 ‚
1030 2245 1246 2291 complures3
1264 2242 1392 2278 rectius
1403 2243 1490 2282 oede,
1510 2254 1602 2276 unus

920 2299 1186 2343 Ambrosianus,
1203 2309 1310 2343 quem
1324 2295 1463 2341 sequuti
1478 2293 1601 2329 Heius.

919 2361 956 2390 et
970 2354 1095 2388 Burm.

964 2406 1016 2441 26.
1031 2407 1170 2440 Invitos.
1183 2402 1342 2449 Quidam
1358 2401 1492 2437 codices
1510 2403 1604 2434 auli-

919 2471 1001 2504 quos
1012 2458 1115 2503 socos
1132 2455 1297 2492 exhibent
1315 2467 1323 2489 :
1340 2454 1397 2489 hic
1417 2465 1520 2494 vere,
1543 2465 1600 2486 sc-

921 2511 1064 2558 quentia
1083 2510 1127 2545 de
1152 2510 1176 2544 J
1180 2521 1298 2544 unone
1323 2519 1400 2554 quae
1424 2505 1577 2551 fugiebat
1592 2531 1601 2548 ,

920 2565 1134 2601 confirmant
1158 2565 1281 2598 invitos
1294 2561 1398 2606 focos
1415 2572 1424 2593 :
1445 2558 1511 2593 nisi
1527 2557 1604 2602 quis

921 2619 1051 2653 iterum
1073 2620 1230 2661 antiquos
1238 2615 1345 2659 socos
1359 2641 1367 2653 ,
1393 2612 1483 2658 regis
1500 2610 1603 2656 prisci

922 2670 1057 2715 Pelasgi
1073 2669 1184 2715 capiat
1198 2694 1207 2711 ,
1230 2667 1285 2701 vel
1299 2666 1404 2711 ipsius
1416 2663 1500 2699 olim
1519 2664 1603 2698 Ina-

922 2723 988 2758 chi.
1002 2724 1094 2758 Nam
1104 2720 1253 2757 Ovidius
1262 2718 1365 2765 Argis
1371 2718 1461 2753 hanc
1471 2715 1602 2752 caedem

924 2775 1083 2812 accidisse
1094 2773 1211 2818 tradit,
1221 2780 1347 2808 utmox
1355 2769 1604 2807 videbimusB.
