1884 3112
243 236 270 278 8
737 232 1087 279 EPISTOLA
1117 233 1156 277 Ι.

304 324 455 389 Incola
479 325 650 392 captivo
677 344 773 392 quae
795 326 911 373 bove
933 325 1074 372 victor
1097 335 1206 372 arat.v

240 402 339 449 Jam
363 421 485 465 seges
508 414 575 450 est
605 402 684 450 ubi
706 400 840 465 Troja
862 400 970 458 fiiit3
993 399 1310 465 resecandaque
1334 398 1442 448 falce

304 479 517 526 Luxuriat
540 478 733 544 Phrygio
757 477 967 540 sanguine
991 476 1170 544 pinguis
1192 475 1372 524 humus:

240 554 532 621 Semisepulta
555 555 695 602 virum
719 554 861 602 curvis
884 553 1102 602 feriuntur
1125 553 1279 601 aratris
1610 566 1652 600 55

307 632 447 678 Ossa:
468 630 669 679 ruinosas
693 629 854 679 occulit
877 629 1015 678 herba
1039 629 1205 677 domos.

237 707 393 755 Victor
416 708 548 767 abes;
570 727 649 757 nec
674 709 782 756 scire
805 707 939 766 mihi,
963 726 1059 774 quae
1083 725 1212 755 causa
1233 706 1457 763 morandi,

301 785 429 834 Aut
417 805 464 833 ln
489 804 578 851 quo
602 784 736 834 lateas
758 785 923 834 ferreus
949 785 1082 842 orbe,
1100 783 1214 832 licet.

241 861 455 927 Quisquis
480 861 535 909 ad
557 861 651 910 haec
674 862 805 910 vertit
826 862 1101 928 peregrinam
1122 860 1253 909 litora
1276 861 1462 927 puPpim
1477 897 1488 918 ‚

294 936 382 984 Ille
406 937 515 984 mihi
540 937 593 986 de
618 949 660 986 te
683 937 822 986 multa
844 949 1026 1000 rogatus
1050 937 1169 994 abit;
1609 946 1654 982 60

238 1013 471 1079 Quamque
496 1015 578 1061 tibi
601 1015 778 1069 reddat,
802 1015 839 1058 si
864 1027 905 1058 te
930 1014 1064 1063 modo
1088 1014 1247 1062 viderit
1268 1032 1477 1078 usquam,
1524 1051 1525 1054 ,

301 1089 510 1138 Traditur
530 1089 635 1137 huic
660 1087 809 1150 digitis
834 1087 983 1136 charta
1005 1097 1157 1135 notata
1179 1087 1300 1135 meis.

238 1168 333 1215 Nos
357 1166 500 1233 Pylon
514 1203 525 1224 ,
546 1165 718 1231 antiqui
740 1164 895 1214 Neleia
915 1164 1119 1212 Nestoris
1143 1183 1266 1221 arva,

302 1243 509 1291 Misimus
529 1262 539 1291 ε
559 1243 724 1290 incerta
747 1253 814 1289 est
835 1240 948 1288 fama
970 1239 1150 1287 remissa
1173 1239 1296 1306 Pylo.

238 1320 445 1368 Misimus
470 1332 514 1368 et
536 1320 725 1386 Sparten
745 1338 754 1367 ε
776 1319 932 1385 Sparte
958 1334 1135 1382 quoque
1159 1316 1305 1364 nescia
1326 1316 1436 1374 veri,
1608 1332 1654 1366 65

304 1396 428 1459 Quas
450 1395 624 1443 habit-as
650 1406 809 1452 terras,
834 1405 910 1442 aut
930 1393 1011 1441 ubi
1034 1392 1180 1441 lentus
1204 1393 1321 1441 abes.

239 1471 406 1519 Utilius
430 1483 596 1520 starent
619 1471 749 1519 etiam
771 1489 889 1518 nunc
911 1470 1072 1519 moenia
1094 1469 1266 1517 Phoebi.

303 1550 505 1612 (Irascor
526 1548 753 1597 votisheu
774 1547 880 1595 levis
904 1547 1001 1613 ipsa
1023 1546 1131 1594 meis
1146 1547 1187 1607 Ξ)

241 1678 335 1724 quod
360 1690 435 1714 non
460 1677 580 1724 probo.
606 1676 664 1713 Sic
683 1678 794 1711 diruta
814 1677 891 1710 urbs
904 1703 914 1718 ,

241 1731 366 1765 Senec.
382 1730 514 1775 Quaest.
528 1735 598 1764 nat.
613 1740 658 1763 111
672 1754 681 1772 ,
698 1742 728 1762 2.
743 1735 778 1763 et
791 1727 916 1773 Agam.

290 1797 302 1816 1
321 1795 329 1817 Ζ

238 1783 281 1817 65
305 1835 404 1861 Moenia
415 1834 515 1860 Divum
529 1833 653 1859 fabricata
664 1841 740 1857 manu
749 1850 757 1863 ,

304 1884 408 1909 Diruta
421 1889 518 1908 nostra.

237 1938 274 1966 et
290 1931 412 1978 virgil.
428 1932 511 1966 AEn.
527 1943 565 1966 x1
578 1957 588 1975 ,
604 1943 689 1978 279:

236 1991 293 2017 Nec
306 1991 370 2016 mihi
379 2000 440 2016 cum
447 1991 556 2016 Teucris
566 1991 649 2016 ullum
658 1995 716 2024 post
723 1989 917 2016 dirutabellum

237 2039 374 2072 Pergama.

239 2088 299 2123 Sic
314 2088 410 2122 enim
433 2087 623 2134 legendum
637 2114 646 2132 ‚
662 2101 702 2123 ex
727 2087 917 2122 veterrimo

241 2139 413 2174 Vaticano
433 2141 550 2175 codice
564 2166 573 2184 ‚
590 2153 664 2174 non
685 2144 801 2181 eruta,
822 2146 861 2174 ut
879 2140 916 2173 in

240 2191 394 2237 vulgatis.
425 2191 472 2226 Et
490 2205 571 2227 sane
587 2219 596 2235 ,
619 2191 917 2237 quemadmodum

240 2243 316 2288 plus
333 2249 384 2278 est
398 2243 425 2278 si
441 2244 589 2289 dtlrjccla
604 2247 728 2278 moem'a
741 2270 750 2284 ,
769 2256 874 2288 quam
889 2242 918 2277 si

234 2295 375 2338 dejecta
386 2295 540 2331 dicamus
551 2322 561 2340 ‚
576 2296 623 2331 ita
635 2295 710 2340 plus
724 2303 775 2330 est
787 2298 914 2336 dimta,

241 2359 348 2392 quarn
363 2351 468 2382 eruta.
487 2349 620 2383 HEINS.

286 2400 338 2432 55.
363 2400 478 2434 Curuis
490 2400 666 2444 ferianmr
682 2402 807 2433 arata‘s
826 2410 916 2433 ossa.

241 2449 362 2494 Virgil.
378 2449 505 2497 Georg.
519 2463 534 2486 1
549 2477 559 2496 ,
577 2451 661 2498 496:

239 2507 295 2534 Aut
308 2508 429 2540 gravibus
446 2511 535 2535 rastris
549 2511 631 2543 galeas
643 2510 756 2544 pulsabit
771 2510 856 2535 inanes

235 2556 270 2601 Q
279 2557 318 2590 ui
331 2570 461 2601 versus,
478 2565 608 2602 quanto
621 2566 759 2603 praestet
769 2559 916 2594 ovidia-

239 2620 302 2651 no,
311 2620 372 2642 seu
379 2620 603 2644 numerosam
610 2610 796 2644 verborum
806 2610 916 2655 dispo-

239 2659 403 2694 sitionem
418 2685 428 2704 ,
440 2672 502 2694 seu
517 2660 691 2695 delectum
706 2662 914 2706 attenderit,

239 2723 347 2745 nemo
359 2723 440 2746 sane
452 2710 512 2745 diu
520 2711 712 2746 multumve
721 2714 900 2757 quaesierit.

278 2762 331 2797 63.
354 2763 477 2801 Neleia
489 2775 579 2801 ama.
596 2763 638 2799 In
657 2764 779 2809 quibus
789 2767 914 2803 Neleus

979 1675 1158 1722 regnavit,
1176 1675 1235 1721 qui
1251 1686 1306 1710 ΧΗ
1327 1674 1415 1710 filios
1437 1673 1602 1722 suscepit,
1615 1688 1656 1710 ex

981 1727 1104 1772 quibus
1118 1728 1247 1762 Nestor
1262 1739 1353 1761 unus
1367 1733 1551 1772 superstes.
1568 1727 1655 1762 Ho-

982 1792 1068 1813 mer.
1088 1779 1128 1813 Il.
1145 1785 1184 1815 A.
1205 1778 1337 1826 Hygin.
1355 1790 1388 1812 x.
1406 1777 1563 1813 CIOFAN.

1023 1838 1077 1873 66.
1099 1838 1175 1873 Aut
1197 1840 1258 1872 ubi
1277 1840 1387 1872 lentus
1410 1839 1502 1872 abes.
1528 1839 1657 1873 Lentus

979 1903 1068 1935 agas
1078 1917 1087 1931 ‚
1103 1890 1140 1924 in
1162 1890 1344 1925 chartaceo
1359 1890 1522 1925 Scriverii
1537 1904 1546 1933 ;
1561 1889 1657 1936 quod

980 1955 1052 1988 prae
1066 1941 1206 1987 vulgato
1221 1942 1331 1988 placet
1345 1968 1354 1986 ,
1370 1942 1398 1977 si
1413 1944 1546 1976 habiles
1567 1954 1657 1987 quo-

981 2007 1048 2039 que
1064 1994 1276 2039 reposueris,
1294 2000 1333 2028 ut
1348 1994 1385 2028 in
1400 2005 1473 2027 uno
1490 1992 1655 2028 Mediceo

981 2052 1098 2081 exstat
1112 2046 1245 2081 Hnms.

1023 2098 1075 2131 68.
1098 2099 1235 2131 Irascor
1253 2100 1342 2131 votis
1362 2098 1449 2131 heu.
1446 2100 1452 2119 '
1479 2097 1563 2131 levis
1576 2098 1656 2140 ipsa

981 2152 1073 2184 meis.
1085 2149 1215 2183 Sensus
1230 2155 1297 2183 est:
1305 2161 1386 2183 cum
1399 2147 1493 2193 prius
1505 2147 1656 2193 optarim

980 2207 1020 2235 ut
1042 2200 1189 2245 Trojam
1220 2199 1481 2245 quamprimum
1517 2206 1655 2233 everte-

980 2252 1081 2296 retis,
1098 2252 1169 2296 jam
1182 2277 1192 2295 ,
1211 2258 1344 2285 mutata
1362 2251 1553 2294 sententia,
1571 2253 1655 2285 meis

979 2303 1051 2348 ipsa
1071 2306 1159 2337 votis
1179 2305 1330 2345 immor,-
1347 2315 1431 2337 nam
1444 2304 1561 2337 utiltits
1579 2307 1655 2336 sta—

980 2359 1055 2389 rent
1077 2357 1179 2389 eliam
1201 2367 1287 2390 nunc
1310 2358 1434 2390 moenia
1453 2356 1581 2389 Phoebi.
1606 2354 1655 2389 Et

980 2406 1027 2441 sic
1040 2407 1113 2451 jam
1128 2406 1212 2440 olim
1225 2407 1291 2440 viri
1305 2406 1398 2442 docti
1412 2413 1653 2452 exposuerunt.

981 2458 1075 2492 Sunt
1098 2465 1216 2492 tamen
1231 2485 1241 2502 ,
1259 2458 1318 2503 qui
1339 2459 1386 2493 ita
1411 2458 1534 2492 malint
1557 2457 1653 2491 acci-

982 2522 1064 2554 pere
1079 2536 1088 2553 ,
1111 2516 1150 2543 ut
1171 2510 1226 2544 hic
1241 2522 1314 2545 non
1340 2514 1417 2545 vota
1437 2521 1500 2554 pro
1522 2507 1653 2543 excidio

978 2561 1072 2595 urbis
1087 2561 1203 2605 Trojae
1215 2587 1223 2604 ,
1236 2561 1296 2595 sed
1310 2560 1392 2595 illud
1404 2558 1650 2605 reprehendat,

980 2612 1073 2656 quod
1088 2611 1307 2647 antecedenti
1321 2624 1422 2646 versu
1437 2609 1653 2655 imprudenti

980 2663 1167 2707 exciderat,
1182 2666 1298 2698 utilius
1311 2665 1442 2696 starent
1452 2668 1515 2696 etc.
1535 2662 1651 2696 statim

979 2714 1049 2759 ipsa
1058 2714 1314 2760 corrigens.Sed
1323 2726 1395 2748 non
1404 2713 1498 2748 videt
1507 2712 1651 2747 Cl.Len-

980 2779 1048 2812 nep
1064 2766 1242 2812 quomodo
1248 2770 1359 2803 votum
1369 2765 1453 2802 illud
1464 2765 1529 2800 dici
1536 2765 1649 2811 possit.

1877 1097 1884 1109 .-
1878 1071 1884 1075 1
1879 1019 1884 1058 -ι
1872 900 1884 1006 ὼψῑνςηῐ
