1884 3112
333 737 887 810 HIPPOLYTI
936 737 1064 808 AD
1122 738 1636 817 PHAEDRAM

804 932 1168 978 RESPONsm,

280 1094 694 1151 SIDRONIO
743 1096 1177 1155 HOSSCHIO
1224 1097 1642 1154 AUCTORE.
1668 1102 1692 1126 *

316 1293 333 1310 *
348 1288 389 1322 P.
403 1287 600 1323 Burmanni
619 1286 816 1333 gravissima
832 1294 953 1323 aucto-

274 1339 373 1374 ritate
386 1338 519 1374 inducti
537 1338 619 1383 (vid.
630 1345 704 1373 not.
718 1339 792 1373 init.
806 1339 951 1385 praeced.

275 1391 404 1436 Epist.)
422 1391 567 1437 legimus
582 1396 616 1425 et
627 1403 691 1425 nos
705 1404 843 1436 quoque
859 1404 955 1435 egre-

270 1447 360 1487 giam
376 1442 466 1477 hanc
491 1440 673 1489 Hippolyti
702 1442 744 1476 ad
765 1442 954 1478 Phaedram

276 1495 559 1540 responsionem;
586 1492 713 1538 diuque
746 1494 824 1529 satis
846 1494 953 1529 haesi—

276 1559 354 1581 mus
373 1546 487 1589 dubii,
512 1551 632 1579 utrum
651 1543 833 1579 Ovidianae
851 1545 953 1590 Epis-

277 1598 354 1632 tolae
375 1597 626 1632 Hosschianam
651 1597 950 1642 appenderemus;

277 1663 322 1683 an
336 1649 517 1695 indignam
532 1648 678 1682 omnino
696 1648 928 1693 judicaremus
940 1675 950 1693 ‚

279 1713 355 1746 quae
371 1700 501 1735 Nasoni
520 1712 635 1734 comes
654 1698 850 1733 adderetur.
872 1700 952 1734 Hoc

278 1762 317 1788 ut
332 1754 522 1789 faceremus
534 1780 543 1797 ,
570 1753 768 1798 impellebat
781 1779 790 1796 ,
816 1766 883 1787 nec
905 1754 952 1786 ita

278 1819 400 1851 parum
411 1832 420 1850 ,
436 1806 499 1840 viri
511 1806 602 1840 sama
611 1832 620 1849 ‚
635 1818 740 1850 quem
750 1805 834 1839 nulli
845 1805 952 1839 aetatis

277 1871 347 1893 suae
364 1860 455 1904 (quae
468 1865 585 1893 tamen
602 1858 927 1904 ingeniorumserax
939 1885 949 1902 ,

278 1918 312 1946 et
338 1924 479 1956 poeseos
495 1911 610 1945 latinae
634 1910 755 1945 cultrix
773 1910 952 1957 studiosis-

279 1964 378 2005 sima)
393 1970 502 2009 poetae
518 1962 711 1998 secundum
726 1963 950 1999 Burmannus

280 2014 496 2060 praedicabat.
518 2015 727 2049 Deterrebat
743 2027 825 2049 vero
848 2016 950 2061 ipsius

235 2069 238 2073 ‘
280 2063 441 2112 Epistolae
451 2067 686 2111 mediocritas,
704 2080 780 2112 quae
788 2068 876 2115 stylo
891 2069 951 2103 Se-

279 2131 374 2154 necae
398 2119 505 2165 magis
519 2145 528 2163 ‚
554 2132 659 2164 quam
682 2118 799 2154 Ovidii
816 2145 826 2163 ,
849 2133 951 2156 cons-

1016 1287 1125 1333 cripta
1140 1287 1339 1330 videbatur;
1363 1295 1398 1322 et
1421 1301 1483 1333 per
1503 1288 1692 1323 verborum

1017 1339 1176 1384 ambages
1186 1364 1195 1381 ,
1212 1338 1266 1373 vel
1282 1338 1428 1372 nimiam
1439 1339 1692 1373 sententiarum

1018 1389 1250 1434 frequentiam
1260 1416 1269 1434 ,
1283 1389 1373 1424 ultra
1381 1388 1528 1424 modum
1545 1389 1695 1435 promis-

1018 1454 1073 1483 sa;
1099 1454 1172 1476 non
1197 1455 1238 1476 ea
1259 1441 1424 1486 tandem,
1445 1454 1522 1487 quae
1539 1441 1694 1487 primum

1017 1493 1111 1529 inter
1127 1495 1275 1529 auctoris
1298 1495 1478 1530 Poematia
1498 1494 1615 1528 locum
1636 1494 1695 1528 ob-

1018 1546 1136 1580 tineat.
1156 1546 1281 1591 Quum
1291 1547 1359 1581 sint
1371 1554 1489 1581 tamen
1502 1545 1670 1581 nonnulla
1683 1570 1693 1589 ,

1019 1610 1095 1643 quae
1111 1598 1229 1632 tollere
1243 1599 1325 1632 velis
1340 1605 1374 1632 et
1389 1598 1514 1644 possis,
1528 1610 1602 1632 non
1615 1610 1693 1632 earn

1016 1650 1136 1685 lectori
1165 1650 1396 1684 invidebimus
1412 1677 1421 1693 ,
1450 1650 1692 1696 integramque

1017 1702 1105 1737 illius
1121 1701 1248 1748 judicio
1264 1702 1509 1748 permittimus.

1060 1756 1170 1790 Natus
1192 1762 1266 1790 erat
1300 1755 1440 1790 Sidron.
1471 1752 1663 1789 Hosschius
1681 1777 1691 1795 ,

1018 1807 1134 1853 gallice
1149 1809 1299 1857 Hossch,
1319 1807 1356 1841 in
1376 1806 1518 1853 regione
1538 1803 1693 1851 Iprensi,

1016 1858 1060 1892 A.
1082 1859 1127 1893 D.
1152 1860 1255 1907 1596;
1277 1859 1429 1905 Tungris
1447 1858 1553 1901 obiit,
1571 1858 1592 1901 4
1614 1868 1694 1900 sep-

1016 1913 1122 1946 temb.
1150 1912 1253 1956 1653,
1277 1912 1474 1947 carminum
1498 1908 1599 1946 laude
1631 1907 1694 1942 cla-

1016 1977 1092 2007 rus3
1116 1965 1286 2000 virtutum
1307 1966 1419 2008 sama,
1446 1963 1580 1999 clarior.
1597 1959 1693 1995 Illius

1016 2029 1121 2062 opera
1138 2016 1341 2062 Antuerpiae
1356 2016 1511 2062 primum
1526 2013 1666 2049 collecta
1679 2034 1691 2051 ,

1020 2070 1120 2112 1656,
1144 2068 1262 2103 denuo
1288 2068 1397 2104 edidit
1417 2069 1572 2109 Barbou,
1591 2065 1694 2101 Pari-

1014 2121 1071 2156 siis
1081 2147 1090 2164 ‚
1111 2122 1203 2168 1723.
