1884 3112
338 239 426 285 366

779 243 1133 289 EPISTOLA
1178 246 1293 291 XX.

401 331 704 399 Consultoque
727 334 792 382 fui
812 335 923 400 juris
948 355 1090 385 amore
1113 337 1242 386 vafer.
1695 355 1739 388 30

332 411 401 459 Sit
423 412 539 460 fraus
560 411 663 460 huic
686 430 849 460 nomen
871 413 986 462 facto
1003 451 1014 472 ‚
1043 413 1246 480 dicarque
1268 410 1448 464 dolosus
1469 435 1480 474 ;

397 487 445 535 Si
469 499 611 535 tamen
634 498 720 545 est,
747 488 868 554 quod
890 508 1005 538 ames
1025 489 1133 538 velle
1157 501 1323 548 tenere,
1351 491 1492 539 dolus.

330 565 401 611 En
424 564 581 613 iterum
603 565 770 623 serib0,
793 565 1008 632 mittoque
1032 567 1234 629 rogantia
1255 562 1414 616 verbai

393 640 544 689 Altera
566 641 684 690 fraus
707 642 799 691 haec
824 655 910 700 est;
937 643 1142 710 quodque
1167 645 1382 710 queraris,
1406 646 1556 696 habes.

326 718 375 766 Si
397 737 562 777 noceo,
588 719 710 785 quod
731 738 856 778 amo;
881 719 1042 778 fateor,
1070 721 1163 768 sine
1186 720 1271 769 fine
1295 722 1490 782 nocebo;
1612 775 1618 778 ,
1691 737 1736 773 35

391 796 542 862 Teque
563 808 731 862 petam,
758 816 908 846 caveas
930 809 979 846 tu
1001 797 1104 846 licet
1123 798 1219 864 ipsa
1237 799 1343 864 peti.

324 872 409 921 Per
432 872 598 935 gladios
616 873 690 922 alii
712 874 893 940 placitas
916 893 1097 940 rapuere
1120 874 1318 940 puellas:

388 949 561 1016 Scripta
581 950 691 997 mihi
712 962 835 999 caute
859 950 985 999 litera
1009 952 1171 999 crimen
1195 952 1313 1000 erit?

321 1025 381 1073 Di
403 1025 583 1083 faciant,
607 1026 776 1092 possim
795 1026 944 1092 plures
967 1027 1191 1094 imponere
1214 1029 1385 1077 nodos!

388 1103 453 1149 Ut
473 1113 549 1150 tua
569 1102 627 1150 sit
647 1101 769 1151 nulla
791 1102 932 1152 libera
954 1115 1076 1170 parte
1099 1103 1221 1153 fides.
1690 1121 1734 1165 40

323 1178 449 1228 Mille
468 1179 560 1227 doli
577 1191 745 1228 restant
764 1197 775 1226 ε
795 1179 907 1229 clivo
932 1181 1140 1230 sudamus
1162 1182 1209 1229 in
1231 1181 1346 1230 imo:

383 1248 533 1303 Ardor
554 1256 830 1322 inexpertum
850 1256 914 1303 nil
939 1257 1053 1306 sinet
1077 1277 1169 1306 esse
1192 1277 1328 1306 meus.

321 1333 391 1381 Sit
412 1332 618 1391 dubium,
643 1333 847 1399 possisne
872 1334 990 1400 capi;
1016 1336 1246 1401 captabere
1269 1346 1396 1383 certe.

361 1447 414 1482 30.
447 1448 676 1491 Consultoque.
703 1446 826 1481 Douza
853 1447 992 1482 tmesim

315 1499 389 1534 vult
403 1512 474 1535 esse
486 1525 495 1543 ‚
511 1502 662 1533 consulto
668 1500 760 1544 juris
772 1526 780 1541 ,
800 1508 866 1545 pro
879 1501 993 1534 Jun's—

315 1555 467 1587 consulto
477 1579 486 1594 ‚
501 1564 618 1586 amore
631 1565 639 1587 :
651 1551 712 1586 sed
729 1564 792 1598 ego
809 1558 895 1597 puto
909 1565 992 1587 sen-

313 1618 392 1640 sum
412 1617 482 1639 esse
496 1630 505 1648 ‚
525 1607 676 1639 consulto
697 1617 807 1638 amore
818 1605 885 1648 fui
895 1606 997 1649 vafer

308 1659 416 1706 jun's:
425 1670 510 1691 nam
525 1664 559 1691 et
569 1657 669 1701 vafer
676 1657 813 1702 proprie
827 1656 870 1690 de
882 1657 906 1690 J
910 1657 990 1691 uris-

314 1709 471 1745 consulto
484 1735 494 1752 ‚
511 1715 546 1743 et
564 1709 600 1742 in
620 1708 757 1742 bonam*
767 1715 902 1752 partem
922 1720 989 1742 su-

315 1761 432 1795 mitur.
457 1759 547 1795 Vide
578 1759 708 1794 Acron.
733 1758 776 1792 ad
803 1759 928 1792 Horat.
947 1769 986 1802 1,

313 1812 386 1848 sat.
400 1822 446 1847 111
458 1838 467 1855 ,
490 1811 561 1845 130.
578 1810 707 1845 Bussm.

356 1864 410 1908 34.
432 1866 539 1898 Maus
554 1864 623 1896 hoec
639 1866 702 1896 est.
716 1864 824 1896 Fraus
837 1863 901 1896 boc
915 1865 984 1902 est,

313 1914 491 1949 Leidensis
516 1920 552 1948 et
577 1910 808 1947 Lov'aniensis.
835 1912 926 1948 Vide
943 1913 986 1947 ad

315 1965 422 2012 Epist.
439 1976 469 1999 Η
483 1991 492 2009 ,
510 1965 581 1999 155.

353 2018 406 2052 36.
436 2019 544 2062 Teque
555 2020 670 2061 petam
685 2029 806 2051 caveas
827 2021 863 2051 tu
882 2019 982 2058 licet,

306 2073 380 2114 ljose
389 2074 512 2114 petam.
528 2070 743 2105 Inconciuna
758 2070 910 2105 hocloco
925 2084 984 2104 re-

308 2121 429 2168 petitio
442 2134 450 2156 :
467 2134 568 2166 usque
577 2125 693 2165 petam
709 2121 780 2155 duo
794 2121 889 2163 libri;
904 2135 984 2166 qua-

308 2180 389 2208 tuor
405 2173 481 2216 alii,
496 2176 572 2217 ipsa
581 2176 676 2217 peti:
692 2179 784 2208 recte
796 2185 804 2207 :
816 2181 929 2218 posset
947 2180 982 2208 et

306 2223 374 2270 legi
388 2250 398 2268 ,
425 2225 533 2269 Teque
543 2251 551 2266 ,
574 2228 651 2268 peti
668 2238 790 2259 caveas
817 2228 853 2258 tu
878 2227 978 2266 licet,

306 2288 408 2320 usque
417 2280 542 2319 petam.
557 2277 650 2312 Nam
664 2277 878 2322 Argentinus
887 2302 896 2320 ,
915 2278 981 2310 Te-

305 2339 367 2372 que
387 2331 478 2370 peta.
506 2327 637 2362 HEINS.
668 2328 750 2362 Non
777 2327 878 2362 video
901 2327 980 2362 satis

305 2378 387 2423 quid
411 2378 580 2424 significet
602 2379 657 2413 hic
670 2405 679 2422 ,
698 2381 730 2414 τὸ
750 2392 871 2413 caveas
883 2405 890 2418 ,
915 2379 981 2413 nisi

305 2442 346 2463 ex
367 2430 444 2474 jure
470 2430 551 2464 velis
576 2430 740 2475 explicare
765 2443 846 2464 cum
867 2430 979 2464 Bers—

305 2493 438 2515 manno
454 2488 489 2516 et
505 2482 586 2516 aliis.
603 2483 646 2516 In
662 2482 870 2517 Lovaniensi
886 2488 976 2525 erat,

303 2536 390 2567 nollit
398 2537 439 2566 ‘tu
451 2536 533 2567 licet
545 2537 622 2576 ipsa
632 2538 727 2577 pet1'‚·
740 2533 833 2578 quod
845 2533 978 2578 planius

304 2596 375 2618 esst·
393 2591 487 2629 puto.
500 2585 763 2629 Boanuum
775 2611 784 2629 ,
803 2585 876 2630 ipso
892 2592 976 2620 teste

305 2635 453 2669 Heinsio
468 2662 477 2679 ,
494 2636 531 2670 in
548 2636 682 2671 duobus
699 2637 792 2672 libris
813 2638 856 2672 sit
876 2650 977 2683 usque

301 2692 416 2732 petam
427 2715 436 2729 ‚
454 2689 572 2723 malim
590 2690 753 2734 quidem:

330 2746 418 2779 Teque
428 2751 511 2780 petam
521 2765 530 2778 ,
543 2755 632 2773 caveas
643 2751 671 2772 tu
683 2747 743 2773 licet
756 2756 837 2779 usque
845 2746 910 2780 peti.

1056 1447 1247 1493 Sequentia
1267 1447 1351 1493 quin
1368 1446 1487 1482 Ovidii
1506 1446 1597 1492 sint,
1615 1446 1730 1483 nullus

1057 1499 1187 1534 dubito.
1206 1500 1368 1534 Lunna

1097 1552 1149 1597 37.
1159 1553 1369 1595 Pergladios.
1379 1547 1521 1585 Curtius
1529 1561 1582 1593 lv,
1594 1563 1622 1584 1.
1635 1550 1736 1594 Quod

1053 1603 1120 1635 alii
1123 1615 1189 1645 per
1194 1605 1287 1645 ignes
1293 1601 1484 1646 ferrumque
1487 1605 1651 1645 peterent.
1663 1602 1728 1647 Ep.

1054 1663 1133 1686 xvn
1144 1679 1153 1696 ,
1179 1653 1242 1695 245
1256 1678 1265 1695 ,
1286 1652 1420 1687 diverso
1445 1652 1599 1698 paullum
1624 1665 1728 1688 sensu

1053 1703 1147 1738 ducit
1161 1703 1309 1738 Ovidius
1322 1717 1331 1738 ε
1706 1714 1709 1717 “

1084 1758 1136 1783 Ibit
1148 1767 1194 1791 per
1204 1759 1300 1791 gladios
1318 1758 1376 1791 (hei
1386 1758 1463 1783 mihil
1473 1759 1484 1791 )
1497 1764 1583 1784 noster
1595 1767 1675 1784 amor.

1051 1808 1196 1851 Btgridas
1210 1819 1346 1851 rapuere
1356 1834 1365 1848 ‚
1383 1807 1563 1842 Bersman.
1579 1808 1617 1842 in
1629 1820 1725 1842 mar·

1052 1859 1130 1904 gine
1144 1884 1152 1901 ,
1171 1871 1212 1892 ex
1226 1858 1342 1892 codice
1359 1871 1432 1892 suo.
1446 1859 1576 1893 Bmufl.

1094 1910 1147 1957 39.
1168 1910 1379 1954 Dt‘saczant‚
1391 1913 1518 1954 possim
1530 1912 1645 1954 plures
1658 1913 1725 1945 ἰηι-

1042 1976 1167 2008 ponere
1180 1965 1294 1997 nodos.
1307 1964 1427 1997 Plures
1435 1967 1563 2008 possim
1577 1966 1643 1998 tibi
1648 1977 1722 2008 po-

1048 2027 1125 2048 nere
1143 2016 1247 2049 nodos
1268 2014 1399 2049 Moreti
1421 2014 1527 2049 codex
1539 2040 1549 2059 ,
1566 2020 1723 2050 venuste.

1049 2065 1158 2111 Epist.
1175 2077 1232 2110 ιν,
1254 2066 1313 2100 135
1328 2080 1336 2107 ;
1354 2072 1472 2100 tamen
1487 2077 1495 2099 :

1078 2123 1208 2156 Imposuit
1219 2124 1299 2148 nodos
1313 2124 1356 2148 cui
1370 2124 1459 2148 Venus
1474 2123 1530 2156 ipsa
1541 2132 1612 2148 snos.
1633 2124 1669 2148 H.

1089 2173 1142 2215 41.
1168 2173 1260 2206 Clivo
1275 2173 1432 2206 sudamus
1445 2174 1481 2205 in
1491 2174 1566 2206 imo.
1583 2171 1626 2206 In
1640 2171 1720 2217 qui-

1043 2223 1202 2266 busdam,
1210 2226 1297 2258 clivo
1303 2225 1462 2257 sudamus
1468 2226 1504 2257 ite
1510 2226 1587 2257 isto.
1596 2224 1717 2259 NAUG.

1046 2275 1224 2310 Proverbii
1240 2276 1388 2320 speciem
1405 2274 1477 2310 haec
1501 2276 1605 2309 verba
1621 2287 1718 2320 prae—

1043 2329 1134 2363 serre
1152 2335 1291 2373 apparet
1303 2340 1343 2361 ex
1355 2327 1522 2362 Petronio
1532 2353 1542 2370 ‚
1555 2340 1584 2361 c.
1598 2337 1695 2361 nvn
1708 2340 1718 2362 :

1043 2382 1116 2415 Nec
1130 2382 1240 2413 adhuc
1254 2382 1440 2413 sciebamus
1450 2405 1458 2418 ,
1476 2391 1538 2413 nos
1554 2381 1590 2412 in
1608 2380 1719 2415 medio

1043 2435 1249 2466 lautitiarum
1259 2459 1266 2471 ,
1287 2434 1376 2476 quod
1386 2435 1499 2472 aiunt,
1516 2431 1603 2466 clivo
1618 2433 1715 2466 labo-

1042 2496 1123 2516 rare.
1143 2483 1313 2517 Alludunt
1334 2482 1376 2517 ad
1392 2482 1482 2517 hanc
1505 2482 1714 2517 sententiam

1042 2535 1098 2568 illa
1115 2535 1309 2580 Propertii,
1328 2546 1361 2578 1,
1376 2534 1472 2579 Eleg.
1485 2544 1572 2577 x111‚
1588 2547 1604 2579 7
1618 2545 1627 2567 :

1041 2594 1159 2619 Perditus
1171 2594 1198 2618 in
1211 2594 1322 2626 quadam
1332 2593 1410 2618 tardis
1424 2593 1560 2625 pallescere
1571 2592 1642 2616 cui-is

1072 2642 1170 2674 Incipis
1177 2660 1186 2672 ,
1199 2646 1225 2665 ot
1234 2642 1316 2674 primo
1329 2642 1415 2674 lapsus
1425 2641 1496 2665 abire
1506 2640 1597 2673 gradu.

1041 2690 1113 2724 Ubi
1142 2702 1223 2724 cum
1248 2689 1395 2724 Heinsio
1420 2689 1539 2723 malim
1552 2714 1562 2731 ,
1588 2689 1708 2722 lassus.

1039 2746 1110 2778 Ima
1125 2746 1210 2780 cliuo
1223 2755 1307 2778 vero
1321 2749 1413 2785 recte
1430 2741 1578 2777 vindicat
1595 2741 1710 2777 Hein-
