1884 3112
659 250 1176 299 HALIEUTICON.

1549 251 1633 308 441

203 345 388 411 Semper
409 342 450 392 ei
473 341 654 402 similis,
681 362 814 411 quem
831 344 1028 408 ‚contigit
1049 351 1064 393 ἐ
1087 354 1221 410 atque
1243 341 1325 391 ubi
1348 342 1540 410 praedam

204 421 478 471 Pendentem
499 421 606 470 setis
631 420 786 471 avidus
809 422 950 490 rapit,
974 421 1048 470 hic
1073 437 1254 488 quoque
1271 419 1387 469 fallit

203 497 338 548 Elato
361 497 553 557 calamo,
580 518 720 566 quum
741 499 918 548 demum
942 517 1138 549 emersus
1156 498 1204 548 in
1224 504 1353 547 auras
1594 513 1638 547 35

204 576 394 625 Brachia
416 575 641 635 dissolvit,
664 576 1018 646 populatumque
1036 576 1216 643 exspuit
1238 575 1434 626 hamum.

269 653 334 702 At
356 652 506 717 Mugil
533 653 671 704 cauda
693 655 961 722 pendentem
985 654 1215 705 everberat
1238 673 1403 713 escam,

175 751 180 755 ·
203 731 538 798 Excussamque
562 730 684 796 legit.
711 735 868 800 Lupus
893 733 983 782 acri
1005 732 1207 782 concitus
1227 731 1312 790 ira,

205 807 424 858 Discursu
446 808 588 858 fertur
607 809 729 859 vario
745 847 757 868 ‚
782 810 1032 878 fluctusque
1059 810 1250 860 ferentes

202 885 525 953 Prosequitur,
552 899 820 955 quassatque
845 900 1001 956 caput,
1028 889 1137 938 dum
1153 887 1336 937 vulnere
1361 905 1500 936 saevus
1596 902 1639 945 41»

201 963 369 1012 Laxato
392 963 519 1012 cadat
541 963 721 1024 hamus,
747 975 793 1015 et
814 986 891 1016 ora
910 966 1110 1034 patentia
1132 965 1322 1033 linquat.

200 1041 294 1090 Nec
315 1041 519 1108 proprias
542 1042 657 1096 vires
679 1043 821 1093 nescit
845 1045 1047 1095 Muraena
1069 1044 1288 1103 nocendi;

201 1117 475 1186 Auxilioque
500 1119 593 1178 sui,
619 1138 772 1170 morsu
796 1140 877 1170 nec
900 1122 1104 1171 cominus
1128 1122 1219 1170 acri

234 1263 300 1289 Hae
311 1272 348 1290 aa:
358 1262 476 1298 legatam·
485 1264 620 1290 mmmd-
632 1265 718 1291 cii-em
730 1264 816 1291 habet.
833 1265 871 1292 Η.

202 1311 443 1357 -Μιιὶαίςιιε-
455 1314 631 1359 mumque
638 1340 648 1355 ‚
666 1313 831 1349 Ambros.

246 1362 302 1400 33.
323 1365 361 1401 A
362 1369 440 1411 tque
454 1367 672 1410 ubipraedam
683 1368 889 1401 Pendentem

202 1420 286 1452 retis·
294 1420 415 1452 aoidm·
427 1424 491 1453 etc.
503 1418 744 1465 Pantagathus
758 1418 889 1465 legen-

202 1467 291 1504 dum
302 1469 438 1516 putavit
447 1495 457 1514 ‚
469 1473 555 1505 setis
563 1497 573 1511 ‚
588 1483 664 1505 non
679 1474 762 1505 laetali·
773 1483 784 1505 .·
796 1483 890 1506 vere.

167 1528 174 1533 ·
202 1520 355 1567 Equinis
364 1521 463 1558 enim
475 1548 486 1567 ,
506 1528 548 1557 nt
561 1530 659 1558 nnnc
670 1535 810 1568 quoque
825 1521 866 1558 fit
877 1548 888 1566 ,

201 1573 284 1609 setis
306 1573 391 1609 albis
410 1573 456 1608 ad
475 1574 742 1620 mpendendos
759 1575 890 1610 hamos

200 1625 381 1672 captandis
393 1625 540 1673 piscibus
558 1639 637 1663 usos
653 1627 782 1673 priscos
794 1653 804 1671 ,
823 1626 891 1662 do-

200 1683 258 1713 cet
271 1677 483 1715 Plutarchus
503 1678 542 1714 in
559 1678 676 1715 libello
694 1680 752 1715 De
768 1680 890 1713 indus-

200 1731 269 1769 tait
285 1732 506 1774 wmah'um5
527 1730 674 1777 ejusque
699 1731 751 1766 rei
772 1731 904 1770 ratio-2

0 1778 287 1817 *duem
302 1781 417 1818 adfert
433 1782 618 1829 Oppianus
633 1810 643 1827 ,
660 1782 750 1818 libro
766 1794 823 1819 111.
847 1782 891 1818 C.

0 1817 121 1930 N

244 1833 307 1878 34.-
321 1835 440 1874 Falla.
454 1832 566 1871 MSS.
579 1837 708 1871 struit:
726 1841 762 1869 et
785 1846 890 1880 supra

205 1885 244 1919 in
263 1885 336 1920 fine
352 1886 502 1931 proximi
515 1899 635 1923 versus
653 1893 730 1932 post
739 1889 890 1931 predam

202 1935 365 1982 adjicitur
378 1963 388 1982 ,
408 1941 595 1983 pmdaoet,
624 1938 719 1984 quod
735 1938 805 1973 huc
824 1949 891 1973 re-

200 1989 278 2024 sero
291 2016 302 2034 ,
320 1997 362 2026 ut
376 1991 578 2033 restituam:
595 1994 674 2026 kuic
685 2004 811 2037 quoque
826 1993 893 2025 ad-

203 2043 307 2081 havet
315 2044 423 2078 Elato
431 2047 578 2080 calamo.
588 2046 681 2080 Huic
692 2057 740 2080 sc.
749 2043 874 2089 praedae
886 2056 895 2081 z

203 2097 239 2129 τὲ
258 2097 410 2132 adheret
423 2096 630 2142 absorptum
651 2103 726 2132 erat
744 2097 781 2131 in
795 2110 893 2141 prar-

204 2148 313 2183 daoemt
328 2174 338 2191 ,
371 2155 477 2194 atque
500 2149 549 2184 ita
572 2150 703 2185 sactum
717 2175 727 2193 ,
747 2151 864 2194 preda
880 2175 890 2189 ‚

204 2203 266 2234 ret.
303 2198 530 2246 Coniectura
551 2214 641 2238 meae
665 2202 894 2247 adstipulatur

205 2251 299 2286 Plin.
307 2252 331 2287 Ι.
341 2263 459 2298 xxxa,
467 2267 496 2290 c.
504 2269 523 2289 2
535 2264 544 2286 ι
555 2268 572 2283 «
584 2254 761 2301 Polypum
768 2254 893 2289 hamos

207 2311 385 2351 appetere,
393 2306 610 2353 brachiisque
618 2307 893 2353 complecti‚non

207 2370 347 2401 morsm
363 2371 431 2394 nec
451 2359 547 2405 prius
563 2359 764 2403 dimittere,
785 2373 893 2406 quaxn

208 2422 324 2445 escam
339 2411 620 2455 circumoserit3
643 2419 702 2449 aut
720 2413 904 2451 arundine.

208 2461 364 2507 levatum
382 2470 479 2501 extra
496 2477 625 2510 aquam
649 2480 678 2501 υ.
710 2466 783 2503 Sed
804 2480 906 2512 poem

210 2521 324 2551 trema
339 2528 413 2552 non
430 2517 511 2553 satis
530 2526 741 2564 congruunt.
765 2519 894 2556 Noster

210 2568 321 2613 enim,
332 2567 440 2604 etiam
449 2572 541 2606 elato
552 2573 697 2612 calamo,
714 2571 894 2608 adherere

210 2621 337 2665 praedae
353 2634 430 2659 suae
451 2622 620 2670 polypum
643 2623 747 2668 dicit,
781 2623 895 2661 donec

214 2675 350 2709 hamum
363 2675 436 2719 jam
447 2678 646 2721 populatum
662 2681 815 2721 exspuat.

253 2725 308 2760 35.
337 2729 444 2771 Quum
473 2730 613 2764 demum.
648 2731 732 2765 Tum
755 2731 894 2767 demum.

215 2777 377 2814 Ambros.

999 1259 1052 1306 37.
1069 1260 1121 1294 Et
1134 1259 1255 1303 Mugil.
1269 1272 1288 1289 «
1307 1257 1381 1293 Scit
1392 1263 1428 1292 et
1440 1257 1554 1307 Mugil
1570 1270 1641 1292 esse

956 1310 994 1345 in
1025 1310 1132 1344 hamo
1154 1323 1269 1345 escam
1287 1337 1297 1355 ,
1330 1309 1540 1355 insidiasque
1567 1321 1642 1343 non

955 1362 1095 1409 ignorat
1115 1374 1124 1398 z
1143 1361 1285 1398 aviditas
1303 1369 1424 1397 tamen
1445 1368 1544 1397 tanta
1565 1368 1618 1396 est
1633 1387 1643 1404 ,

957 1422 997 1450 ut
1005 1414 1120 1450 cauda
1127 1414 1346 1450 verberando
1355 1415 1505 1450 excutiat
1511 1414 1616 1449 cibos.
1625 1428 1643 1443 »

957 1467 1048 1503 Ptin.
1067 1478 1190 1509 xxxn,
1203 1481 1232 1502 c.
1253 1482 1283 1503 a.
1300 1467 1355 1502 lta
1367 1467 1441 1502 haec
1458 1467 1643 1513 plusquam

956 1522 1165 1571 παραφράζει,
1182 1520 1243 1565 qui
1257 1520 1391 1565 reliqua
1408 1519 1552 1558 vixdum
1568 1519 1645 1566 epi-

957 1580 1162 1618 tomeverat.
1173 1574 1281 1609 Vur.
1288 1573 1346 1608 De
1357 1573 1484 1618 Mugili
1492 1573 1642 1615 Plinius,

956 1625 1084 1661 eodem
1092 1626 1150 1661 lib.
1161 1638 1234 1672 cap.
1244 1639 1280 1674 9,
1291 1625 1311 1671 S
1323 1625 1379 1668 23,
1390 1632 1426 1660 et
1433 1625 1522 1660 alibi.
1537 1624 1580 1660 C.
1592 1627 1646 1661 At

957 1677 1128 1715 editiones
1155 1677 1289 1717 multae.
1321 1676 1484 1722 Mugdh,
1518 1677 1645 1712 Heins-

955 1731 1118 1772 malehat'

997 1784 1052 1819 38.
1077 1786 1193 1830 Lupus
1207 1787 1287 1819 ειη·
1295 1787 1449 1820 concilus
1463 1786 1526 1818 fra.
1543 1797 1562 1814 «
1575 1782 1644 1817 Μὶ-

955 1850 1025 1873 nus
1046 1837 1083 1874 in
1111 1836 1332 1884 providendo
1355 1834 1477 1882 Lupus
1494 1835 1643 1870 solertim

956 1888 1062 1925 habet
1075 1916 1085 1933 ,
1111 1889 1172 1925 sed
1189 1902 1361 1936 magnum
1377 1889 1487 1924 robur
1507 1888 1545 1922 in
1561 1899 1643 1933 poe-

956 1942 1105 1980 nitendo
1126 1951 1134 1974 :
1158 1955 1243 1978 nam
1271 1949 1310 1976 ut
1334 1941 1432 1978 haesit
1453 1941 1491 1975 in
1510 1940 1618 1975 hamo
1632 1965 1642 1982 ,

957 1994 1175 2030 tumultuoso
1196 1994 1352 2030 discursu
1368 1994 1458 2029 laxat
1475 1993 1621 2028 vulnera
1632 2019 1642 2035 ,

958 2047 1072 2083 donec
1081 2046 1394 2084 excidantinsidioe.
1404 2046 1515 2081 nmini
1522 2046 1603 2081 ib.c.
1612 2059 1643 2079 α.

988 2100 1056 2147 ,39
1079 2101 1256 2134 Βιζσειιηιι.
1273 2098 1381 2134 MSS.
1403 2099 1593 2134 Discussas-
1608 2097 1643 2132 id

958 2158 1031 2196 est„
1049 2154 1215 2189 dekcussu.
1237 2151 1348 2190 IDEM.

1002 2207 1054 2249 42.
1071 2206 1233 2240 Murena.
1245 2219 1263 2235 α
1275 2205 1439 2246 Muraena
1451 2204 1557 2239 etiam
1568 2215 1642 2238 non

957 2258 1098 2303 ignorat
1114 2257 1205 2292 vires
1225 2256 1383 2302 proprias
1397 2263 1475 2291 tum
1490 2255 1643 2291 nocendi

959 2310 1053 2354 aliia,
1084 2317 1162 2345 tum
1186 2309 1230 2345 ad
1253 2309 1491 2345 auxiliandum
1514 2308 1580 2344 sibi
1606 2308 1643 2342 in

958 2374 1079 2397 morsu
1097 2374 1171 2398 esse
1191 2361 1282 2398 sitas.
1305 2361 1528 2397 Praemordet
1546 2360 1642 2395 enim

958 2413 1090 2449 lineam
1108 2424 1117 2446 ι
1136 2425 1254 2460 neque
1271 2413 1461 2449 mordendi
1483 2413 1557 2447 vim
1578 2425 1644 2447 re-

959 2466 1067 2501 mittit
1079 2490 1090 2510 ,
1118 2465 1233 2502 donec
1246 2466 1394 2503 omnino
1415 2464 1592 2500 debilitata
1608 2477 1643 2498 se

958 2525 1096 2564 captam
1107 2525 1142 2554 et
1153 2519 1281 2554 victam
1293 2519 1453 2554 fateatur.
1471 2517 1644 2552 Muraena:

960 2571 1106 2617 amplius
1131 2570 1302 2607 devorant
1336 2583 1443 2616 quam
1469 2569 1616 2605 hamum
1632 2596 1641 2612 ,

960 2623 1218 2669 admoventque
1228 2623 1392 2659 dentibus
1401 2623 1526 2667 lineas,
1537 2630 1641 2676 atquc

959 2679 1008 2713 ita
1019 2678 1182 2713 erodunt.
1195 2693 1211 2708 υ
1234 2678 1368 2713 Plinius
1380 2703 1390 2722 ‚
1412 2677 1490 2712 loco
1503 2677 1560 2712 cit.
1577 2676 1620 2712 G.

1003 2731 1056 2774 43.
1080 2731 1286 2776 Auxilioque
1300 2732 1378 2765 sibi.
1393 2729 1487 2776 Lege
1501 2755 1511 2774 ,
1533 2732 1592 2763 sui
1603 2741 1643 2762 ex

961 2782 1102 2819 Thuan.
1119 2789 1155 2820 et
1175 2781 1302 2819 deinde
1316 2808 1327 2828 ,
1350 2785 1500 2819 cominus
1518 2794 1582 2827 pro
1602 2793 1643 2815 eo
