1884 3112
324 269 409 313 322

741 269 1320 315 EPISTOLAXVII.

386 358 547 410 Nescio
571 379 660 426 quo
686 360 838 408 tardor
860 360 936 409 sed
961 372 1105 410 tamen
1125 362 1222 428 ipsa
1241 374 1380 411 metm

324 439 471 503 Quam
491 436 601 485 male
622 436 880 502 persuadeS‚
906 438 1075 486 utinam
1097 439 1210 488 bene
1231 458 1384 503 cogere
1407 442 1580 510 possis!

1672 458 1733 503 185

387 514 458 561 Sic
482 532 577 561 mea
598 513 820 561 rusticitas
846 514 1103 563 excutienda
1126 514 1253 564 foret.

322 588 457 637 Utilis
482 588 702 636 interdum
725 601 792 637 est
815 589 924 656 ipsis
949 590 1108 656 injuria
1130 592 1296 658 passis:

335 676 341 681 “
386 666 459 714 Sic
484 677 598 714 certe
621 664 726 713 felix
751 685 844 715 esse
866 679 1014 715 coacta
1035 667 1176 717 velim.
1468 728 1474 732 q

320 744 440 795 Dum
463 761 604 790 novus
628 754 716 801 est,
743 755 887 810 coepto
910 745 1060 810 potius
1083 735 1330 811 pugnemus
1354 748 1490 796 amori
1509 767 1521 796 ε

382 820 576 869 Flamma
598 839 749 869 recens
771 840 904 888 parva
924 841 1074 889 sparsa
1096 823 1260 872 resedit
1277 843 1400 890 aqua.

1620 824 1622 827 ⁵
1669 821 1730 889 ἰθὺ

319 899 476 948 Certus
500 898 547 945 in
568 898 825 964 hospitibus
849 918 942 947 non
965 911 1031 948 est
1054 918 1198 959 amor;
1220 913 1355 959 errat,
1381 914 1432 950 ut
1454 902 1562 970 ipsi;

382 977 622 1042 Quumque
641 976 754 1024 nihil
779 995 927 1043 speres
945 977 1114 1025 firmius
1139 996 1253 1036 esse,
1279 978 1406 1042 fugit.

317 1053 560 1121 Hypsipyle
586 1054 732 1111 testis,
759 1054 882 1101 testis
906 1054 1080 1102 Minoia
1103 1055 1228 1117 virgo
1252 1067 1338 1114 est;

377 1133 432 1179 In
454 1149 548 1178 non
571 1129 779 1178 exhibitis
797 1141 984 1196 utraque
1003 1131 1155 1196 juncta
1178 1131 1299 1179 toris.

314 1267 468 1300 Invitant
486 1264 601 1310 scripti
619 1277 627 1299 τ
644 1270 811 1310 praeterea
840 1265 991 1300 Grono-

311 1318 432 1351 vianus
446 1343 455 1360 ‚
488 1317 536 1349 [st
554 1330 699 1361 peream.
722 1317 887 1351 Francius
907 1330 990 1350 ma—

310 1369 414 1412 lebat,
426 1370 612 1413 dtkpeream
625 1382 634 1403 ‚¹
647 1375 682 1403 et
692 1380 773 1402 mox
785 1382 793 1411 ;
808 1370 873 1403 sed
877 1372 989 1403 tamea

310 1434 412 1467 usque
428 1425 527 1455 melu.

358 1473 428 1507 185.
451 1474 550 1516 Quod
555 1473 643 1506 male
649 1473 842 1516 persuades.
857 1472 988 1506 Douzae

310 1525 418 1560 codex
430 1552 439 1569 ,
458 1525 587 1570 Regius
598 1537 688 1558 unus
700 1551 710 1568 ‚
728 1531 762 1559 et
773 1524 987 1558 Balliolensis

309 1590 330 1612 a
345 1589 454 1611 manu
470 1577 580 1621 prima
594 1602 603 1618 ‚
628 1589 725 1620 quam
746 1579 834 1610 male
847 1588 988 1620 persua-

310 1630 390 1672 des‚·
408 1628 501 1673 quod
514 1629 555 1662 ab
569 1627 697 1662 Ovidio
708 1628 781 1672 ipso
793 1628 987 1672 profectum

309 1680 468 1715 existimo
486 1692 493 1713 :
507 1680 555 1713 ita
569 1679 665 1713 enim
678 1679 840 1721 decebat,
858 1678 986 1712 sensim

309 1739 346 1768 et
365 1731 582 1778 pedetentim
594 1730 631 1764 in
648 1730 781 1764 crimen
798 1730 986 1764 abeuntem

310 1783 497 1818 mulierem
509 1809 518 1826 ,
541 1789 576 1816 et
588 1795 663 1827 quae
677 1785 756 1825 cogi
765 1781 851 1816 velle
867 1793 938 1825 prae
950 1794 986 1816 se

308 1835 459 1877 serebat,
475 1834 580 1878 loqui.
600 1834 744 1868 Buram

358 1901 369 1921 ι
377 1887 429 1920 86.
445 1887 501 1920 Sic
512 1898 588 1919 mea
604 1888 778 1919 rusticitas
787 1886 988 1919 excutienda

300 1939 408 1984 soret.
425 1939 625 1972 Puteaneus
639 1963 648 1980 ,
677 1938 725 1970 Ut
743 1949 818 1970 mea
829 1962 838 1980 ,
857 1943 892 1970 et
902 1936 988 1980 fuit.

312 1990 585 2025 Barberinianus
595 1996 629 2023 et
639 1988 835 2034 Argentin„
857 1989 905 2021 Ut
903 1988 989 2032 suit.

311 2042 440 2087 Scripti
468 2041 623 2087 plerique
640 2067 649 2084 ‚
689 2042 737 2074 Ut
747 2040 852 2085 soret.
886 2040 987 2074 Adde

261 2120 264 2124 .
314 2100 423 2128 unam
434 2093 569 2127 literam
587 2093 773 2127 Puteaneae
790 2092 941 2135 lectioni,
955 2099 990 2126 et

311 2145 451 2180 habebis
458 2152 576 2179 veram
583 2145 789 2189 scripturam
799 2144 865 2178 hoc
872 2143 989 2179 modo:

344 2205 379 2230 vi
393 2214 448 2230 mea
460 2205 589 2229 rusticitas
605 2204 758 2229 excutienda
767 2204 827 2228 suit.

313 2253 435 2288 Simile
461 2252 632 2287 mendum
660 2252 812 2286 ablatum
841 2258 891 2286 est
910 2264 989 2286 mea

313 2317 420 2350 opera
442 2317 484 2338 ex
498 2304 554 2339 lib.
571 2315 611 2339 Vl
625 2329 634 2347 ,
661 2304 806 2338 Metam.
823 2304 907 2351 5903
930 2303 991 2338 ubi

314 2357 466 2392 Boreas:

314 2416 386 2450 Apta
396 2416 460 2440 mihi
474 2415 514 2440 vis
523 2419 578 2446 en,
591 2414 618 2439 vi
629 2415 713 2439 tristia
726 2415 816 2439 nubila
828 2415 896 2447 pello
906 2433 915 2446 ,

754 2463 845 2488 robora
854 2469 926 2488 verto
937 2481 947 2495 ,

610 2507 695 2536 'terras
707 2512 829 2544 grandine
839 2512 923 2545 pulso.

318 2465 345 2494 V
342 2466 353 2489 ι’
362 2464 429 2489 freta
440 2473 502 2488 conc

312 2513 464 2545 ludumque
475 2512 547 2547 nives
554 2531 562 2542 ‚
576 2517 602 2536 et

505 2463 559 2489 utin
567 2482 576 2494 ,
594 2464 741 2496 nodosaque

315 2562 369 2597 Ita
386 2562 483 2595 enim
500 2561 562 2595 iste
582 2560 676 2594 locus
701 2559 962 2594 constituendus
977 2586 987 2604 ‚

313 2613 373 2657 qui
399 2613 502 2658 vulgo
527 2611 809 2646 mendosissimus
832 2612 989 2646 circum-

314 2665 438 2698 fertur.
462 2665 594 2699 Hmns.

362 2728 435 2762 190.
461 2717 585 2759 Sparsa
599 2718 727 2750 resedit
740 2728 839 2760 aqua.
854 2716 995 2749 Besidit

313 2773 409 2814 puto.
435 2766 493 2804 Sic
513 2766 604 2812 apud
619 2767 799 2803 Lucanum
813 2793 823 2812 ‚
842 2778 880 2802 1x
894 2792 904 2811 ,
928 2769 987 2812 75,

1055 1266 1092 1300 in
1108 1266 1216 1301 veteri
1238 1266 1354 1302 codice
1377 1267 1725 1315 Rottendorphianp,

1045 1318 1123 1363 jam
1129 1320 1272 1363 stamma
1285 1321 1411 1353 residit.
1429 1320 1534 1366 Apud
1552 1319 1726 1357 Columel-

1053 1369 1124 1404 lam
1155 1383 1293 1416 quoque
1323 1371 1547 1406 scribendum
1566 1383 1606 1407 vl
1619 1399 1629 1417 ,
1666 1374 1727 1408 15:

1058 1424 1163 1466 Quum
1167 1423 1247 1467 jam
1261 1426 1350 1468 ignis
1361 1427 1397 1457 in
1408 1424 1568 1469 favillam
1584 1426 1704 1460 residit
1716 1437 1727 1458 .-

1052 1487 1127 1509 non
1141 1482 1179 1510 ut
1194 1476 1459 1520 circumfertur,
1480 1478 1608 1511 recidit.
1630 1478 1726 1512 Con—-

1052 1529 1160 1560 sidere
1190 1530 1280 1571 ιᾈνιιιίς
1311 1527 1419 1574 εἰὶειιι.
1442 1528 1573 1563 Nasoni
1601 1528 1728 1564 dicitur

1054 1578 1141 1612 Met.
1155 1589 1237 1622 xm,
1251 1579 1325 1622 408.
1337 1579 1607 1615 Herus—Non
1614 1580 1727 1615 visum

1052 1630 1099 1664 sic
1112 1629 1343 1675 Oudendorp.
1355 1631 1398 1664 ad
1410 1631 1473 1666 loc.
1490 1631 1621 1666 Lucan.
1635 1632 1727 1667 citat.

1052 1680 1133 1724 qui,
1158 1687 1196 1714 ut
1226 1680 1311 1724 illic,
1338 1681 1385 1717 ita
1415 1682 1505 1726 apud
1530 1683 1725 1725 Nostrm5

1052 1733 1178 1765 resedit
1188 1732 1399 1766 servandum
1416 1745 1488 1767 esse
1500 1734 1642 1768 statuit·
1656 1732 1728 1768 dis—

1052 1795 1114 1828 par
1130 1789 1249 1840 tamen
1266 1784 1444 1829 utriusque
1459 1784 1525 1820 loci
1539 1785 1638 1820 ratio.
1645 1784 1727 1819 Lec-

1052 1827 1166 1869 torem
1180 1847 1287 1880 penes
1300 1835 1478 1879 judicium.

1100 1899 1170 1933 ¹92·
1192 1888 1359 1931 Quumque
1380 1890 1471 1922 nibil
1479 1889 1728 1933 speoesfim'us

1052 1950 1127 1972 esse
1138 1964 1146 1977 ‚
1157 1938 1266 1982 fugit.
1282 1940 1363 1972 Fuit
1372 1940 1572 1974 Puteaneus
1581 1946 1701 1985 argute
1715 1953 1724 1982 ς

1053 1996 1092 2024 ut
1095 1989 1174 2034 suit
1185 1997 1227 2038 τῷ
1243 2003 1318 2025 esse
1334 1998 1530 2036 opponatur
1540 2017 1550 2035 ‚
1569 1992 1728 2037 proeteri-

1053 2048 1130 2075 tum
1144 2043 1316 2087 praesenti.
1327 2043 1469 2078 Plautus
1475 2044 1726 2090 similiprorsus

1053 2094 1161 2128 modo
1178 2094 1352 2139 Captivis,
1375 2095 1453 2139 III,
1476 2107 1545 2140 111,
1570 2110 1583 2130 1
1606 2097 1726 2131 :Nunc

1052 2148 1141 2179 illud
1145 2150 1218 2187 cst,
1234 2159 1330 2191 quum
1340 2147 1527 2191 mesuisse,
1542 2161 1640 2193 quam
1649 2157 1726 2184 esse

1051 2201 1154 2233 nimio
1168 2201 1328 2233 mavelim.
1351 2200 1483 2235 HEINS.

1099 2264 1111 2283 1
1118 2251 1220 2297 9411}
1228 2263 1294 2284 non
1300 2252 1460 2285 exhibitis
1465 2252 1726 2297 utraquejuncta

1054 2305 1146 2335 toris.
1165 2302 1335 2347 Excerpta
1346 2302 1511 2348 Scaligeri
1528 2310 1563 2338 et
1577 2310 1727 2349 quatuor

1053 2366 1094 2388 ex
1109 2354 1249 2397 nostris,
1260 2358 1396 2399 uimque
1405 2359 1537 2398 pacta:
1551 2355 1726 2403 nonnum,

1053 2407 1169 2447 victa,·
1188 2405 1242 2439 vel
1250 2406 1368 2449 juxta,
1387 2409 1474 2447 lusa,
1485 2407 1598 2452 jueta,
1611 2410 1727 2453 pacta.

1054 2457 1272 2501 Puteaneus,
1298 2458 1512 2503 Argentinus
1528 2465 1563 2494 et
1582 2460 1730 2503 quatuor

1055 2508 1131 2551 alii;
1156 2513 1293 2554 utraque
1296 2510 1425 2553 Justa
1443 2510 1597 2562 proxime
1616 2509 1659 2544 ad
1672 2522 1728 2544 ve-

1054 2573 1145 2594 rum.
1169 2560 1402 2594 Scribendum
1419 2572 1546 2607 nempe
1560 2587 1569 2604 ,
1590 2565 1729 2606 utraque

1054 2616 1181 2657 questa.
1210 2612 1342 2647 Hssms.
1367 2612 1439 2648 Sed
1465 2625 1509 2646 an
1525 2612 1629 2646 latine
1648 2613 1728 2648 satis

1056 2663 1201 2707 dicatur,
1213 2668 1331 2709 questa
1341 2667 1378 2698 in
1393 2668 1485 2704 toris,
1499 2663 1728 2698 vehementer

1056 2714 1200 2749 dubito:
1219 2729 1301 2760 ergo
1323 2718 1399 2750 lusa
1421 2715 1574 2761 praetuli,
1597 2729 1637 2750 ex
1661 2728 1726 2761 op-

1056 2767 1147 2802 timis
1159 2768 1264 2813 libris,
1276 2767 1367 2812 quod
1378 2768 1517 2806 obvium
1530 2767 1620 2813 apud
1634 2768 1725 2805 Nos-
