1884 3112
0 1412 13 1454 ⁴..-
0 1359 14 1383 ἦν,

0 1755 3 1764 -
0 1724 2 1735 -
0 1660 10 1670 ,ν
0 1583 7 1647 2¹0⁷»
0 1532 12 1574 ,νη

637 251 813 299 DIDO
854 249 1068 296 AENEAE.
1100 249 1107 253 ’
1490 255 1570 298 153

217 343 447 412 Adpositae
467 342 651 394 frondes
669 342 1040 411 velleraque‘alba
1061 337 1228 407 tegunt.
1509 372 1573 394 100

154 422 275 472 Hinc
296 441 381 487 ego
401 441 472 472 me
495 422 612 472 sensi
633 433 745 471 noto
770 434 925 489 quater
948 441 1023 471 ore
1047 422 1184 472 citari.

218 499 322 567 Ipse
344 518 458 549 sono
482 500 605 550 tenui
627 499 738 548 dixit
757 519 768 547 ε
787 498 953 557 Elissa,
978 499 1091 548 veni.

156 574 289 626 Nulla
309 596 434 626 mora
455 571 544 636 est}
568 577 696 626 venio
717 597 727 626 :
747 577 876 625 venio
901 576 985 624 tibi
1011 576 1161 625 debita
1183 576 1344 643 conjux
1362 597 1372 625 :

222 653 313 703 Sed
335 666 480 704 tamen
503 654 683 715 admissi
706 654 830 703 tarda
852 653 1023 721 pudore
1046 655 1146 702 mei.

158 732 231 781 Da
250 732 422 782 veniam
445 730 604 799 culpae3
629 731 803 798 decepit
823 730 1012 780 idoneus
1036 725 1215 780 auctor:
1520 747 1579 780 105

222 809 438 858 Invidiam
459 828 586 858 noxae
608 808 800 858 detrahit
821 807 896 857 ille
919 827 1037 858 meae.
1101 844 1103 846 -
1395 873 1398 877 ⁴

159 886 275 936 Diva
295 905 477 954 parens,
503 887 739 954 seniorque
763 898 910 953 pater,
935 886 1010 953 pia
1032 885 1202 934 sarcina
1224 886 1338 944 nati,

223 964 358 1032 Spem
379 964 490 1013 mihi
511 964 708 1013 mansuri
729 964 814 1013 rite
838 963 996 1013 dedere
1020 963 1121 1012 tori.

159 1040 209 1090 Si
230 1040 318 1090 suit
340 1041 596 1100 errandum,
623 1060 775 1090 causas
797 1040 936 1090 habet
959 1059 1083 1089 error
1097 1039 1321 1088 honestas.

213 1119 352 1177 ,Adde
371 1119 526 1179 fidem;
550 1119 675 1169 nulla
694 1132 819 1187 parte
842 1118 1064 1186 pigendus
1088 1118 1185 1167 erit.
1525 1144 1584 1166 ιω

161 1198 308 1247 Durat
328 1198 376 1246 in
399 1209 641 1247 extremum
654 1235 666 1256 ,
690 1197 878 1263 vitaeque
901 1195 1140 1244 novissima
1156 1207 1319 1243 nostrae

223 1276 519 1344 Prosequitur
541 1276 644 1334 fati,
670 1275 749 1342 qui
770 1275 858 1323 fuit
874 1286 995 1333 ante,
1022 1285 1163 1323 tenor.

162 1354 342 1404 Occidit
361 1354 558 1402 internas
578 1352 740 1418 conjux
763 1363 979 1401 mactatus
1003 1351 1059 1400 ad
1081 1370 1176 1400 aras
1196 1371 1206 1399 ε

209 1487 283 1510 loo.
305 1476 502 1520 Vella-mque
517 1475 608 1508 alba.
634 1473 769 1507 Lanam
784 1472 842 1506 ni-

162 1540 263 1562 veam
273 1553 284 1571 ‚
294 1533 389 1562 recte
399 1539 441 1562 ex
451 1525 598 1572 Virgilio
607 1551 617 1569 ,
632 1524 843 1570 interpretes

162 1592 235 1615 esse
251 1578 391 1615 docent.

210 1633 283 1676 ¹⁰4·
305 1631 466 1667 Admissi
491 1630 591 1664 tarda
614 1630 743 1674 pudore
767 1633 843 1664 mei.

162 1683 282 1720 Nescit
304 1695 373 1729 qua
395 1683 512 1717 fronte
539 1682 728 1728 conjugem
750 1683 844 1718 anti-

162 1734 389 1782 quum‚apud
412 1734 542 1770 inferos
564 1735 608 1770 sit
639 1734 793 1778 aditura;
816 1735 843 1770 is

160 1787 296 1823 violate
307 1786 392 1822 fidei
403 1785 534 1834 pudor!

210 1843 283 1876 105.
291 1842 441 1886 occepit
446 1842 587 1876 moneas
596 1845 722 1876 auctor.
733 1841 775 1876 In
779 1840 846 1875 tel—

161 1893 316 1940 ligasseu
324 1892 369 1928 de
383 1906 511 1939 genere
528 1895 602 1940 ipso
618 1894 764 1935 AEneae;
783 1906 846 1928 seu

163 1944 296 1980 ironice
308 1971 318 1990 ‚
335 1944 379 1981 de
394 1952 467 1980 arte
484 1958 552 1991 qua
561 1946 726 1981 miseram
742 1945 847 1980 dece-

166 1997 256 2044 perit
270 1997 383 2044 :quod
394 2004 514 2033 tamen
524 1999 643 2033 minus
659 1998 846 2044 probabile.

214 2050 286 2085 105.
297 2051 463 2085 Invidiam
476 2063 574 2085 noxa·
586 2049 743 2085 detraZIt.
758 2048 848 2084 Cul-

167 2115 251 2149 pam
269 2109 390 2138 auctor
403 2102 542 2138 minuit.

214 2167 288 2201 ¹07·
309 2157 402 2190 Dira
420 2168 547 2200 parens
563 2161 627 2190 etc.
646 2154 794 2190 Excusat
810 2167 846 2189 se

170 2206 263 2253 apud
276 2206 451 2243 Sichaeum
461 2234 470 2251 ,
488 2214 523 2242 et
534 2220 650 2243 causas
661 2207 772 2253 pergit
785 2206 850 2241 de-

171 2258 311 2303 ducere,
328 2271 406 2304 quae
419 2273 516 2294 ποτε
530 2261 690 2294 invidiam
706 2266 851 2305 possunt

170 2311 356 2345 detmhem.
382 2310 555 2346 Amorem
579 2311 676 2346 enim
687 2338 697 2355 ,
726 2311 851 2347 AEneae

172 2375 302 2409 genus3
323 2363 430 2408 pietas
451 2363 489 2397 in
511 2363 606 2399 Deos
619 2390 628 2408 ,
653 2363 761 2398 fidem
778 2377 786 2406 ;
814 2370 852 2398 et

171 2415 208 2450 in
219 2421 319 2450 aetate
329 2423 534 2461 provectum
546 2423 683 2462 patrem
694 2415 850 2460 devotio,

172 2479 356 2503 mansuros
385 2468 528 2503 affectus
565 2468 718 2514 polliceri
747 2466 852 2502 vide-

174 2520 312 2554 bantur.

222 2584 295 2606 no.
310 2571 412 2607 Adde
411 2573 531 2618 fidem.
549 2572 671 2618 Quam
688 2571 831 2608 dederat
842 2599 852 2617 ,

175 2629 211 2659 et
225 2624 311 2659 fallit
327 2624 469 2659 AEneas.

222 2689 236 2710 ι
245 2675 294 2711 13.
306 2678 462 2711 laternas
475 2678 527 2711 ad
534 2690 623 2711 aras.
637 2676 769 2712 Coram
778 2677 855 2713 Diis

176 2728 385 2774 Penatibus,
404 2729 527 2774 quibus
549 2742 616 2765 arae
632 2730 855 2765 sacrabantur

176 2779 214 2814 in
230 2779 389 2816 interiori
406 2781 531 2817 domus
543 2788 653 2827 parte.
667 2782 723 2818 De
739 2789 854 2818 morte

908 1479 1028 1524 autem
1052 1472 1179 1507 Sichaei
1208 1471 1330 1517 Virgil.
1346 1483 1378 1515 1,
1406 1473 1492 1515 350,
1517 1485 1589 1517 sqq.

909 1525 978 1559 Vix
992 1522 1156 1559 credibile
1174 1531 1260 1570 quot
1282 1524 1319 1558 in
1344 1537 1480 1559 errores
1507 1524 1590 1559 inci-

908 1576 1044 1620 derint,
1069 1577 1129 1623 qui
1154 1576 1342 1612 lectionem
1372 1576 1530 1610 vitiosam
1556 1580 1592 1610 ire

908 1634 1032 1670 tems,
1057 1628 1112 1663 vel
1129 1631 1181 1663 ad
1191 1633 1300 1664 terras
1311 1656 1320 1669 ‚
1350 1635 1410 1672 aut
1424 1633 1459 1662 in
1474 1631 1571 1663 temlt
1581 1656 1590 1669 ,

908 1681 1070 1717 certatim
1092 1681 1246 1716 vitiosius
1263 1681 1452 1716 emendare
1469 1687 1592 1716 tenta—

909 1741 1057 1776 verunt;
1084 1734 1144 1780 qui
1158 1760 1168 1778 ,
1195 1733 1223 1769 si
1256 1734 1463 1780 cogitassent
1486 1746 1592 1779 quam

908 1786 998 1822 sacili
1018 1786 1115 1832 lapsu
1134 1786 1170 1820 in
1190 1785 1299 1821 MSS.
1322 1785 1451 1820 menda
1475 1786 1595 1820 illabe—

909 1846 1048 1883 rentur,
1067 1838 1282 1884 transpositis
1292 1864 1301 1882 ,
1316 1845 1375 1872 aut
1391 1837 1597 1884 permutatis

911 1891 1043 1937 aliquot
1069 1891 1177 1926 literis
1194 1918 1204 1935 ,
1236 1898 1276 1925 ut
1315 1890 1374 1936 qui
1410 1890 1596 1937 Mycillum

910 1950 1161 1989 praecesserunt
1174 1969 1183 1987 ,
1200 1943 1299 1977 nullo
1312 1943 1386 1977 sere
1396 1942 1513 1977 labore
1528 1954 1597 1975 res-

912 1996 1086 2031 tituissent
1106 1999 1258 2030 Inte-mas
1270 2023 1278 2036 ,
1305 1994 1398 2040 quod
1419 1995 1598 2040 integrum

912 2048 1088 2094 praebebat
1103 2048 1193 2083 male
1211 2054 1350 2093 recepta
1366 2046 1467 2082 lectio
1485 2049 1520 2080 ιἰι
1533 2050 1597 2080 ler-

912 2113 979 2141 ras,
992 2107 1128 2135 mutato
1140 2106 1278 2134 tantum
1290 2099 1356 2135 rin
1367 2113 1399 2134 n.
1413 2098 1596 2134 Sicharbas

911 2160 1033 2187 autem
1053 2179 1062 2196 ,
1097 2165 1205 2198 quem
1236 2153 1401 2187 Sichaeum
1432 2150 1598 2197 Virgilius

914 2205 1019 2250 dixit,
1037 2205 1117 2251 quia
1142 2218 1277 2240 nomen
1302 2204 1474 2250 asperius,
1502 2204 1600 2238 Her-

915 2257 999 2293 culis
1015 2257 1175 2293 sacerdos
1182 2257 1268 2301 suit,
1281 2264 1317 2292 et
1325 2256 1476 2292 Didonis
1493 2268 1598 2290 avun-

915 2311 1029 2354 culus,
1054 2310 1197 2345 testibus
1226 2309 1316 2356 App.
1341 2309 1437 2344 Alex.
1468 2308 1505 2343 in
1532 2308 1599 2342 Li-

915 2363 1022 2410 bycis,
1036 2370 1071 2397 ct
1082 2362 1210 2397 Justin.
1229 2374 1337 2406 xvnr,
1356 2374 1508 2407 quorum
1525 2373 1601 2394 auc-

914 2416 1053 2450 toritate
1061 2415 1183 2459 fretus,
1194 2416 1382 2450 Herculeas
1390 2427 1469 2449 aras
1478 2414 1594 2459 legen-

917 2467 1004 2502 dum
1025 2466 1187 2515 Mycillus
1212 2467 1375 2502 censebat
1396 2479 1405 2501 ε
1432 2464 1600 2501 Heinsius

917 2533 1015 2563 vero,
1030 2521 1196 2563 Herceas‚·
1208 2519 1303 2565 quod
1315 2519 1342 2554 si
1353 2531 1426 2553 non
1439 2517 1602 2563 placeret,

916 2573 1070 2618 infernas
1083 2572 1311 2618 proponebat.
1330 2570 1423 2616 Quae
1438 2568 1582 2604 invaluit
1592 2595 1601 2612 ,

917 2624 1106 2660 lectionem
1114 2623 1166 2659 bis
1177 2624 1282 2658 Maro
1292 2629 1424 2667 tuetur,
1437 2629 1472 2657 et
1483 2621 1564 2655 AEn.
1575 2631 1602 2663 ι,

919 2677 1005 2720 3543
1025 2679 1086 2712 ille
1102 2675 1342 2724 (Pygmalion)
1359 2676 1521 2710 Sida-um
1538 2679 1603 2707 etc.

919 2736 955 2764 et
971 2739 1024 2772 lv,
1044 2741 1087 2764 ao
1103 2741 1111 2764 :
1126 2730 1247 2769 Arma,
1257 2728 1498 2773 fatebor-enim
1513 2754 1521 2769 ,
1539 2728 1604 2759 mi-

919 2781 1170 2826 sen'poslsala
1181 2782 1308 2816 Sicbaee‘
1318 2787 1382 2815 etc.
