1884 3112
449 253 916 300 HIPPOLYTUS
960 254 1285 300 PHAEDRAE.
1528 255 1586 315 93

158 349 317 411 Regna
337 345 449 396 mihi
474 347 701 415 spondes?
721 359 774 397 ut
797 360 860 408 te,
887 348 948 397 sic
973 346 1148 397 odimus
1170 346 1259 396 illa.
1529 363 1589 396 185

225 426 340 490 Quae
362 425 474 475 mihi
499 438 605 475 sunt
628 426 753 485 odio,
779 426 896 490 finge
918 425 1090 493 placere
1115 437 1274 475 tamen.

159 503 254 569 Qui
275 504 443 571 potiar,
467 504 556 553 nisi
580 523 661 571 per
682 503 868 553 fratrum
891 503 1120 570 patrisque
1144 502 1381 551 cruorem?

224 581 328 630 Hoc
352 600 530 649 quoque
555 593 604 630 tu
629 581 819 631 suades?
838 580 925 628 hoc
950 591 1055 627 tuus
1078 579 1195 628 ausit
1217 580 1372 629 amor?

161 659 258 708 Ah!
284 671 349 718 te,
375 659 698 726 Demophoon,
723 658 933 716 miseror‚
960 668 1116 723 teque,
1142 656 1304 724 inclyte
1328 657 1534 715 Theseu;

227 738 317 796 Te,
344 737 448 804 quia
472 736 659 800 Pbaedra
681 755 816 795 uxor3
843 747 907 793 te,
935 735 1040 802 quia
1063 734 1249 785 Phaedra
1269 755 1442 804 parens.
1537 762 1596 796 190

162 814 371 864 Forsitan
394 813 582 864 hostiles
604 814 714 873 iras,
738 824 816 862 aut
835 810 956 861 bella
979 810 1172 860 timetis:

227 892 292 941 At
313 890 512 942 Phaedrae
535 892 666 941 vobis
690 903 759 940 est
781 888 1046 939 metuendus
1071 908 1206 938 amor.

164 970 272 1020 Este
297 981 444 1019 tamen
467 969 521 1019 de
545 989 615 1019 me
640 969 784 1020 securi
804 989 815 1018 z
841 967 1021 1018 tendere
1046 965 1155 1016 solis

231 1047 422 1098 Insidias
444 1047 576 1098 labor
599 1060 668 1098 est
689 1059 864 1105 noster,
889 1045 1063 1112 eritque
1088 1043 1207 1093 feris.

165 1126 399 1193 Unicaque
422 1126 611 1176 ambitio
635 1138 726 1186 est,
748 1145 805 1176 ne
829 1124 938 1188 figat
959 1122 1095 1171 missa
1116 1121 1292 1171 lacertis
1543 1141 1603 1187 ¹95

231 1203 431 1254 Alterius
453 1203 627 1272 plures,
655 1223 788 1271 quam
810 1222 908 1252 mea
930 1201 1102 1268 cuspis,
1129 1219 1274 1267 apros.

169 1280 296 1345 Quid
313 1278 429 1330 ‘mihi
452 1300 554 1330 cum
574 1282 746 1345 regnis,
774 1281 812 1329 si
834 1298 912 1328 rex
937 1278 1015 1345 qui
1039 1277 1252 1335 sustinet,
1278 1277 1404 1341 angi,

238 1359 300 1406 Et
321 1377 496 1425 semper
519 1358 694 1425 trepida
718 1368 894 1424 sceptra
912 1367 1059 1405 tenere
1083 1354 1248 1402 manu?

174 1435 346 1483 Omnes
371 1434 410 1482 si
433 1434 596 1501 Superi
619 1433 771 1483 dicant
793 1433 905 1481 mihi
926 1452 936 1481 :
955 1433 1114 1494 Regna
1136 1448 1313 1498 capesse
1331 1449 1342 1478 :

238 1511 464 1560 Hostibus
486 1510 602 1570 haec,
628 1510 791 1569 dicam,
818 1509 896 1557 Dii
921 1508 1043 1568 date,
1071 1526 1243 1575 quaeso,
1268 1506 1392 1556 meis.
1543 1534 1608 1558 που

173 1589 263 1639 Hei
283 1588 416 1648 mihi,
443 1607 648 1638 curarum
674 1599 787 1656 quot
808 1586 969 1646 millia,
998 1597 1198 1654 quotque
1224 1585 1460 1646 timorum,

239 1666 369 1731 Quot
390 1665 537 1715 luctus
561 1666 729 1715 circum
751 1665 875 1729 regia
899 1675 1014 1714 tecta
1036 1662 1214 1712 volant!

172 1747 267 1795 Nec
289 1764 429 1809 regno
455 1763 581 1795 careo
601 1765 612 1794 z
632 1763 822 1807 regnum
844 1742 957 1792 mihi
978 1741 1121 1791 libera
1142 1759 1267 1790 mens
1292 1752 1379 1800 est,

242 1825 303 1873 Et
323 1824 490 1892 proba,
518 1843 650 1891 quam
673 1834 848 1891 captam
870 1819 994 1870 nulla
1016 1818 1181 1886 cupido
1206 1829 1338 1867 tenet.

177 1902 371 1969 Imperat
392 1901 489 1952 haec
513 1901 651 1960 odiis,
677 1912 724 1950 et
746 1898 999 1955 amoribus;
1025 1896 1213 1962 imperat
1235 1894 1336 1952 irae,
1548 1909 1613 1943 205

245 1981 306 2028 Et
328 1979 481 2028 domat
503 1980 691 2048 imperio
718 1996 932 2046 spemque
957 1986 1213 2040 metumque
1238 1991 1334 2021 suo.

181 2056 346 2107 Exulat
367 2057 474 2107 hinc
495 2076 732 2126 procerum
754 2055 890 2115 livor,
912 2052 1215 2118 scelerumque
1236 2051 1453 2117 repertrix

250 2138 477 2197 Ambitio,
504 2149 550 2189 et
573 2135 796 2204 quidquid
819 2144 994 2200 sceptra
1017 2128 1214 2179 timenda
1235 2128 1353 2177 facit.

186 2218 247 2265 Et
269 2234 458 2279 regnum
478 2215 590 2264 mihi
614 2226 721 2264 sunt
744 2212 866 2262 silvae
889 2231 900 2260 :
927 2209 1208 2258 dominamur
1230 2207 1278 2255 in
1301 2205 1411 2264 illis,

253 2294 412 2360 Deque
434 2292 560 2351 feris,
587 2304 799 2359 tanquam
824 2295 974 2353 gente,
1002 2287 1171 2335 tributa
1193 2297 1314 2352 peto.
1557 2309 1621 2331 210

192 2372 236 2421 Ο
259 2370 433 2420 valeant
454 2369 635 2438 populi,
661 2388 819 2433 regum
843 2377 1063 2416 tormenta
1086 2382 1297 2413 suorum:

256 2449 494 2514 Ingenium
518 2448 636 2497 sensi
658 2448 812 2496 mitius
837 2464 930 2495 esse
950 2444 1068 2492 feris.

192 2528 288 2578 Has
311 2527 430 2575 inter
450 2526 600 2575 Pietas
620 2524 815 2582 habitat,
841 2524 1145 2587 Remumque,
1171 2517 1435 2585 Pudorque,

262 2604 556 2671 Caelestesque
581 2603 671 2670 ipsi
689 2622 700 2651 :
719 2621 813 2650 non
834 2601 975 2650 habet
997 2598 1098 2649 aula
1118 2598 1255 2646 Deos.

194 2683 420 2734 Historias
446 2681 556 2748 quid
580 2678 717 2730 stulta
738 2696 895 2727 mones
918 2695 1099 2745 peccare
1125 2673 1367 2725 docentes?
1566 2686 1629 2720 215

262 2762 328 2811 Te
351 2760 488 2828 petis,
515 2770 560 2808 et
583 2757 683 2809 telis
709 2756 891 2808 conficis
916 2756 1015 2823 ipsa
1040 2753 1140 2803 tuis.
