1884 3112
805 402 1113 502 NUX,

704 585 1226 668 ELEGIA.*

242 798 373 868 Nux
395 834 479 880 ego
498 815 651 882 juncta
671 811 772 871 viae,
797 831 936 880 quum
960 813 1045 862 sim
1068 814 1163 863 sine
1188 814 1369 863 crimine
1389 814 1511 872 vitae,

305 897 348 946 A
368 893 542 963 populo
565 892 681 942 saxis
703 904 995 959 praetereunte
1014 903 1156 959 petor.

243 975 448 1025 Obruere
468 972 554 1022 ista
578 970 692 1021 solet
712 970 970 1020 manifestos
994 990 1126 1038 poena
1147 982 1358 1020 nocentes
1372 1007 1385 1029 ‚

305 1051 495 1102 Publica
518 1069 657 1118 quum
678 1049 844 1099 lentam
867 1069 962 1098 non
986 1050 1105 1117 capit
1126 1050 1192 1099 ira
1214 1068 1398 1099 moram.

239 1130 317 1180 Nil
341 1150 424 1194 ego
447 1129 647 1197 peccavi;
671 1129 760 1177 nisi
784 1129 823 1177 si
844 1148 1023 1195 peccare
1046 1141 1249 1188 vocatur,

1650 1140 1671 1173 CX

304 1209 471 1258 Annua
493 1207 655 1257 cultori
677 1226 812 1274 poma
832 1206 993 1256 referre
1018 1226 1115 1255 suo.

241 1286 306 1336 At
326 1287 454 1355 prius
478 1286 742 1343 arboribUS‚
771 1297 867 1335 tum
892 1305 1030 1353 quum
1055 1284 1236 1335 meliora
1259 1284 1381 1334 suere

279 1372 282 1373 ⁷
305 1367 551 1434 Tempora,
577 1377 797 1415 certamen
814 1364 1056 1414 fertilitatis
1079 1375 1184 1413 erat.

242 1445 399 1511 Quum
421 1445 592 1494 domini
612 1464 830 1494 memores
850 1444 979 1493 sertis
998 1462 1158 1492 ornare
1183 1440 1390 1509 solebant

283 1589 302 1607 *
321 1589 417 1626 Sunt
438 1589 500 1637 qui
519 1597 674 1626 asserant
686 1617 696 1635 ,
719 1589 787 1625 hoc
807 1602 921 1636 opus-

239 1641 361 1687 culum
382 1641 426 1677 de
450 1643 546 1678 Nuce
566 1643 652 1678 salso
676 1642 822 1678 adscribi
847 1643 922 1678 Na-

238 1694 340 1730 soni:
371 1707 438 1742 ego
456 1707 541 1730 vero
553 1721 563 1739 ,
590 1702 630 1730 ut
645 1707 719 1730 non
738 1695 897 1741 negarim
909 1721 920 1739 ‚

239 1745 411 1783 Ovidium
430 1748 617 1793 juvenem,
638 1754 674 1782 et
698 1746 812 1782 adhue
834 1747 923 1782 tiro-

238 1799 374 1835 nemin
386 1800 572 1835 Musarum
584 1800 706 1835 militia
717 1826 726 1844 ,
743 1800 816 1835 hoec
827 1799 924 1845 quasi

237 1852 292 1887 sui
332 1853 675 1898 proeexercitamenta
713 1853 883 1898 scripsisse
912 1880 922 1896 ,

238 1905 386 1940 meliora
402 1905 546 1950 quidem
567 1906 686 1939 sutura
701 1931 710 1948 ,
740 1906 768 1939 si
788 1905 824 1938 in
839 1917 924 1951 pro-

237 1957 431 1993 vectiorem
459 1964 598 1992 aetatem
629 1956 836 1997 distulisset;
874 1957 923 1991 sic

237 2009 365 2056 ipsius,
387 2021 461 2044 non
484 2009 624 2044 alterius
648 2015 760 2055 poetae
782 2016 923 2054 partum

238 2075 311 2098 esse
331 2063 556 2098 asseverarim
570 2089 580 2107 ,
609 2061 703 2108 quod
722 2075 763 2097 ex
783 2062 923 2098 dicendi

239 2115 439 2151 charactere
462 2115 574 2161 quivis
591 2142 601 2159 ‚
623 2115 678 2150 vel
698 2114 923 2150 mediocriter

239 2168 399 2204 eruditus
409 2194 419 2212 ,
432 2167 698 2214 deprehendere
714 2168 852 2214 poterit.
869 2168 922 2202 M.

287 2235 315 2256 1.
337 2222 418 2256 Nus
429 2234 492 2266 ego
505 2227 570 2255 etc.
593 2219 751 2267 Contigit
766 2220 833 2255 hoc
849 2221 923 2254 sor-

241 2280 327 2308 tuna
340 2272 491 2319 quadam
505 2272 586 2307 huic
598 2272 727 2319 Elegiae
736 2299 747 2317 ,
763 2279 803 2307 ut
816 2273 922 2308 inter-

240 2333 378 2372 pretem
394 2325 655 2361 nancisceretur
670 2325 786 2360 virum
807 2325 923 2361 saeculi

240 2377 465 2414 decimi-sexti
482 2378 603 2413 lumen
615 2377 739 2423 ingens
750 2385 785 2413 et
796 2378 901 2414 decus
910 2404 921 2422 ,

239 2429 400 2466 Desider.
422 2430 632 2473 Erasmurn3
654 2431 713 2477 qui
734 2430 762 2465 si
783 2431 868 2466 tales
884 2431 921 2466 in

241 2483 413 2519 Ovidium
425 2496 571 2518 omnem
581 2497 680 2519 curas
692 2483 919 2529 extendisset,

238 2537 294 2571 vix
314 2536 481 2582 equidem
501 2537 614 2580 sentio
634 2536 718 2583 quid
744 2537 921 2583 agendum

239 2588 385 2635 posteris
417 2589 619 2636 reliquisset.
658 2589 742 2624 Jam
775 2590 817 2624 ab
853 2589 921 2626 hoc

240 2654 342 2676 versu
355 2642 480 2687 primo
494 2669 504 2687 ,
527 2642 636 2677 leonis
662 2654 818 2688 unguem
837 2655 921 2678 sen-

240 2694 303 2729 tias
315 2721 324 2737 ‚
344 2694 381 2728 in
397 2694 605 2740 exponendo
619 2707 686 2740 qua
701 2693 920 2740 potissimum

241 2753 314 2781 arte
330 2747 459 2782 Noster
472 2746 639 2782 lectorem
655 2760 774 2782 secum
788 2746 825 2781 in
841 2761 919 2782 rem

240 2798 394 2834 mediam
408 2800 536 2846 rapiat3
554 2807 608 2846 et,
626 2799 759 2836 omissis
775 2800 920 2847 quibus-

986 1602 1139 1635 cumque
1154 1587 1330 1635 praeludiis
1339 1614 1348 1631 ,
1363 1586 1398 1622 id
1411 1587 1528 1623 statim
1543 1586 1587 1622 de
1600 1599 1671 1633 quo

987 1643 1100 1688 agitur
1113 1642 1172 1677 det
1188 1639 1467 1686 intelligendum.
1483 1658 1527 1667 --
1541 1642 1672 1675 Juncta

986 1698 1059 1730 vz'ae.
1079 1695 1260 1738 Proxima,
1279 1693 1453 1739 contigua.

1031 1763 1063 1783 2.
1085 1750 1196 1783 Pelor.
1218 1747 1411 1783 Percutior.
1430 1746 1506 1781 Val.
1524 1746 1670 1781 Blaxim.

989 1801 1046 1836 lib.
1061 1813 1086 1836 v
1097 1828 1106 1846 ,
1125 1815 1197 1847 cap.
1214 1811 1271 1836 111.
1287 1801 1459 1846 Lycurgus
1472 1812 1560 1844 ,τιμε
1573 1801 1672 1843 lapi-

989 1857 1087 1889 dibus
1096 1857 1227 1898 petitus
1239 1856 1302 1887 cst.
1478 1877 1495 1892 z

1034 1906 1065 1940 3.
1084 1907 1239 1940 Obruem.
1251 1904 1409 1950 Proprie.
1422 1904 1562 1938 Dicitur
1573 1904 1670 1939 enim

989 1956 1240 2002 elegantissime
1254 1983 1264 2002 ,
1276 1956 1363 1991 saxis
1374 1963 1410 1991 et
1426 1955 1594 2002 lapidibus
1608 1956 1671 1991 ali-

989 2021 1094 2054 quem
1114 2011 1259 2044 obruere.

1033 2063 1062 2095 5.
1087 2063 1170 2095 Nisi
1179 2065 1216 2097 si
1221 2061 1530 2107 peccaresalemur.
1559 2062 1672 2095 Voca-

988 2117 1046 2147 tur
1069 2114 1204 2159 praetuli
1232 2127 1241 2149 ε
1280 2113 1405 2148 eadem
1433 2115 1581 2148 varietas
1607 2123 1638 2147 11
1658 2139 1668 2157 ,

988 2165 1095 2200 Pont.
1111 2176 1142 2200 11
1154 2192 1164 2209 ‚
1190 2175 1251 2212 19:

987 2221 1079 2254 thue
1088 2222 1171 2254 magis
1181 2221 1251 2246 οιιιιὶ
1262 2226 1371 2254 possunt
1383 2221 1521 2255 timidique
1532 2221 1625 2246 videri.

989 2270 1060 2305 Ubi
1076 2274 1197 2306 vocari
1204 2270 1305 2306 codd.
1322 2271 1495 2306 nonnulli.
1519 2273 1670 2307 Peccaoe

987 2321 1091 2356 etiarn
1099 2335 1164 2367 pro
1171 2323 1473 2368 peccato,Terent.
1484 2324 1596 2359 Andr.
1605 2332 1669 2360 act.

986 2390 1018 2411 v.
1030 2390 1074 2412 sc.
1087 2377 1118 2411 3.
1128 2390 1159 2411 v.
1173 2379 1225 2411 55.
1237 2377 1465 2422 Siidpeccaoe
1475 2381 1538 2418 est,
1547 2378 1674 2423 faleor

985 2432 1028 2465 id
1039 2443 1172 2476 quoque.
1190 2430 1298 2465 Unde
1317 2430 1374 2465 hic
1383 2431 1543 2476 fatemur
1553 2438 1669 2477 posset

986 2483 1139 2519 defendi.
1162 2484 1237 2519 Nec
1258 2491 1374 2519 tamen
1393 2486 1534 2518 docetur
1543 2483 1668 2517 admo-

986 2537 1072 2572 dum
1087 2536 1254 2583 displicet,
1269 2543 1308 2572 ut
1322 2537 1365 2572 sit
1376 2549 1439 2583 pro
1456 2535 1667 2579 ostenditur,

984 2588 1153 2637 probatur
1164 2602 1172 2624 ε
1183 2590 1230 2624 ita
1239 2589 1384 2624 Terent.
1404 2588 1504 2623 Adel.
1521 2599 1548 2632 1,
1562 2602 1594 2631 2,
1609 2589 1663 2631 45,

985 2647 1019 2678 Ie
1027 2645 1130 2688 plura
1143 2646 1180 2677 in
1194 2645 1260 2677 hac
1275 2655 1310 2676 m
1321 2654 1464 2687 peccare
1482 2642 1669 2676 ostendam.

1028 2696 1059 2730 5.
1083 2695 1227 2740 Befi‘tre
1242 2707 1314 2730 suo.
1331 2695 1411 2730 ,Μεο
1423 2723 1432 2737 ,
1456 2694 1669 2730 Bodleianus

984 2762 1003 2783 a
1020 2761 1130 2783 manu
1145 2748 1307 2783 secunda.

1032 2814 1064 2849 9.
1080 2803 1187 2846 Quum
1197 2803 1491 2837 dominimemores
1500 2802 1671 2834 serlz‘setc.
