1884 3112
299 239 385 314 45'0

672 232 730 302 P(
759 258 991 333 ovmn
1025 257 1329 304 NASONIS

296 350 445 415 Atque
469 348 612 397 avium
639 349 786 397 dulces
809 350 941 398 nidos
963 350 1139 398 imitata
1153 350 1237 398 sub
1261 348 1419 408 undis;

297 428 357 474 Et
379 425 589 492 Squalus,
614 438 657 474 et
681 427 801 474 tenui
825 427 1021 476 suffusus
1045 428 1256 490 sanguine
1282 427 1453 476 Mullus
1474 445 1486 476 z

294 503 532 566 Fulgentes
554 502 694 552 Soleae
716 503 902 551 candore
917 541 928 561 ‚
957 515 1001 552 et
1025 504 1235 557 concolor
1256 504 1345 553 illis

296 579 477 636 Passer,
504 590 547 627 et
570 577 759 627 Achiaco
783 580 1008 628 miiandus
1030 580 1160 629 litore
1184 581 1454 630 Rhombus:

1648 592 1713 628 12⁵

297 658 425 705 Tunc
448 655 628 721 Epodes
651 654 753 714 lati,
779 667 873 704 tum
894 655 1050 705 molles
1075 669 1248 745 tergore
1270 659 1420 706 Ranae.

298 733 495 782 Extremi
522 744 678 799 parent
703 770 977 780 ........

303 833 979 847 οοοοοοοοοοοοοοοοοοο

1007 770 1456 782 0000000000000

1008 835 1402 847 ooooooooooo

299 941 520 990 Lubricus
543 951 587 987 et
611 939 738 1005 spina
759 958 930 988 nocuus
953 960 1046 988 non
1073 941 1247 989 Gobius
1270 940 1381 999 ulla,

300 1021 362 1068 Et
383 1018 559 1080 nigrum
584 1017 712 1065 niveo
738 1026 919 1083 portans
943 1016 990 1064 in
1015 1036 1201 1083 corpore
1223 1015 1344 1065 virus

348 1147 419 1168 122.
443 1133 555 1178 Atque
567 1135 675 1166 avium
690 1133 805 1166 dulces
815 1138 878 1166 etc.
895 1129 977 1166 Sola

303 1186 430 1222 Phucis
447 1192 520 1228 est,
545 1197 621 1229 quae
635 1184 672 1219 in
695 1184 790 1229 aquis
811 1183 976 1218 nidificat.

304 1237 410 1272 Arist.
421 1237 477 1270 lib.
488 1247 557 1270 vm
567 1262 576 1279 ,
589 1235 659 1270 fine
673 1242 771 1277 εΜονὴ
787 1239 910 1274 δ’ἐΦυκὶς
919 1241 978 1270 τῶν

304 1293 468 1325 θαλαττίων
483 1290 595 1331 ἰχθύων
612 1288 748 1329 ς-ιβάδας
765 1294 894 1322 ποιεῖται
913 1293 978 1320 etc.

306 1341 400 1386 Quae
412 1340 459 1374 ita
472 1339 574 1373 vertit
590 1338 735 1382 Plinius,
751 1338 807 1372 lib.
819 1349 870 1382 1x,
880 1352 908 1372 c.
920 1338 977 1372 26:

301 1395 431 1428 Eadem
437 1394 580 1436 pisc1'um
587 1393 662 1425 sola
667 1393 821 1436 ne‘a'tfical
825 1404 868 1425 ex
876 1394 956 1435 alga
966 1418 974 1432 ‚

302 1449 402 1489 alque
416 1447 451 1478 1‘n
466 1445 544 1478 m‘do
555 1446 658 1488 parit.
673 1443 766 1488 Lego
783 1443 898 1488 itaque
912 1442 979 1477 hoc

301 1496 378 1530 loco
412 1506 422 1527 .·
447 1495 561 1539 Atque
587 1498 698 1529 avium
727 1496 853 1541 Phyct’s
881 1496 980 1528 nidos

303 1551 447 1581 imitata.
471 1565 515 1572 -
530 1546 807 1592 Ingeniosissirne
826 1546 952 1580 Vlitius
968 1572 978 1590 ,

305 1599 363 1644 qui
382 1598 518 1632 videtur
527 1599 605 1633 felix
618 1605 688 1632 tam
699 1598 779 1641 hoc,
795 1611 900 1643 quam
908 1598 980 1634 aliis

303 1650 407 1694 huius
423 1649 587 1695 poematii
602 1649 683 1697 locis
701 1650 836 1695 egregie
854 1663 872 1684 a
884 1663 919 1684 se
937 1650 980 1683 il-

304 1702 456 1736 lustratis
475 1711 484 1732 τ
502 1701 565 1735 sub
587 1701 731 1735 nomine
759 1703 869 1735 dulcis
896 1701 980 1735 latet

304 1766 438 1789 nomen
452 1753 559 1798 piscis.
572 1753 703 1788 HEINs.
719 1772 764 1779 —-
775 1753 980 1788 Harduinus

306 1806 349 1840 ad
359 1805 449 1840 Plin.
462 1805 518 1838 lib.
531 1815 568 1838 1x
578 1830 587 1848 ,
602 1817 673 1849 cap.
690 1805 730 1838 26
744 1831 753 1848 ,
764 1804 846 1850 legit
857 1804 980 1839 etiam:

306 1859 420 1902 Atque
441 1857 563 1891 Avium
584 1858 709 1903 Phycis
732 1859 830 1890 nidos
847 1860 982 1890 imitata

305 1911 367 1944 sub
376 1910 493 1943 undas.
506 1907 657 1942 Perinde
669 1907 764 1952 quasi
775 1908 872 1942 Vlitii
883 1915 982 1942 notas

307 1974 503 2006 numquam
519 1959 717 2006 inspexisset
731 1974 739 2001 3
757 1960 816 1994 sed
830 1960 877 1995 sic
886 1961 982 1996 solet.

354 2013 425 2047 123.
445 2014 496 2047 Et
509 2013 649 2057 Squalus
665 2018 728 2046 etc.
741 2012 793 2046 Ita
808 2011 983 2047 Gesnerus

308 2071 343 2099 et
355 2064 577 2100 recentiores:
591 2062 681 2097 Edd.
701 2063 779 2097 Ald.
795 2071 829 2098 et
846 2064 937 2098 Pith.
950 2069 988 2098 ct

310 2118 453 2162 Squalus
480 2118 581 2149 tenui.
623 2115 715 2149 Nam
740 2115 850 2160 prima
872 2117 986 2161 potius

267 2198 273 2206 ,
309 2166 535 2213 producenda
544 2173 594 2201 est
604 2192 612 2208 ‚
627 2166 695 2201 sive
713 2179 753 2201 ex
768 2169 889 2214 κέφαλος
900 2181 986 2202 con-

310 2219 461 2254 trahitur
471 2245 480 2262 ,
493 2218 584 2263 quod
596 2218 754 2252 Gesnero
762 2218 886 2260 visum;
894 2220 964 2254 sive
974 2246 984 2263 ,

310 2277 351 2305 ut
365 2269 582 2304 verisimilius
593 2296 601 2310 ‚
621 2282 640 2303 a
654 2272 799 2315 squaleo.
814 2270 920 2305 MSS.
939 2272 990 2304 Et

311 2334 394 2367 squa
415 2325 452 2355 et
474 2324 575 2355 tenui.
606 2321 675 2355 Hic
702 2321 818 2366 itaque
843 2322 962 2356 malim
977 2335 986 2357 :

311 2375 363 2408 Et
369 2377 508 2418 squatus
516 2377 552 2406 et
558 2374 658 2406 tenui.
671 2372 717 2406 Et
725 2374 874 2417 squalum
885 2386 987 2418 supra

312 2424 356 2459 ad
366 2438 413 2459 vs.
426 2438 438 2458 ι
449 2425 499 2467 18,
509 2423 662 2469 relegare
671 2425 810 2468 :squam
823 2426 990 2460 Scombn‘-

311 2489 373 2521 que
382 2503 389 2514 ‚
402 2477 583 2520 Boo-esque.
598 2476 741 2520 Squatus
750 2476 967 2510 autemidem
976 2504 985 2521 ,

313 2530 542 2572 qulsqualina,
556 2534 594 2561 ut
604 2526 754 2561 ostendit
766 2527 871 2563 Gesn.
883 2529 989 2563 VLIT.

315 2595 359 2604 —-
375 2579 512 2613 Mullus.
532 2578 651 2613 Graece
665 2605 674 2622 ‚
698 2584 802 2628 τρίγλα
821 2591 829 2611 1
853 2580 987 2624 italice,

321 2632 460 2674 Triglia.
477 2631 634 2677 Pelagius
651 2639 701 2666 est
717 2632 851 2667 Galeno
867 2643 876 2664 ε
893 2633 991 2667 Aris-

316 2681 412 2715 toteli
423 2695 519 2725 vero,
533 2683 687 2718 litoralis:
700 2683 863 2729 Oppiano
874 2691 990 2718 autem

315 2733 462 2768 saxatilis
482 2734 608 2770 dicitur
623 2746 631 2768 :
647 2736 737 2781 parit
754 2743 807 2774 ter
819 2737 856 2773 in
878 2748 991 2772 anno:

1041 1129 1165 1166 Dianae
1176 1130 1439 1166 sacrificabatur.
1455 1129 1618 1166 Oceanus
1632 1129 1717 1176 Sep·

1042 1182 1270 1218 temtrionalis
1282 1209 1292 1227 ,
1312 1189 1348 1218 et
1368 1182 1602 1218 Occidentalis
1621 1181 1718 1224 hum:

1041 1248 1115 1270 non
1135 1233 1255 1281 gignit.
1281 1232 1398 1270 Carne
1411 1261 1422 1279 ‚
1446 1233 1537 1281 alga,
1559 1234 1691 1271 concha
1704 1260 1718 1278 ,

1042 1294 1077 1322 et
1103 1299 1202 1322 coeno
1223 1287 1381 1322 vescitur.
1405 1285 1578 1332 Leporem
1601 1286 1718 1321 mari-

1042 1352 1130 1373 num
1156 1339 1351 1384 insequitur
1366 1349 1374 1371 z
1400 1337 1536 1374 homini
1559 1351 1692 1374 nocuus
1704 1364 1717 1382 ‚

1042 1397 1078 1426 et
1094 1391 1309 1426 eovescitur.
1328 1389 1433 1426 C1or'.

1090 1444 1159 1486 124.
1178 1443 1290 1477 Soleoe.
1303 1443 1420 1488 Hujus
1432 1442 1517 1478 item
1529 1441 1629 1488 piscis
1639 1454 1720 1477 cre-

1042 1493 1194 1528 berrima
1216 1494 1307 1540 apud
1324 1494 1480 1529 Plinium
1500 1492 1645 1541 mentio.
1665 1493 1720 1528 In.

1092 1548 1163 1580 125.
1182 1548 1315 1580 Passer.
1340 1546 1382 1580 In
1399 1558 1499 1581 coeno
1512 1544 1615 1591 degit.
1632 1544 1719 1591 Op-

1044 1597 1136 1643 pian.
1143 1616 1187 1623 —
1195 1600 1378 1633 Rhombus.
1387 1598 1410 1633 J
1413 1611 1516 1633 uven.
1527 1597 1598 1633 Sat.
1606 1608 1657 1641 lv,
1666 1597 1721 1644 39:

1043 1652 1140 1676 Incidit
1148 1652 1255 1677 Adi-iaci
1268 1653 1380 1685 spatium
1392 1652 1543 1678 admirabile
1552 1651 1677 1677 Rhombi.

1093 1700 1164 1734 126.
1193 1701 1287 1734 Tunc
1301 1702 1437 1744 Epodes
1452 1703 1526 1734 lati.
1542 1699 1600 1734 Sic
1615 1699 1721 1740 etiam

1046 1750 1182 1785 Plinius
1199 1752 1359 1786 nominat
1375 1765 1415 1786 ex
1432 1751 1571 1787 ovidio.
1588 1750 1640 1786 Ex
1649 1750 1722 1786 aliis

1047 1802 1156 1847 (quod
1171 1803 1291 1846 sciam)
1310 1815 1417 1837 nemo
1432 1802 1500 1837 hoc
1512 1815 1643 1838 nomen
1657 1815 1724 1848 po-

1046 1854 1124 1888 suit.
1151 1856 1288 1898 Lupidae
1304 1854 1409 1900 vulgo
1432 1853 1597 1889 dicuntur
1616 1854 1724 1901 pisces

1048 1905 1189 1950 quidam
1197 1905 1289 1951 plani
1299 1904 1459 1940 etlati.G
1460 1932 1468 1940 .
1478 1904 1640 1943 ——MSS.
1654 1907 1724 1940 le-

1043 1970 1142 2001 pores
1150 1960 1227 1991 loele'.
1237 1957 1326 1991 Plin.
1334 1956 1512 2002 excerpsit,
1521 1953 1654 2001 Epodessr
1659 1960 1730 1992 lati

1046 2009 1307 2052 generzk.V11'r.
1322 2027 1367 2035 —
1381 2010 1499 2043 Rana.
1515 2008 1632 2044 Ranas
1647 2022 1725 2044 ma-

1050 2060 1143 2095 rinas
1156 2059 1198 2094 de
1209 2060 1353 2105 piscium
1365 2073 1491 2106 genere
1507 2060 1671 2107 intelligo.
1678 2060 1723 2096 G.

1098 2127 1169 2158 127.
1191 2113 1351 2147 Pascunt.
1369 2112 1446 2147 Ald.
1463 2116 1608 2148 extremi
1612 2127 1688 2158 pas.
1706 2114 1726 2133 ’⁸

1052 2163 1160 2197 MSS.
1179 2169 1213 2197 et
1225 2162 1314 2198 Pith.
1326 2167 1469 2198 extremi
1475 2177 1608 2208 paoeuc.
1619 2164 1636 2183 *
1647 2165 1724 2211 Ego

1051 2214 1183 2258 reliqua
1201 2227 1241 2248 ex
1252 2213 1406 2260 Oppiani
1422 2216 1502 2250 Hal.
1519 2216 1547 2251 I.
1565 2215 1665 2252 initio
1677 2217 1726 2252 ita

1051 2265 1204 2309 supplevi
1222 2275 1230 2297 ε

1052 2325 1169 2349 Extremi
1182 2330 1290 2358 pascunt
1297 2344 1306 2356 ‚
1317 2330 1422 2359 propter
1432 2325 1541 2352 confinia
1549 2326 1627 2360 ripn,

1053 2372 1109 2398 Aut
1121 2373 1176 2397 lixae
1186 2373 1299 2406 scopulis
1310 2373 1422 2405 haerent,
1432 2375 1572 2409 Pernaeque
1584 2375 1728 2410 Sudesque.

1053 2422 1230 2466 Pemoeque
1251 2422 1417 2467 Sudesque
1439 2436 1479 2458 ex
1503 2423 1618 2458 Plinio
1633 2450 1642 2467 ,
1669 2423 1730 2469 qui

1054 2472 1135 2507 hinc
1146 2473 1308 2507 citaverat
1321 2500 1330 2517 ,
1348 2473 1383 2508 in
1400 2474 1515 2509 locum
1531 2474 1626 2510 huuc
1639 2481 1730 2520 post·

1054 2525 1189 2560 liminio
1205 2526 1348 2561 restitui.
1366 2527 1471 2561 Vm.

1102 2577 1172 2610 128.
1199 2579 1337 2612 Gobl‘us.
1365 2580 1473 2613 Gobii
1494 2578 1545 2613 vel
1570 2580 1671 2614 Cobit'
1689 2577 1727 2612 in

1055 2629 1160 2674 petris
1172 2637 1207 2664 et
1219 2630 1331 2664 arenis
1345 2630 1476 2675 degunt
1488 2630 1637 2664 AEliano.
1657 2630 1727 2664 Lu-

1056 2684 1165 2715 brz'cus
1200 2681 1303 2716 Gobii
1339 2682 1516 2728 epitheton
1553 2681 1696 2715 dixerim
1717 2689 1726 2711 Ξ

1034 2748 1269 2782 *quamquam
1286 2737 1436 2771 Olisthos
1445 2762 1454 2779 ‚
1469 2735 1501 2770 id
1517 2741 1566 2772 est
1577 2732 1727 2771 lubricus,
