1884 3112
316 244 388 287 38⁴

781 243 1134 288 EPISTOLA
1167 245 1238 288 ΙΙ.

316 335 401 383 Cui
423 354 518 384 mea
539 335 766 397 virginitas
789 335 943 382 avibus
966 333 1104 382 libata
1126 335 1336 392 sinistris,

1666 353 1726 386 115

383 405 599 478 Castaque
622 410 763 458 fallaci
786 429 895 458 zona
918 410 1107 458 recincta
1129 429 1274 458 manu.

318 488 528 536 Pronuba
548 487 792 552 Tisiphone
816 486 1016 535 thalamis
1039 485 1225 535 ululavit
1246 487 1294 534 in
1315 485 1425 543 illis,

382 566 442 611 Et
466 564 622 612 cecinit
642 575 843 612 maestum
865 564 987 612 devia
1010 583 1181 612 carmen
1200 564 1301 611 avis.

321 726 467 767 Hebros-‚¹
478 731 513 759 et
523 723 569 759 ita
578 724 698 759 Amor.
706 737 733 768 1,
743 724 839 771 Eleg.
846 735 929 767 vm,
938 726 991 759 50:

319 781 359 805 'Ut
369 781 435 805 celer
446 781 563 806 admissis
571 781 666 805 labitur
678 782 759 806 amnis
770 781 853 814 aquis.
868 769 973 811 fiunis.

322 830 393 864 Pro
418 832 525 873 exigit
541 855 549 870 ‚
572 829 610 863 in
638 829 843 863 Sarraviano
872 828 992 877 [codice

318 887 392 915 erat
413 885 563 922 exseri&
584 880 644 915 sed
664 880 749 915 nihil
762 880 987 918 mutandum:

321 932 497 977 eleganter
505 932 600 967 enim
607 937 705 966 notat
712 932 882 975 evolvere,
895 938 930 966 et
943 945 995 966 ex-

318 984 446 1030 pellere
460 997 584 1029 aquam
598 997 660 1030 per
673 984 800 1019 ostium
824 984 862 1018 in
879 996 994 1018 mare:

319 1036 369 1071 ita
382 1037 541 1081 Propert.
554 1047 608 1070 111.
625 1036 721 1082 Eleg.
741 1046 802 1071 XIX
813 1063 823 1080 ,
841 1037 872 1070 3.

322 1096 366 1120 Tu
376 1104 479 1129 quoque
486 1114 494 1126 ‚
509 1095 556 1129 qui
562 1096 664 1120 'aestivos
673 1095 809 1129 spatiosius
821 1096 907 1129 exigis
916 1095 997 1128 ignes,

356 1144 449 1169 Phoebe
459 1162 466 1174 ,
479 1149 613 1169 moraturae
624 1143 743 1169 contrahe
755 1144 821 1168 lucis
832 1143 889 1168 iter.

326 1192 429 1227 Silius
441 1203 486 1227 111
501 1217 511 1236 ,
527 1178 608 1239 395:

566 1250 623 1275 Aut
639 1251 724 1284 exigit
738 1249 840 1276 Umber

375 1296 446 1323 Nare
461 1305 537 1329 sagax
553 1305 568 1320 e
583 1296 648 1320 calle
664 1295 739 1320 selas.

329 1345 444 1379 Livius
459 1356 503 1379 111
517 1370 527 1388 ‚
543 1344 583 1379 51
599 1356 607 1378 :
624 1345 760 1378 Pulsum
772 1356 833 1378 vos
843 1346 1000 1379 immissis

330 1400 423 1441 equis
435 1399 559 1440 exigite
579 1409 599 1430 e
614 1408 740 1440 campo.
760 1395 895 1430 Eadem
912 1397 1000 1431 ratio

326 1448 362 1482 in
384 1444 556 1482 locutione
573 1450 705 1491 exigere
718 1460 830 1482 ensem
841 1474 850 1488 ‚
868 1447 912 1482 de
933 1461 1001 1493 qua

331 1500 419 1534 alibi.
439 1500 568 1534 Bunm.

376 1553 446 1585 115.
473 1553 539 1586 Cui
550 1563 634 1585 mea.
658 1550 804 1585 Mallem
818 1550 885 1586 hoc
904 1550 1002 1587 disti-

331 1603 422 1638 chon
448 1603 561 1648 legere
587 1615 668 1638 cum
695 1609 779 1637 nota
800 1602 1002 1650 interroga-

330 1654 449 1698 tionis,
460 1657 562 1689 utcui
569 1667 650 1689 cum
660 1654 838 1690 stomacho
850 1667 1002 1700 pronun-

290 1721 292 1723 *
331 1706 441 1741 cietur
450 1720 459 1747 ;
470 1705 505 1740 id
514 1712 577 1750 est,
587 1719 691 1752 quam
700 1705 809 1740 infido
820 1713 855 1741 et
861 1707 1003 1751 perjuro

335 1757 479 1791 amatori
486 1757 718 1804 virginitatem
722 1757 897 1793 libandam
904 1757 1003 1792 dedi?

335 1808 477 1854 Epistol.
488 1809 617 1854 seq.51.
635 1811 773 1850 Cuirne,
787 1812 942 1850 violente,
957 1822 1005 1844 re-

335 1862 455 1904 linquis
469 1860 488 1894 ?
505 1860 634 1895 BURM.
649 1877 692 1887 ·-
709 1863 774 1895 Cui
781 1873 856 1895 mea
865 1864 1006 1905 virgini-

337 1916 392 1945 tas
407 1917 470 1945 etc.
493 1911 576 1946 Non
596 1918 647 1946 est
667 1925 729 1947 cur
748 1912 815 1947 hoc
836 1912 1006 1948 distichon

337 1976 418 1998 cum
444 1963 723 2010 interrogationis
747 1971 831 1999 nota
852 1964 1006 2010 legatur;

338 2022 372 2048 et
387 2015 533 2049 verbum
553 2019 629 2056 cui,
653 2029 725 2050 curn
741 2019 911 2053 stomacho
926 2029 1008 2060 pro-

337 2070 526 2106 manetur,
549 2073 589 2101 ut
602 2068 751 2104 malebat
764 2068 958 2102 Burmann.

382 2131 396 2152 1
405 2117 454 2151 16.
468 2119 632 2163 Castaque
633 2120 765 2162 fallaci
766 2134 854 2155 zona
860 2123 1008 2155 recincta

337 2181 446 2203 manu.
459 2169 531 2204 Nos
551 2169 593 2204 ad
607 2170 852 2216 Virginensem
871 2172 986 2206 Deam
997 2198 1008 2215 ,

340 2232 444 2266 quam
459 2220 505 2254 illi
519 2221 619 2265 prisci
639 2222 796 2258 colebant
809 2237 847 2259 ac
860 2236 1008 2258 venera-

341 2273 469 2307 bantur
482 2297 492 2315 ,
518 2272 743 2307 referendum
768 2274 1010 2309 existimamus.

343 2323 509 2360 solebant
539 2323 635 2358 enim
668 2324 735 2359 viri
765 2325 876 2370 prima
907 2332 1010 2360 nocte

339 2387 472 2421 sponsae
494 2386 617 2409 zonam
638 2376 676 2410 in
691 2377 904 2422 Virginensis
924 2377 1011 2411 Deae

339 2427 512 2462 honorem
535 2427 666 2462 solvere
680 2453 690 2471 ,
714 2428 807 2473 quod
832 2429 1011 2463 Homerus

342 2480 379 2512 in
393 2485 422 2514 A
436 2478 614 2526 Odysseae,
622 2479 675 2514 his
687 2480 798 2515 verbis
805 2480 927 2526 tetigit,
938 2481 1011 2524 244.

344 2535 411 2565 λῦσε
426 2535 457 2565 δὲ
469 2536 629 2576 παρθενίην
639 2533 736 2574 ζώνην
746 2545 754 2574 ;
769 2531 836 2567 hoc
842 2538 906 2576 est,
914 2534 1015 2566 solvit

340 2585 452 2615 aulem
465 2585 660 2626 virginalem
681 2594 826 2625 zonam‚·
850 2583 893 2618 ad
917 2582 1010 2629 quod

343 2639 394 2666 est
409 2645 546 2678 quoque
559 2634 784 2669 referendum
794 2634 920 2669 Catulli
935 2647 1012 2669 car-

342 2697 425 2719 men
435 2697 444 2718 ι
456 2687 555 2728 Quod
560 2698 678 2720 zonam
683 2689 848 2721 soliiddiu
853 2689 1008 2731 ligatam3

342 2736 422 2771 licet
436 2736 549 2782 aliter,
558 2750 631 2773 non
642 2738 732 2775 bene
742 2764 752 2783 ,
760 2739 909 2775 sentiant
919 2750 1012 2774 com-

1053 730 1276 770 mentatores.
1292 723 1443 758 SCOPPA.
1471 724 1615 759 Festum
1629 725 1730 761 adeas

1054 775 1092 810 in
1109 776 1214 810 verbo
1243 777 1381 819 Cingulo
1393 802 1401 816 ‚
1426 776 1524 822 cujus
1547 776 1623 811 haec
1647 785 1732 824 sunt

1056 827 1175 862 verba:
1189 842 1206 857 «
1223 826 1372 872 Cingulo
1379 840 1470 862 nova
1477 835 1586 873 nupta
1591 829 1733 874 praecin·

1058 879 1219 925 gebatur,
1235 879 1328 923 quod
1340 879 1392 912 vir
1407 879 1444 913 in
1459 879 1548 914 lecto
1558 879 1710 914 solvebat
1720 907 1730 923 ‚

1058 932 1187 965 sactum
1203 944 1243 964 ex
1259 931 1336 964 lana
1351 930 1422 964 ovis
1436 944 1444 965 :
1460 938 1499 965 ut
1512 931 1599 966 sicut
1615 931 1672 966 illa
1694 931 1734 966 in

1060 983 1191 1028 glomos
1197 982 1325 1017 sublata
1334 982 1519 1028 conjuncta
1528 982 1620 1017 inter
1630 995 1666 1017 se
1679 982 1732 1026 fit,

1059 1034 1106 1069 sic
1121 1035 1173 1068 vir
1186 1047 1267 1069 suus
1280 1047 1398 1069 secum
1413 1034 1556 1079 cinctus,
1573 1034 1733 1069 vinctus-

1061 1098 1128 1130 que
1151 1094 1247 1120 esset.
1271 1087 1380 1120 Hunc
1397 1086 1619 1121 Herculaneo
1639 1085 1733 1120 nodo

1060 1137 1216 1172 vinctum
1227 1138 1280 1171 vir
1294 1137 1394 1172 solvit
1409 1137 1534 1172 ominis
1551 1138 1658 1184 gratia
1672 1151 1681 1172 τ
1696 1144 1735 1171 ut

1061 1189 1108 1223 sic
1123 1190 1193 1233 ipse
1209 1189 1287 1224 felix
1301 1188 1343 1224 sit
1359 1190 1395 1224 in
1412 1189 1634 1235 suscipiendis
1648 1188 1736 1223 lihe-

1063 1240 1122 1283 ris,
1138 1246 1176 1273 ut
1190 1241 1254 1275 suit
1263 1240 1444 1285 Hercules,
1461 1241 1518 1286 qui
1527 1253 1595 1275 Lxx
1610 1240 1735 1275 liberos

1062 1291 1212 1336 reliquit.
1223 1306 1239 1322 »ι
1249 1291 1438 1326 Dicebatur
1448 1299 1483 1327 et
1493 1298 1603 1327 cestus
1616 1304 1624 1326 :
1639 1291 1735 1326 unde

1063 1346 1202 1378 inceste
1229 1344 1360 1389 nuptiae
1389 1343 1565 1390 appellatae
1580 1369 1590 1387 ,
1615 1343 1737 1389 prohi-

1064 1395 1161 1438 bitae,
1177 1408 1250 1429 non
1274 1395 1433 1441 legitimae
1448 1410 1457 1437 ;
1473 1395 1510 1430 in
1525 1396 1647 1441 quibus
1661 1407 1738 1430 ces-

1066 1451 1120 1480 tus
1131 1459 1204 1481 non
1222 1454 1310 1482 esset
1325 1447 1505 1482 adhibitus.
1524 1447 1628 1483 Clor.

1113 1511 1126 1531 1
1136 1512 1147 1531 1
1156 1512 1184 1543 7.
1205 1500 1359 1532 Pronuba
1380 1500 1559 1543 Tisiphone
1570 1526 1579 1541 ,
1600 1498 1658 1535 Sic
1671 1498 1739 1534 Se-

1065 1562 1170 1592 neca,
1190 1550 1309 1595 OEdip.
1323 1550 1409 1595 644:

1066 1610 1101 1636 Et
1117 1619 1218 1635 mecum
1230 1611 1349 1645 Erinnyn
1360 1610 1503 1643 pronubam
1513 1610 1619 1636 thal-mi
1631 1610 1737 1637 trabam.

1069 1658 1203 1694 Auctor
1219 1658 1391 1703 Octaviae,
1403 1672 1490 1694 vers.
1506 1661 1558 1703 24.

1157 1719 1206 1744 Illa
1216 1737 1224 1750 ‚
1239 1719 1283 1743 illa
1300 1719 1365 1744 meis
1381 1719 1462 1745 tristis
1478 1720 1593 1754 Erinnys

1149 1763 1282 1789 Thalamis
1298 1763 1400 1798 Stygios
1413 1763 1525 1796 prendit
1534 1763 1613 1796 ignes.
1626 1764 1664 1789 Η.

1069 1811 1165 1848 Nihil
1180 1811 1396 1856 frequentius
1415 1811 1533 1847 Poetis
1545 1837 1555 1855 ‚
1570 1824 1676 1857 quam
1690 1811 1742 1846 in·

1068 1863 1187 1898 faustis
1205 1863 1334 1909 nuptiis
1347 1866 1516 1907 pronubas
1537 1869 1574 1898 et
1592 1863 1743 1910 auspices

1071 1915 1193 1950 Furias
1212 1915 1386 1950 adhibere.
1399 1931 1444 1943 --·
1463 1917 1619 1950 Pronuba
1651 1916 1743 1950 Τιὶῐί-

1065 1969 1187 2012 phone.
1201 1968 1340 2011 Noster,
1351 1966 1394 2002 de
1404 1966 1533 2012 nuptiis
1543 1967 1696 2002 Procnes
1706 1973 1743 2002 et

1074 2019 1197 2064 Terei,
1215 2019 1360 2054 Metam.
1378 2030 1436 2063 vt,
1454 2019 1518 2062 428
1533 2031 1542 2053 ε

1367 2100 1374 2108 .
1383 2100 1391 2108 .
1402 2100 1410 2108 .
1423 2083 1485 2108 Non
1497 2081 1614 2116 pronubo
1623 2082 1693 2108 Iuno
1702 2100 1712 2113 ‚

1071 2132 1133 2158 Non
1145 2133 1302 2166 Hymenaeus
1315 2131 1386 2157 adest
1398 2150 1407 2162 ,
1423 2139 1476 2157 nou
1491 2131 1531 2156 illi
1543 2130 1624 2164 gratia
1641 2130 1724 2156 lecto:

1073 2180 1227 2206 Eumenides
1239 2186 1343 2205 tenuem
1354 2179 1422 2205 faces
1430 2179 1462 2204 de
1472 2178 1562 2204 sunere
1574 2183 1676 2213 rapt-55

1072 2229 1228 2255 Eumenides
1243 2234 1353 2254 statuere
1363 2233 1450 2254 torum
1457 2247 1467 2260 ,
1478 2228 1597 2262 lectoque
1605 2227 1728 2262 profanus

1072 2278 1195 2303 Incubuit
1205 2278 1274 2303 bubo
1282 2297 1290 2309 ,
1301 2277 1460 2311 thalamique
1465 2277 1493 2302 in
1503 2277 1615 2303 culumina
1629 2275 1704 2301 sedit.

1078 2328 1237 2361 Ululavil.
1275 2325 1421 2371 Proprie
1453 2324 1595 2360 dictum.
1621 2323 1741 2370 Virgil.

1076 2378 1157 2413 AEn.
1175 2389 1215 2414 lv
1224 2404 1234 2423 ‚
1259 2378 1342 2412 158:

1106 2435 1265 2466 Sameque
1277 2431 1414 2457 ulularunt
1421 2430 1518 2458 vertioe
1525 2429 1663 2465 Nympha.

1122 2492 1135 2513 1
1144 2492 1156 2512 1
1162 2478 1192 2512 8.
1213 2479 1265 2511 Et
1273 2479 1396 2512 cecinit
1405 2479 1556 2511 moeslum
1565 2476 1663 2510 devia
1674 2485 1743 2508 car-

1075 2543 1150 2566 men
1159 2532 1241 2563 aois.
1255 2528 1366 2563 Malas
1372 2541 1450 2563 aves
1461 2527 1628 2573 designat,
1637 2532 1672 2560 et
1683 2526 1744 2560 bu-

1074 2583 1206 2617 bonem
1225 2580 1400 2626 inprimis,
1416 2579 1476 2625 qui
1499 2593 1516 2608 κ
1535 2578 1670 2613 deserta
1686 2577 1745 2611 in-

1075 2634 1174 2678 colit,
1187 2645 1252 2667 nec
1265 2638 1402 2666 tantum
1416 2629 1583 2672 desolata,
1596 2628 1656 2664 sed
1669 2628 1745 2663 dira

1076 2686 1182 2721 etiam
1207 2692 1241 2719 et
1264 2687 1440 2719 inaccessa
1452 2696 1481 2716 ».
1506 2681 1597 2716 Ptin.
1611 2681 1646 2715 X
1659 2706 1669 2723 ,
1694 2693 1743 2714 ια.

1076 2738 1172 2773 Hinc
1188 2736 1279 2782 apud
1297 2735 1447 2771 Statium
1461 2759 1472 2779 ,
1496 2732 1539 2768 de
1553 2735 1612 2767 via
1621 2733 1743 2767 Domi-
