1884 3112
0 243 3 254 ''
0 126 21 204 Vq*

504 258 784 304 CANACE
825 260 1183 306 MACARFO.

1466 264 1550 308 213

127 353 268 411 Nate,
293 370 451 419 parum
471 351 607 401 fausti
629 351 879 402 miserabile
902 354 1067 420 pignus
1090 354 1276 414 amoris3

193 430 298 478 Haec
317 429 402 478 tibi
424 429 567 498 prima
589 429 704 489 dies,
729 430 822 479 haec
846 430 930 478 tibi
952 450 1122 480 summa
1142 430 1240 479 fuit.

128 509 234 557 Non
255 507 368 555 mihi
392 517 434 556 te
458 506 586 556 licuit
609 506 800 556 lacrimis
822 508 1085 576 perfundere
1104 509 1237 574 justis
1257 528 1268 558 z
1497 525 1556 558 115

195 586 251 633 In
274 596 350 633 tua
371 603 464 632 non
488 595 640 633 tonsas
663 584 775 634 ferre
795 585 996 653 sepulcra
1019 606 1179 635 comas.

130 665 236 713 Non
260 681 394 730 super
416 662 603 711 incubui
625 682 636 711 :
655 682 750 710 non
773 662 923 712 oscula
940 662 1100 726 frigida
1125 664 1280 730 carpsi.

195 740 429 808 Diripiunt
452 739 586 789 avidae
609 740 774 789 viscera
795 752 951 788 nostra
971 739 1085 789 ferae.

130 820 234 885 Ipsa
257 837 435 884 quoque
457 816 638 866 infantis
662 836 762 866 cum
784 817 964 867 vulnere
987 837 1233 886 prosequar
1251 819 1432 868 umbras
1453 838 1463 866 z

195 895 287 943 Nec
309 905 449 942 mater
470 893 597 942 fuero
621 894 760 953 dicta,
786 914 868 943 nec
891 894 1002 943 orba
1026 894 1116 943 diu.
1498 920 1559 942 120

130 972 203 1021 Tu
226 982 394 1030 tamen,
421 990 448 1019 o
472 970 638 1021 frustra
657 972 827 1021 miserae
846 985 1018 1039 sperate
1040 973 1212 1031 sorori,

195 1049 380 1117 Sparsa,
404 1068 583 1117 precor,
601 1050 695 1100 nati
715 1050 874 1114 collige
898 1051 1095 1099 membra
1118 1050 1185 1099 tui
1205 1070 1215 1098 :

130 1127 192 1175 Et
210 1125 325 1175 refer
345 1126 402 1175 ad
423 1137 630 1185 matrem,
657 1128 872 1195 socioque
895 1128 1074 1195 impone
1094 1126 1298 1194 sepulcro
1320 1146 1332 1174 :

195 1205 409 1271 Urnaque
432 1223 518 1253 nos
540 1205 724 1265 habeat,
752 1205 998 1272 quamlibet
1021 1218 1134 1263 arta,
1164 1204 1291 1252 duos.

79 1277 82 1280 .
130 1282 175 1333 ÷V
175 1281 243 1331 ive
265 1301 437 1331 memor
461 1283 626 1342 nostri,
651 1282 939 1350 lacrimasque
961 1283 1010 1330 in
1031 1282 1184 1331 funere
1203 1280 1368 1338 funde3
1501 1294 1562 1328 125

196 1360 318 1409 Neve
339 1359 578 1410 reformida
595 1380 758 1428 corpus
785 1361 972 1410 amantis
995 1380 1158 1410 amans.

133 1438 228 1495 Tu,
253 1455 390 1501 rogo,
413 1438 620 1505 projectae
642 1439 830 1488 nimium
852 1438 1057 1487 mandata
1080 1437 1248 1486 sororis

198 1516 352 1565 Perfer
367 1535 378 1565 ε
393 1517 614 1565 mandatis
635 1516 839 1584 perfruar
861 1517 959 1584 ipsa
977 1514 1137 1583 patris.

179 1631 257 1666 115.
276 1632 354 1667 Non
379 1633 468 1666 azzi
486 1635 526 1666 te
546 1633 647 1667 licuit
665 1633 815 1667 lacrimis·

126 1681 448 1729 peffundetejusta
467 1689 531 1718 etc.
551 1682 643 1728 Quis
663 1683 720 1719 hic
740 1696 815 1719 non

133 1734 302 1770 exclamet
331 1748 414 1771 cum
435 1735 603 1782 Euripide
618 1763 628 1780 ,
649 1736 688 1771 i'n
714 1737 817 1782 srag-

133 1788 266 1823 mentis
276 1787 402 1823 Dram.
414 1787 487 1834 fam
497 1788 706 1832 memorati,
722 1789 763 1834 67
777 1789 795 1823 ?

134 1845 192 1879 Τίς
200 1839 237 1876 ἂν
246 1843 342 1877 κλύων
348 1847 408 1877 τῶν
421 1839 462 1884 δ’,
473 1843 523 1877 eim
535 1843 572 1875 ἄν
580 1841 696 1889 {affixae
708 1841 817 1887 δ’άκρυ;

180 1905 195 1926 1
204 1905 216 1926 1
225 1906 254 1938 7.
269 1891 537 1937 Osculasn‘gida
546 1895 669 1937 carpsi.
685 1893 819 1938 Magna

134 1942 298 1978 codicum
307 1943 365 1979 hic
374 1944 520 1980 varietas
532 1957 540 1979 ε
550 1944 818 1990 Argentinensis

124 1998 216 2044 fite‘,
242 1995 298 2031 alii
312 2000 437 2039 suntsi,
456 1997 512 2032 alii
525 1998 654 2042 junxi5
675 2004 711 2034 et
734 2009 821 2030 om—

136 2048 240 2083 nium
251 2047 408 2094 exempla
424 2055 643 2094 competunt.
659 2049 766 2083 Forte
784 2054 822 2082 et

130 2102 230 2147 finxi.
245 2100 380 2137 Hunis.
793 2131 799 2140 .

187 2165 201 2186 1
210 2165 222 2186 1
229 2165 260 2200 9.
271 2153 354 2197 Ipsa
362 2166 487 2199 quoque
501 2152 647 2198 infantis
660 2165 734 2187 curn
746 2155 824 2187 vul-

140 2216 218 2238 nere
240 2217 424 2251 persequar
442 2208 586 2240 umbras.
617 2206 820 2250 prosequar,

140 2257 344 2292 Puteaneus
361 2264 397 2292 et
422 2257 479 2293 alii
497 2257 659 2292 meliores
675 2270 683 2291 :
699 2264 750 2292 est
767 2270 825 2291 au-

145 2315 220 2344 tem
251 2309 400 2344 verbum
429 2309 604 2356 exequiale
619 2323 627 2352 ;
651 2309 699 2344 sic
715 2309 826 2354 sunus

137 2366 304 2408 pmsequi.
326 2362 465 2409 Apulei.
495 2374 535 2398 lv
549 2389 559 2408 ,
589 2363 679 2398 Met.
702 2376 711 2398 ε
742 2365 828 2399 Toto

142 2422 379 2464 prosequente
396 2418 538 2461 populo,
569 2419 678 2451 vivum
692 2418 826 2461 pmdu-

143 2474 235 2505 citur
232 2469 344 2514 sunus
356 2479 368 2510 ,·
389 2475 424 2503 et
437 2468 494 2503 lib.
506 2478 594 2503 vm:
606 2469 720 2503 Funus
731 2482 824 2510 vero,

144 2527 217 2558 toto
232 2522 381 2567 feralem
406 2534 563 2566 pompam
594 2528 827 2567 prosequente

138 2578 265 2622 populo
273 2603 282 2618 ‚
310 2576 488 2610 deducitur
497 2577 549 2609 ad
557 2577 740 2619 sepulcrum
753 2587 766 2618 ,·
792 2582 829 2610 et

880 1632 1042 1666 laudatas
1052 1631 1104 1664 ad
1109 1641 1227 1664 manes
1230 1640 1418 1674 prosequar
1421 1630 1564 1662 umbras.

881 1682 1038 1728 Infantes
1068 1687 1236 1728 praeterea
1251 1682 1385 1714 umbras
1403 1678 1566 1714 scriben-

883 1734 971 1769 dum
994 1741 1119 1769 monet
1154 1731 1330 1768 Heinsius.
1361 1730 1540 1776 Infaustus
1553 1757 1564 1772 ,

887 1786 1009 1822 Codex
1025 1786 1169 1821 Douzae.

931 1842 1004 1884 124.
1030 1841 1185 1885 Urnaque
1197 1850 1260 1873 nos
1274 1839 1416 1877 habeat,
1443 1848 1566 1881 quam—

884 1894 967 1927 libet
978 1897 1072 1933 arta,
1092 1891 1195 1926 duos!
1211 1891 1334 1936 Quam
1349 1888 1475 1924 vellem
1488 1899 1569 1933 poe-

884 1952 957 1979 tam
968 1943 1024 1980 hic
1034 1944 1239 1980 substitisse!
1253 1942 1313 1978 sed
1326 1942 1393 1977 hoc
1403 1940 1567 1975 omnium

885 1996 1141 2040 minimefnovit
1149 1995 1298 2031 Ovidius
1307 2008 1316 2037 ;
1328 2000 1364 2029 et
1371 1993 1470 2028 illum
1477 1991 1568 2027 dicas

886 2050 1013 2084 Horat.
1024 2055 1233 2095 praenotasse
1247 2073 1257 2091 ,
1275 2058 1386 2092 quum
1396 2045 1548 2080 diceret:

887 2105 972 2130 Omne
983 2113 1173 2138 supervacuum
1187 2103 1264 2137 pleno
1276 2102 1309 2127 de
1325 2107 1428 2135 pectore
1439 2105 1536 2125 manat.

933 2169 945 2188 1
953 2156 1005 2188 25.
1022 2154 1260 2197 lacrimasque
1273 2155 1310 2186 in
1317 2149 1567 2196 sunerefunde.

887 2209 929 2242 In
938 2209 1082 2247 vulnere,
1096 2206 1297 2240 Puteaneus
1307 2210 1342 2238 et
1352 2201 1453 2237 multi
1465 2200 1519 2236 alii
1530 2213 1570 2234 ex

888 2258 1169 2304 castigatioribus.
1188 2258 1343 2298 Vulnera,
1354 2255 1392 2289 in
1404 2253 1571 2299 excerptis

891 2311 1033 2347 Douzae.
1052 2310 1187 2344 Hssms.

938 2378 1008 2410 ¹27·
1051 2364 1119 2403 Tu,
1149 2374 1228 2405 rogo
1251 2366 1316 2395 etc.
1338 2359 1473 2394 Totum
1507 2358 1575 2392 hoc

891 2415 1062 2451 distichon
1078 2415 1133 2449 vix
1148 2413 1297 2448 latinum
1317 2412 1466 2447 Heinsio
1480 2411 1573 2446 vide-

889 2469 1004 2511 batur,
1018 2480 1086 2502 nec
1097 2466 1286 2511 adsurgens
1300 2464 1343 2499 ad
1356 2464 1568 2500 Ovidianam

892 2520 1110 2567 elegantiam.
1143 2518 1359 2554 offendebat
1386 2517 1423 2551 in
1455 2517 1574 2563 primis

892 2574 1009 2608 virum
1039 2571 1278 2606 doctissimum
1309 2570 1473 2604 mandata
1495 2582 1577 2614 per-

145 2627 203 2662 lib.
215 2637 255 2661 11
267 2639 276 2662 τ
288 2628 506 2672 Peracltquue
509 2626 680 2672 feralibus
693 2626 827 2674 officiat,
883 2627 979 2672 serre
993 2639 1002 2660 .·
1020 2624 1078 2660 sed
1094 2631 1213 2659 tuetur
1227 2624 1268 2658 Ρ.
1283 2623 1406 2657 Burm.
1419 2621 1577 2667 exemplo

136 2678 372 2725 frequentique
393 2683 614 2725 pmsequente
642 2683 803 2714 comitatu
818 2705 827 2720 ,

148 2733 287 2768 tradunt
299 2735 484 2778 sepultum.
501 2732 605 2769 Silius
619 2743 648 2767 11
665 2745 673 2768 :
688 2733 831 2777 Ipsaque

894 2692 912 2714 e
932 2679 1023 2713 Plin.
1040 2688 1134 2712 xvm
1149 2704 1158 2721 ‚
1186 2676 1206 2710 3
1221 2702 1230 2720 ,
1249 2675 1368 2721 petito,
1397 2673 1574 2716 Videant,

896 2731 1020 2776 quibus
1051 2743 1106 2765 res
1129 2728 1301 2771 minoris,
1331 2738 1437 2773 quam
1463 2725 1579 2761 verba.
