1884 3112
1365 261 1605 277 'mmmmm

561 440 1064 515 EPISTOLA
1115 441 1210 511 II.

372 959 720 1018 PHYLLIS
759 955 1425 1015 DEMOPHOONTI.

190 1193 487 1271 Hosm'rA,
512 1211 834 1279 Demophoon,
859 1222 936 1259 tua
958 1222 1002 1259 te
1024 1209 1292 1276 Rhodopeia
1315 1206 1486 1274 Phyllis

252 1290 383 1340 Ultra
403 1291 673 1359 promissum
697 1302 872 1356 tempus
895 1288 1048 1337 abesse
1074 1303 1248 1354 queror.

189 1369 372 1419 Cornua
395 1388 534 1435 quum
555 1369 694 1415 Lunae
717 1365 852 1434 pleno
878 1377 1033 1432 quater
1056 1364 1166 1412 orbe
1189 1364 1402 1420 coissent,

235 1546 262 1568 ι.
285 1532 442 1577 Hospita.
466 1529 559 1576 Quae
582 1536 617 1565 te
639 1529 789 1575 hospitio
810 1541 871 1564 ex-

187 1584 288 1632 cepit.
311 1583 471 1620 CxorAu.
493 1601 539 1610 —-
560 1583 790 1626 Demophoon.
812 1581 871 1617 De

186 1635 462 1683 Demophooute
477 1642 514 1671 et
530 1633 690 1683 Phyllide
701 1660 711 1678 ‚
729 1634 777 1669 sic
789 1634 872 1682 Hy-

184 1688 306 1737 ginus,
332 1700 393 1724 ux
411 1698 420 1720 z
442 1702 460 1718 κ
478 1686 718 1733 Demophoon
741 1685 871 1722 Thesei

185 1740 277 1777 filius
309 1740 348 1776 in
371 1739 525 1776 Thracia
549 1739 593 1774 ad
618 1738 806 1787 Phylliden
832 1738 871 1773 in

185 1792 378 1841 hospitium
393 1792 521 1829 dicitur
539 1791 694 1836 venisse,
720 1798 755 1826 et
771 1791 814 1826 ab
831 1804 872 1825 ea

186 1859 260 1882 esse
281 1853 427 1882 amatus.
451 1845 528 1892 Qui
543 1858 655 1891 quum
669 1845 708 1879 in
723 1844 872 1890 patriam

186 1897 291 1934 vellet
306 1898 420 1934 redire
433 1924 455 1949 ,⁴
468 1897 578 1933 fidem
601 1898 634 1933 ei
651 1896 748 1933 dedit
769 1910 805 1933 se
829 1896 872 1932 ad

188 1963 268 1987 eam
283 1950 505 1994 rediturum3
531 1950 591 1997 qui
613 1949 670 1985 die
686 1950 874 1986 constituta

189 2017 272 2039 oum
287 2017 362 2040 non
378 2004 530 2040 venisset
541 2030 551 2048 ,
579 2003 638 2039 illa
653 2015 696 2038 eo
713 2002 769 2037 die
787 2002 874 2038 dici-

190 2062 248 2092 tur
260 2056 381 2093 novies
393 2055 438 2092 ad
445 2056 541 2092 littus
555 2055 745 2091 cucurrisse
755 2081 765 2100 ,
779 2054 875 2101 quod

191 2121 233 2143 ex
255 2121 297 2144 ea
320 2108 510 2145 Enneados
532 2108 654 2144 Graece
672 2107 873 2154 appellatur.

191 2159 323 2209 Phyllis
345 2168 465 2197 autem
488 2162 533 2197 ob
556 2159 770 2196 desiderium
790 2160 876 2195 De—

191 2213 417 2262 mophoontis
428 2214 591 2261 spiritum
603 2213 735 2249 emisit:
746 2212 802 2248 cui
813 2226 877 2259 pa·-

192 2272 311 2301 rentes
326 2279 436 2313 quum
443 2266 667 2313 sepulchrum
677 2265 879 2302 constituis-

191 2325 270 2354 sent
286 2344 296 2362 ,
320 2317 460 2355 arbores
479 2319 528 2355 ibi
547 2325 640 2355 natae
661 2325 765 2362 sunt,
796 2329 874 2364 quae

192 2377 290 2406 certo
300 2377 459 2417 tempore
467 2370 636 2419 Phyllidis
647 2378 803 2406 mortem
817 2369 875 2405 de-

192 2421 280 2458 flent
287 2449 297 2468 ,
313 2436 384 2470 quo
389 2423 471 2459 solia
480 2430 684 2459 arescuntet
690 2422 857 2458 diffluunt
866 2436 874 2458 ε

193 2475 292 2521 cujus
309 2490 350 2511 ex
365 2476 512 2512 nomine
530 2475 611 2510 solia
627 2487 735 2522 grece
749 2476 876 2522 Phylla

193 2535 276 2564 sunt
282 2528 449 2576 appellata
459 2529 742 2573 ».—Bhodopeia.
750 2525 877 2563 Thres-

194 2591 250 2623 »ὃς
268 2592 290 2614 a
301 2583 482 2626 Rhodope,
502 2580 563 2627 qui
574 2593 678 2615 mons
693 2579 853 2616 Thraciae
863 2606 874 2625 ,

193 2631 235 2668 in
256 2644 361 2678 quem
383 2646 588 2669 conversam
610 2638 757 2668 narrant
779 2633 878 2668 Rbo-

197 2685 325 2730 dopen,
349 2683 388 2719 in
402 2699 544 2732 poenam
559 2685 755 2732 impietatis.

242 2750 272 2772 α.
300 2737 401 2772 Ultra
408 2742 607 2782 promissum
627 2742 766 2784 tempus.
793 2739 880 2775 Post

200 2795 349 2834 quatuor
363 2802 520 2837 menses,
545 2791 573 2827 si
593 2795 715 2838 quater
725 2791 762 2828 in
777 2804 879 2828 versu

934 1528 1040 1563 tertio
1062 1527 1267 1570 admiseris3
1294 1527 1323 1562 si
1345 1533 1469 1562 contra
1494 1529 1620 1567 semel,

935 1588 1021 1616 tunc
1029 1588 1106 1627 post
1112 1593 1226 1616 unum
1238 1592 1413 1623 mensem,
1427 1586 1467 1614 ut
1479 1578 1623 1614 voluere

939 1632 1122 1668 Ciosanius
1142 1640 1179 1668 et
1196 1632 1380 1679 Crispinus
1397 1645 1405 1667 ε
1422 1631 1484 1667 sed
1500 1631 1543 1665 de
1559 1631 1623 1666 hac

935 1685 1059 1720 ultima
1088 1685 1256 1732 opinione
1293 1683 1373 1719 vide
1412 1690 1623 1729 sequentem

935 1745 1070 1774 notam.

981 1791 1012 1826 3.
1034 1792 1142 1826 Pleno
1157 1793 1283 1836 quater.
1305 1787 1483 1835 Quidam,
1508 1790 1626 1823 semel.

937 1843 1021 1879 Non
1037 1842 1176 1878 videtur
1192 1849 1331 1888 tempus
1346 1841 1433 1876 mihi
1450 1840 1529 1876 satis
1543 1841 1626 1875 lon—

938 1908 1022 1942 gum
1034 1922 1043 1940 ,
1055 1902 1095 1930 ut
1107 1895 1266 1930 Athenas
1274 1895 1325 1929 ire
1336 1920 1346 1938 ‚
1356 1893 1473 1939 ibique
1483 1906 1539 1928 res
1546 1906 1624 1928 suas

938 1960 1171 1994 componere,
1195 1954 1231 1982 et
1245 1959 1365 1981 rursus
1380 1946 1417 1980 in
1435 1945 1625 1980 Thraciam

938 1999 1054 2036 redire
1065 1999 1228 2046 potuerit.
1242 1998 1490 2034 Gronovianus
1501 2004 1536 2032 et
1547 1997 1626 2032 Me-

940 2052 1057 2088 diceus
1067 2079 1076 2096 ,
1089 2054 1192 2097 pleno
1208 2056 1330 2098 quater
1341 2053 1419 2086 orbe
1429 2077 1438 2093 ‚
1459 2049 1554 2096 quod
1570 2063 1627 2085 ve-

939 2118 1021 2140 rum
1032 2111 1131 2151 puto,
1148 2111 1184 2139 et
1195 2104 1378 2150 sequentia
1392 2103 1607 2139 confirmant
1618 2117 1628 2144 ;

941 2157 1000 2193 ubi
1016 2157 1123 2192 etiam
1146 2156 1350 2192 Hasniensis
1363 2182 1373 2201 ,
1390 2158 1494 2202 pleno
1509 2159 1633 2201 quater

939 2212 1018 2245 orbe
1036 2237 1046 2254 ,
1086 2209 1181 2255 quod
1211 2209 1416 2256 recepimus.
1448 2207 1630 2243 Convenit

941 2262 1048 2298 etiarn
1079 2261 1203 2298 melius
1233 2262 1356 2309 puellae
1384 2260 1624 2307 impatientius

941 2315 1093 2359 amanti,
1117 2321 1157 2350 ut
1178 2307 1222 2350 ad
1242 2315 1358 2361 ipsum
1382 2321 1521 2360 tempus
1545 2326 1627 2358 pac-

939 2375 1018 2403 tum
1033 2367 1201 2414 promissa
1217 2368 1390 2414 exigeret,
1408 2379 1484 2400 non
1501 2372 1540 2400 ut
1556 2372 1627 2399 tres

940 2433 1078 2456 menses
1094 2419 1184 2454 ultra
1205 2419 1437 2455 constitutum
1452 2424 1600 2453 cessaret
1616 2443 1626 2459 ,

941 2481 1131 2519 antequam
1141 2472 1318 2508 scriberet.
1328 2471 1375 2507 Et
1386 2471 1454 2506 hoc
1465 2477 1517 2506 est
1529 2469 1625 2516 quod

942 2525 1038 2560 addit
1054 2535 1063 2557 :

974 2585 1036 2611 Non
1048 2586 1120 2611 venit
1127 2590 1187 2611 tute
1200 2593 1278 2611 suum
1289 2590 1378 2611 nostru
1390 2584 1495 2618 querela
1506 2583 1587 2609 diem.

1442 2633 1543 2659 Eunu.

946 2686 1069 2732 Quam
1096 2697 1218 2720 veram
1245 2683 1526 2720 observationem
1556 2695 1629 2717 esse

943 2751 1052 2775 nemo
1066 2751 1141 2773 non
1155 2743 1317 2785 agnoscat
1333 2747 1341 2769 ε
1355 2749 1399 2771 an
1413 2743 1534 2771 tamen
1547 2733 1627 2769 ideo

945 2804 1027 2828 vera
1038 2791 1081 2828 sit
1096 2798 1235 2838 recepta
1253 2803 1272 2826 a
1284 2790 1494 2826 Burmanno
1506 2787 1609 2822 lectio
1620 2813 1629 2829 ‚
