1884 3112
0 654 20 744 ¹*wa
0 614 6 645 ⁴*-
7 598 13 610 ,ν
0 506 14 594 “J-2³¹2*-
4 495 8 501 “

0 972 8 987 ν
4 915 11 929 -
4 876 5 880 „
0 753 18 859 “vu-*292

501 260 871 308 AGONTIUS
903 262 1236 310 CYDIPPAE.
1500 266 1587 310 3n3

161 354 222 405 Et
240 372 396 403 rursus
417 353 653 405 miserum!
684 355 829 423 quod,
852 375 922 405 me
943 357 1103 424 procul
1129 358 1233 407 inde
1255 367 1449 418 remoto,
1531 373 1591 406 135

227 432 376 496 Quem
398 433 580 483 minime
598 434 774 493 vellem,
800 434 990 484 forsitan
1012 435 1123 485 alter
1143 436 1279 486 adest.

162 506 243 558 Ille
263 528 422 559 manus
445 510 552 559 istas
577 511 768 574 effingit,
794 523 839 560 et
859 511 1032 560 adsidet
1057 531 1203 575 aegrae,

229 587 405 635 Invisus
426 587 633 654 Superis,
657 608 759 637 cum
781 589 1054 655 superisque
1076 589 1200 637 mihi.

165 665 374 732 Dumque
396 684 478 714 suo
505 677 646 716 tentat
669 666 899 715 salientem
922 666 1085 733 pollice
1107 685 1288 726 venam,

230 743 430 793 Candida
453 763 534 811 per
559 763 734 793 causam
753 744 934 792 brachia
957 762 1071 810 saepe
1097 756 1217 793 tenet
1239 764 1250 803 3
1535 762 1597 806 140

169 821 515 889 Contrectatque
537 823 682 880 sinus;
708 833 753 871 et
774 821 963 871 forsitan
988 821 1138 870 oscula
1156 822 1319 887 jungit.

231 897 398 948 Officio
422 916 588 947 merces
611 897 789 965 plenior
809 899 892 948 ista
917 919 998 948 suo
1022 911 1102 947 est.

166 977 282 1042 Quis
305 977 389 1026 tibi
411 977 615 1044 permisit
635 982 809 1026 nostras
832 978 1068 1044 praecidere
1092 978 1293 1026 messes?

228 1054 303 1106 Ad
326 1073 475 1123 sepem
497 1055 678 1104 alterius
706 1055 806 1121 quis
832 1055 918 1104 tibi
936 1055 1041 1104 fecit
1064 1056 1177 1104 iter?

164 1134 256 1182 Iste
277 1132 403 1182 sinus
427 1151 551 1182 meus
576 1144 667 1191 est;
686 1151 783 1182 mea
804 1133 994 1199 turpiter
1018 1131 1170 1181 oscula
1190 1131 1350 1190 sumis3
1536 1146 1599 1191 145

171 1264 290 1310 Atque
313 1263 363 1299 ita
376 1262 569 1310 legendum
580 1290 591 1308 ,
612 1276 654 1298 ex
677 1263 852 1299 codicibus

169 1316 312 1364 scriptis.
322 1316 419 1363 Eleg.
426 1315 464 1352 in
473 1323 627 1352 mortem
636 1316 757 1361 Drusi,
770 1317 828 1364 137
843 1329 852 1352 :

171 1377 252 1404 Nm
261 1387 309 1412 ego
315 1383 342 1403 te
351 1377 444 1404 infelix
451 1386 585 1403 summum
593 1383 722 1412 teneoque
731 1383 854 1412 tum-qm,

204 1427 366 1464 Effingoque
378 1435 470 1453 mus
476 1447 486 1459 ‚
497 1436 594 1461 oraque
604 1427 639 1452 ad
650 1436 695 1453 orn
705 1426 770 1452 sero.
782 1427 820 1452 Η.

220 1475 295 1511 135.
320 1477 423 1520 Quod
432 1489 487 1515 me
495 1479 620 1522 procul
629 1478 709 1512 inde
724 1478 856 1512 removi.

172 1529 334 1571 Remoto,
348 1529 551 1565 Puteaneus
558 1542 641 1564 cum
648 1529 759 1564 tribus
769 1528 855 1570 aliis3

173 1587 268 1617 recte
279 1593 288 1616 :
303 1580 426 1616 malim
437 1580 545 1617 etiam
557 1608 567 1626 ,
586 1583 656 1617 Ter
666 1594 781 1617 rursus
790 1584 858 1616 mi-

172 1633 303 1682 serum!
320 1634 455 1670 Herus.
811 1676 818 1680 ¹

219 1686 293 1731 ¹4⁰·
319 1687 476 1721 Candida
484 1699 552 1731 per
561 1699 701 1723 causam
719 1689 859 1722 bmcbia

171 1751 261 1783 sepe
276 1741 377 1774 leuet.
400 1738 506 1774 Trist.
523 1750 562 1784 1,
578 1750 636 1791 yn
652 1749 662 1772 ε
764 1785 767 1787 Δ

205 1793 256 1819 Per
265 1802 372 1820 uun-m
382 1794 503 1820 meminit
514 1803 542 1820 oe
553 1795 670 1828 tetigisse
682 1805 798 1822 manum.

175 1841 401 1878 Illustrat-unt
415 1843 544 1879 bellam
557 1843 652 1890 lianc
667 1852 704 1880 et
719 1845 861 1891 optimis

175 1894 400 1941 scriptoribus
423 1897 695 1942 perfamiliarem
717 1898 862 1934 locutio-

177 1961 264 1983 nem
277 1948 434 1984 Broukh.
452 1948 496 1984 ad
514 1949 642 1984 Tibull.
657 1956 694 1985 et
706 1950 862 1986 Tennul.

179 2000 223 2036 ad
239 2001 413 2036 Fronton.
421 2001 477 2036 lib.
490 2012 538 2037 ιιι
546 2028 556 2046 ,
570 2002 721 2049 Strateg.
731 2015 806 2049 cap.
817 2004 838 2037 3
850 2029 864 2048 ,

179 2053 210 2099 S.
225 2053 257 2088 6.
272 2053 404 2090 Bunn.

229 2107 302 2151 142.
325 2107 467 2142 Plenior
479 2108 545 2142 illa
561 2119 623 2142 suo
637 2111 701 2142 est.
728 2108 870 2142 Plenior

182 2158 240 2194 hie
254 2166 307 2195 est
327 2160 443 2206 major
455 2187 465 2205 ,
488 2159 656 2206 amplior;
681 2160 865 2209 proprium

184 2211 229 2247 de
264 2211 392 2248 divitiis
418 2213 639 2249 vocabulum.
678 2213 731 2249 lta
757 2213 867 2248 Mar-

184 2264 273 2304 tialis
284 2292 298 2311 ,
317 2277 375 2302 vn
387 2293 399 2312 ,
419 2267 462 2312 45
478 2279 489 2302 ε

184 2327 320 2354 Divitibus
329 2332 432 2363 potem
439 2327 534 2354 Mum
550 2328 696 2362 negasque
707 2333 826 2353 sonantes

217 2377 327 2403 muer·
337 2385 345 2402 ι
357 2376 517 2414 pauperihus
527 2385 637 2420 munera
642 2377 726 2412 plena
735 2377 805 2402 dato.

187 2425 242 2461 Ut
256 2424 449 2472 legendum
462 2420 558 2460 recte
573 2425 719 2460 Vossius
733 2425 777 2460 ad
798 2424 869 2460 Ca—

189 2478 266 2514 tulli
281 2506 292 2524 ,
318 2491 426 2514 carm.
451 2490 523 2514 xul
537 2505 550 2522 ,
577 2491 649 2514 esse
671 2485 791 2513 censet
803 2505 813 2523 ,
835 2485 871 2514 et

189 2531 344 2579 explicat.
357 2532 410 2567 Ita
421 2530 513 2578 apud
531 2531 656 2566 Horat.
669 2542 713 2575 11,
727 2530 797 2567 Od.
813 2544 873 2567 12:

190 2587 319 2620 Plenas
339 2585 492 2619 Arabum
505 2586 639 2625 domos,
664 2583 873 2623 Scholiastes

191 2640 314 2674 divites
323 2635 450 2673 reddit.
465 2635 578 2671 Cicer.
588 2647 657 2679 vn,
672 2635 715 2670 ad
727 2636 824 2671 Fam.
833 2647 873 2685 9:

192 2693 306 2728 Sen'us
308 2693 425 2736 potius
435 2692 488 2725 ad
493 2702 556 2725 nos
562 2717 572 2732 ,
591 2691 668 2724 dum
674 2691 814 2735 plenior.
833 2689 874 2724 Β.

254 2744 326 2789 143.
357 2745 503 2780 Nostras
527 2746 711 2788 praecidere
738 2755 875 2778 messes.

196 2798 341 2834 Nostras
348 2809 554 2843 proecemere
570 2809 698 2832 messes
705 2807 718 2840 ‚·
738 2795 785 2831 sic
802 2796 876 2831 Pu-

917 1270 1063 1298 teaneus
1083 1275 1166 1298 cum
1185 1262 1258 1297 aliis
1277 1259 1456 1296 nonnullis
1469 1286 1478 1304 ,
1505 1267 1545 1295 ut
1565 1267 1601 1295 et

918 1315 1041 1362 primae
1071 1315 1251 1352 editiones.
1288 1313 1430 1360 Vulgati
1444 1339 1453 1356 ,
1477 1314 1602 1347 decer-

913 1381 1015 1414 pere:
1032 1375 1102 1403 tres
1113 1367 1229 1413 scripti
1244 1394 1253 1411 ‚
1263 1370 1462 1411 praect’pem‚·
1477 1366 1602 1410 multi,

914 1424 1096 1467 percepere.
1111 1422 1263 1456 strozzae
1278 1419 1386 1455 codex
1396 1446 1405 1463 ‚
1419 1421 1602 1464 percidere.

921 1474 1014 1521 Lege
1021 1476 1203 1519 precidere
1212 1501 1220 1515 ‚
1235 1487 1318 1509 cum
1331 1473 1440 1508 altero
1454 1472 1606 1507 Moreti:

922 1528 1018 1574 quod
1033 1530 1182 1573 verbum
1205 1527 1410 1563 Columellae
1424 1553 1433 1570 ,
1451 1540 1606 1573 praeser-

922 1581 986 1615 tim
1004 1588 1124 1616 autem
1140 1581 1184 1616 de
1200 1580 1309 1616 ramis
1322 1580 1488 1615 arborum
1501 1605 1510 1622 ,
1534 1579 1607 1613 sre-

922 1631 1046 1682 quenti
1071 1634 1108 1669 in
1138 1647 1212 1669 usu.
1241 1634 1376 1669 Hnms.
1417 1634 1607 1667 Proecidere

921 1699 1004 1721 usus
1023 1692 1060 1721 et
1084 1686 1270 1729 Lucanus,
1288 1685 1409 1721 Phars.
1428 1696 1469 1719 vx
1481 1711 1491 1729 ,
1516 1685 1582 1728 340
1601 1694 1608 1715 τ

921 1742 973 1776 Et
982 1744 1150 1780 maturato
1164 1739 1324 1786 praecidit
1339 1752 1474 1784 vespere
1487 1741 1607 1772 lucem.

972 1806 984 1827 ι
992 1794 1044 1836 44.
1061 1793 1125 1827 Ad
1128 1805 1207 1837 spes
1216 1794 1358 1827 alterius
1370 1795 1443 1837 quis
1453 1790 1613 1835 libisecit

923 1847 992 1879 iter
999 1837 1103 1890 {Ad
1111 1857 1224 1889 sepem
1241 1847 1382 1879 alten'us
1395 1843 1503 1878 codex
1520 1856 1610 1878 unus

926 1890 1111 1942 Mediceus,
1124 1911 1208 1932 cum
1220 1898 1334 1944 prima
1346 1896 1501 1932 editione
1516 1911 1524 1937 3
1552 1909 1610 1942 op-

926 1950 1012 1984 time
1030 1961 1038 1984 t
1054 1950 1206 1995 persistit
1219 1950 1316 1984 enim
1329 1949 1366 1984 in
1382 1948 1588 1995 metaphora
1599 1974 1609 1989 ‚

927 2009 962 2038 et
985 2015 1098 2047 sepem
1125 2002 1231 2043 dixit,
1274 2015 1339 2048 pro
1366 2014 1449 2048 agro
1474 2001 1612 2047 sepibus

927 2055 1077 2090 munito.
1089 2055 1148 2090 Sic
1159 2055 1215 2090 lib.
1230 2065 1290 2099 111,
1310 2054 1388 2089 Art.
1400 2053 1517 2088 Amat.
1530 2053 1613 2088 562:

927 2116 967 2140 Te
978 2124 1080 2148 semper
1090 2116 1160 2140 norit
1166 2134 1179 2147 ,.
1190 2115 1239 2140 tibi
1252 2123 1354 2148 semper
1366 2114 1488 2140 inherent
1501 2114 1563 2140 uni:

962 2165 1142 2198 cingendarest
1152 2164 1212 2189 altis
1225 2165 1329 2199 sepibus
1337 2164 1387 2189 ista
1399 2173 1479 2197 seges.

931 2215 1029 2250 Hinc
1049 2221 1084 2250 et
1110 2213 1203 2260 apud
1223 2213 1322 2260 Virg.
1344 2213 1381 2248 in
1406 2212 1590 2260 Georgicis
1603 2241 1614 2258 ‚

930 2268 987 2303 lib.
1006 2279 1030 2306 1,
1047 2281 1131 2314 270:
1150 2268 1479 2312 Segeliproetendere
1492 2280 1614 2313 sepem.

932 2323 982 2356 Et
995 2324 1103 2364 sepire
1117 2323 1266 2364 segetem
1281 2318 1469 2354 Columell.
1488 2319 1544 2354 lib.
1564 2330 1594 2354 11
1607 2346 1616 2363 ,

932 2386 1006 2419 cap.
1023 2383 1112 2408 xxn.
1135 2374 1200 2408 Ad
1210 2385 1302 2418 spem
1324 2373 1484 2413 alterius,
1511 2372 1619 2407 Pata-

933 2426 1035 2460 vinus
1053 2452 1063 2470 ‚
1093 2432 1129 2460 et
1152 2423 1412 2460 Arondelianus
1436 2425 1618 2472 :proxime

935 2478 978 2512 ad
996 2490 1131 2513 verum.
1152 2478 1288 2513 Hssms.

984 2533 1055 2575 145.
1080 2533 1152 2566 lsle
1165 2535 1261 2566 sinus
1273 2545 1367 2567 meus
1379 2534 1436 2566 cst
1447 2537 1511 2565 etc.
1528 2530 1624 2566 Ver·-

936 2596 1015 2618 sum
1026 2583 1123 2619 hunc
1131 2610 1142 2628 ,
1156 2590 1191 2619 et
1204 2584 1263 2630 qui
1273 2590 1471 2630 sequuntur
1482 2582 1527 2617 ad
1541 2582 1603 2618 166
1613 2610 1623 2627 ,

938 2649 1044 2682 quem
1068 2649 1143 2670 nou
1167 2636 1364 2682 exceperim
1378 2662 1387 2680 ,
1426 2636 1473 2670 ita
1499 2647 1626 2681 parum

938 2688 1072 2725 Ovidio
1088 2688 1213 2735 dignos
1228 2701 1355 2724 censeo
1369 2715 1379 2733 ,
1406 2695 1446 2723 ut
1461 2688 1563 2723 obelo
1583 2688 1625 2723 li-

938 2743 1025 2778 bens
1056 2748 1235 2778 notassem
1257 2768 1269 2787 ,
1309 2742 1443 2779 sineret
1463 2741 1629 2777 ¹nominis

939 2795 1136 2831 auctoritas.
1182 2794 1355 2842 Quamvis
1388 2794 1486 2831 enim
1520 2801 1633 2841 poetae
