1884 3112
514 253 901 299 HYPSIPYLE
937 251 1204 296 JASONI.

1491 252 1569 296 133

217 347 426 398 Moribus
449 358 494 396 et
515 346 656 395 forma
680 344 1004 403 conciliandus,
1030 363 1164 393 amor.

154 425 281 474 Hanc
299 436 427 492 potes
451 423 676 491 amplecti‚
703 421 985 489 thalamoque
1004 420 1184 470 relictus
1204 421 1251 470 in
1273 439 1366 470 uno
1379 458 1391 479 ‚
1530 436 1575 481 95

216 501 470 569 Impavidus
494 519 674 559 somn0‚
699 512 828 549 nocte
851 498 1028 557 silente,
1050 498 1159 548 frui!

154 577 331 627 Scilicet
350 590 403 627 ut
424 590 595 636 tauros,
617 578 679 626 ita
702 589 743 626 te
764 577 870 643 juga
892 575 1002 624 ferre
1027 575 1200 638 coegit3

220 655 410 723 Quaque
433 654 549 704 feros
570 672 755 717 angues,
783 665 824 702 te
848 671 1026 719 quoque
1043 651 1227 709 mulcet,
1249 670 1345 718 ope,

154 730 304 791 Adde,
328 731 452 799 quod
473 729 666 780 adscribi
688 729 815 778 factis
838 747 1161 796 procerumque
1186 730 1363 796 tuisque

217 808 276 857 Se
295 807 434 867 savet3
455 819 504 874 ‚et
526 805 659 856 titulo
683 806 886 873 conjugis
907 826 1022 875 uxor
1045 805 1188 856 obest.

1523 833 1534 855 1
1541 833 1582 855 00

152 887 303 953 Atque
324 885 486 954 aliquis
508 884 640 934 Peliae
662 884 716 934 (le
740 884 973 952 partibus,⁴
989 895 1086 932 acta
1107 884 1286 932 venenis

215 965 437 1032 Imputat,
461 974 506 1017 et
527 961 770 1031 populum,
797 962 875 1029 qui
899 961 987 1010 sibi
1014 961 1187 1021 credat,
1211 961 1361 1011 habet.

151 1044 258 1092 Non
273 1041 368 1091 haec
392 1041 658 1099 AEson'ides‚
684 1040 763 1089 sed
786 1040 969 1089 Phasias
993 1040 1169 1112 AEetine

151 1184 345 1237 legendum
364 1184 535 1231 Heinsius
550 1188 772 1237 proposuerit
787 1199 796 1222 ε

145 1247 190 1273 'lt
200 1256 267 1282 quat
277 1247 416 1274 ueierim
427 1247 522 1273 melius
537 1252 587 1272 etc.
648 1241 718 1277 Vel

158 1295 194 1324 Bt
203 1307 262 1333 qn·
277 1298 402 1325 nemr'en’t
414 1299 509 1324 melius
521 1304 611 1333 maga.

161 1346 286 1393 Quem
294 1347 433 1384 exhibet
444 1347 595 1394 vulgata,
603 1360 724 1384 sensus
732 1353 783 1382 est
794 1346 841 1382 ita

157 1399 293 1436 lucidus
309 1425 320 1444 ,
348 1406 384 1435 et
408 1413 514 1449 quam
541 1400 644 1435 effert
667 1399 842 1435 sententia

157 1451 318 1498 loquenti
335 1464 494 1498 persone
510 1459 584 1488 tam
605 1451 818 1487 conveniens
830 1476 840 1496 ‚

159 1511 200 1541 ut
211 1504 300 1540 nihil
312 1503 403 1540 ultra
412 1504 456 1540 sit
467 1504 732 1550 inquirendum.

203 1558 258 1606 95.
268 1557 476 1602 Hancpotes
482 1558 653 1601 amplecti.
674 1557 841 1600 Miratur,

156 1616 196 1646 et
211 1610 289 1656 jure
305 1608 470 1656 quidem,
488 1608 628 1645 Jasonis
642 1609 821 1644 audaciam
833 1635 843 1653 ,

158 1662 220 1710 qui
230 1669 304 1708 tam
317 1661 558 1703 formidandos
574 1662 751 1708 amplexus
768 1674 843 1704 non

157 1713 386 1761 reformidem
401 1721 437 1750 et
449 1727 576 1750 somno
589 1728 732 1750 securus
747 1715 846 1749 frua-

158 1774 231 1812 tur,
247 1766 307 1803 tali
322 1767 532 1803 accumbens
551 1768 661 1802 uxori.

202 1818 258 1867 96,
272 1821 363 1859 Fmt.
379 1819 463 1855 Non
472 1819 608 1867 damno
621 1819 712 1855 hanc
722 1820 848 1856 lectio-

159 1884 249 1914 nem
260 1882 270 1905 τ
285 1871 347 1908 aed
365 1872 482 1907 nescio
491 1898 502 1917 ‚
513 1885 559 1907 an
570 1885 645 1908 non
654 1872 848 1919 elegantior

158 1924 204 1960 sit
212 1924 478 1971 'Argentinensis
486 1924 613 1961 codicis
620 1925 847 1970 lectiopremi,

162 1975 198 2011 id
209 1982 274 2019 est,
290 1982 363 2010 tam
373 1977 440 2011 alte
454 1984 490 2012 et
497 1991 618 2011 secure
627 1978 797 2020 dormire,
810 1991 849 2013 ae

163 2027 339 2063 sinullum
355 2027 415 2063 tibi
429 2028 625 2074 periculum
641 2042 661 2063 a
676 2042 778 2075 maga
793 2029 850 2064 illa

165 2079 379 2116 immineret.
388 2079 592 2120 profundus
601 2081 697 2116 enim
705 2094 851 2116 somnus

168 2132 283 2180 arguit
305 2133 421 2169 abesse
450 2145 598 2168 omnem
628 2133 796 2169 timorem
816 2141 852 2168 et

168 2183 449 2220 sollicitudinem.
464 2183 600 2222 Boni.

209 2250 268 2286 99.
290 2237 392 2273 Adde
412 2241 502 2284 quad
511 2246 576 2274 etc.
605 2237 708 2274 Adde
722 2265 732 2283 ,
758 2239 852 2285 quod

169 2289 208 2325 in
223 2295 361 2334 partem
373 2289 484 2326 laudis
498 2304 517 2326 a
533 2298 567 2326 te
584 2298 620 2326 et
632 2292 732 2327 sociis
747 2305 854 2326 com—

170 2348 321 2388 parate,
342 2349 533 2383 venturam,
554 2356 590 2378 se
613 2343 791 2390 gloriatur.
811 2363 857 2370 —

172 2395 345 2431 Adscn'bi.
366 2394 458 2430 Plin.
481 2407 531 2431 Jx.
547 2396 656 2442 Epist.
676 2397 737 2431 13:
759 2398 856 2432 Con—

172 2450 246 2483 sule
275 2452 310 2482 Ie
326 2474 335 2489 ,
359 2450 496 2482 consule
524 2451 608 2483 illas
622 2475 631 2489 ‚
664 2462 712 2483 an
742 2453 858 2485 velitis

171 2501 326 2535 adscribi
323 2499 428 2544 sacto
435 2527 443 2541 ,
461 2503 498 2534 in
508 2513 571 2545 quo
584 2514 647 2545 ego
660 2505 782 2536 comite
791 2515 859 2537 non

172 2565 273 2597 egeo,
290 2553 358 2586 sed
368 2565 435 2587 non
446 2556 500 2587 ita
516 2555 633 2597 glorioe
655 2567 740 2589 meoe
753 2553 860 2599 fave-

176 2607 254 2645 rim,
274 2609 314 2639 ut
330 2607 427 2639 vobis
445 2609 645 2640 societatem
669 2606 746 2651 ejus
766 2610 861 2641 inei—

174 2658 284 2692 deam.
304 2656 404 2692 Alter
420 2658 572 2702 Plinius,
590 2669 655 2694 vu.
679 2659 771 2694 Hist.
782 2659 861 2694 Nat.

178 2708 232 2743 25.
258 2710 392 2754 Oppida
413 2720 619 2745 ncchxxw
644 2715 680 2745 in
703 2713 862 2747 ditionem

175 2762 320 2801 seducta
331 2765 483 2798 victoria
498 2775 571 2798 sua*
583 2765 777 2809 adscripsit.
791 2763 864 2800 Cic.

903 1188 961 1224 lib.
974 1199 1024 1223 1x.
1039 1188 1081 1224 ad
1096 1189 1194 1224 Fam.
1211 1190 1251 1233 14
1261 1199 1270 1222 :
1280 1189 1459 1224 Hominum
1472 1192 1585 1233 opinio

905 1254 958 1276 me
967 1242 1134 1276 adscribit
1145 1244 1273 1276 socium
1288 1244 1356 1276 tuis
1370 1243 1536 1276 laudibus.
1544 1242 1587 1276 Β.

954 1306 1027 1328 100.
1043 1295 1085 1328 Se
1087 1294 1199 1339 favel.
1211 1294 1361 1338 Sesacil,
1378 1293 1468 1328 Edd.
1484 1294 1585 1339 prim.

947 1359 958 1380 1
965 1358 986 1380 o
993 1360 1004 1380 1
1012 1373 1019 1380 .
1027 1347 1136 1382 Pelia
1142 1349 1348 1392 departibus.
1357 1347 1466 1381 Recte
1469 1350 1588 1391 parles

907 1397 1008 1441 dixit;
1034 1411 1118 1434 nam
1133 1400 1250 1445 populi
1268 1412 1345 1445 pars
1361 1399 1498 1434 favebat
1515 1399 1586 1434 Pe·-

904 1448 979 1493 liae;
996 1463 1076 1497 pars
1094 1449 1230 1486 AEsoni.
1244 1451 1360 1486 Valer.
1373 1451 1506 1495 Flac.1‚
1522 1465 1564 1498 70
1581 1478 1590 1495 ,

907 1501 951 1536 de
976 1499 1107 1538 Jasone
1135 1503 1202 1538 iter
1221 1517 1241 1538 a
1258 1503 1356 1538 Pelia
1379 1503 1588 1538 mandatum

908 1555 1136 1603 auspicatum.
1153 1573 1198 1581 —-
1214 1555 1309 1590 Acta
1320 1560 1461 1590 venenis
1474 1559 1590 1601 impu-

908 1611 964 1641 tat
972 1614 1035 1642 etc.
1045 1607 1122 1643 Nec
1133 1606 1262 1642 desunt
1274 1607 1333 1653 qui
1350 1607 1445 1654 quod
1454 1609 1592 1644 fortiter

908 1660 1037 1705 egeris,
1054 1664 1151 1701 acta,
1171 1660 1312 1707 magicis
1326 1660 1456 1696 artibus
1475 1662 1594 1707 impu-

908 1717 998 1755 tent,
1008 1715 1148 1746 venenis
1156 1712 1225 1747 scil.
1232 1708 1504 1755 >medicamentis
1517 1726 1594 1759 quae

909 1763 978 1798 tibi·
987 1764 1119 1800 Medea
1128 1761 1420 1808 submi'nistravit;
1439 1772 1475 1801 et
1486 1766 1595 1802 fidem

910 1815 1002 1862 apud
1011 1819 1171 1862 populum
1188 1817 1380 1853 inveniant.

957 1869 1029 1903 103.
1041 1871 1117 1905 Non
1130 1872 1204 1904 hoec
1217 1872 1411 1911 AEsonides,
1425 1872 1493 1909 sed
1501 1873 1597 1905 Pha-

911 1924 983 1955 sias
995 1922 1141 1956 AEeline.
1154 1922 1248 1957 Male
1262 1922 1425 1958 nonnulli
1437 1925 1598 1969 :sedfilia

913 1975 1038 2008 Phasis
1062 1975 1173 2009 Aetae.
1204 1975 1396 2021 Receptam
1415 1988 1499 2010 vero
1526 1975 1598 2011 lec-

913 2027 1048 2062 tionem
1061 2054 1070 2071 ,
1088 2041 1155 2074 qua
1170 2027 1330 2063 felicitate
1348 2027 1514 2063 Heinsius
1532 2041 1599 2063 res·

914 2079 1060 2123 tituerit,
1076 2087 1195 2126 postea
1213 2078 1422 2115 videbimus:
1433 2079 1598 2115 audiendi

913 2131 1070 2177 primum
1083 2130 1252 2178 Egnatius
1262 2138 1297 2167 et
1306 2132 1513 2179 Naugerius.
1526 2132 1600 2167 Du-

913 2183 1019 2219 lritavi
1029 2196 1119 2230 saepe
1133 2191 1236 2220 antea
1246 2212 1255 2229 ,
1269 2184 1366 2231 prior
1376 2185 1509 2231 inquit,
1526 2197 1603 2231 quae

916 2237 1067 2272 maxime
1095 2237 1280 2283 probabilis
1318 2245 1407 2273 esset
1440 2237 1603 2273 carminis

917 2291 1022 2336 hujus
1035 2290 1136 2326 lectio
1147 2305 1155 2326 :
1166 2303 1210 2325 an
1224 2290 1298 2325 hoec
1311 2291 1382 2336 ipsa
1391 2317 1400 2335 ‚
1417 2303 1524 2336 quam
1539 2290 1603 2336 ipsi

918 2343 1136 2389 reliquimus,
1146 2356 1190 2378 an
1200 2356 1305 2388 quam
1317 2343 1372 2378 alii
1382 2343 1605 2385 substituere,

918 2398 1070 2432 Phasias
1085 2398 1192 2437 AE!ae‚
1209 2395 1380 2441 legentes,
1397 2408 1507 2441 quum
1524 2394 1581 2429 hic
1594 2419 1603 2436 ,

921 2456 998 2484 tum
1015 2449 1051 2483 in
1069 2447 1218 2491 Medea,
1243 2455 1282 2482 ut
1304 2449 1421 2482 AEtam
1445 2445 1607 2493 bissylla—

920 2503 1007 2537 bum
1017 2501 1144 2536 secerin
1150 2508 1173 2536 t.
1184 2500 1274 2546 Ego,
1284 2507 1322 2535 ut
1331 2499 1610 2534 contractionem

921 2555 1016 2589 illam
1029 2581 1038 2598 ,
1058 2553 1148 2588 male
1163 2554 1270 2588 etiam
1287 2553 1329 2587 ab
1350 2552 1402 2587 his
1419 2551 1584 2597 scriptam
1603 2578 1611 2594 ‚

922 2620 996 2642 non
1023 2607 1191 2641 hactenus
1223 2605 1338 2652 legere
1364 2604 1511 2640 memini
1529 2631 1538 2643 ‚
1565 2602 1612 2637 sic

923 2660 1045 2695 malim
1056 2659 1432 2706 trissyllabumservare
1445 2672 1453 2699 ;
1466 2664 1505 2690 ut
1515 2654 1613 2700 diph-

925 2712 1078 2758 thongus
1106 2712 1160 2746 illa
1193 2710 1401 2756 corripiatur
1414 2736 1423 2754 ,
1450 2707 1613 2753 sequenti

925 2765 1055 2809 vocali,
1084 2763 1177 2810 quod
1205 2771 1240 2798 et
1260 2762 1390 2798 Graecis
1420 2768 1455 2796 et
1482 2759 1614 2795 Latinis
