<?xml version="1.0" encoding="UTF-8"?>
<!DOCTYPE html PUBLIC "-//W3C//DTD XHTML 1.0 Transitional//EN"
    "http://www.w3.org/TR/xhtml1/DTD/xhtml1-transitional.dtd">
<html xmlns="http://www.w3.org/1999/xhtml" xml:lang="en" lang="en">
 <head>
  <title>
</title>
<meta http-equiv="Content-Type" content="text/html;charset=utf-8" />
  <meta name='ocr-system' content='tesseract 3.04.00' />
  <meta name='ocr-capabilities' content='ocr_page ocr_carea ocr_par ocr_line ocrx_word'/>
</head>
<body>
  <div class='ocr_page' id='page_1' title='image "./quaeextantomniao01oviduoft_0156.png"; bbox 0 0 1884 3112; ppageno 0'>
   <div class='ocr_carea' id='block_1_1' title="bbox 300 243 383 302">
    <p class='ocr_par' dir='ltr' id='par_1_1' title="bbox 300 243 383 302">
     <span class='ocr_line' id='line_1_1' title="bbox 300 243 383 302; baseline 0.012 -14"><span class='ocrx_word' id='word_1_1' title='bbox 300 243 383 302; x_wconf 75' lang='lat'><strong>124</strong></span> 
     </span>
    </p>
   </div>
   <div class='ocr_carea' id='block_1_2' title="bbox 754 249 1232 299">
    <p class='ocr_par' dir='ltr' id='par_1_2' title="bbox 754 249 1232 299">
     <span class='ocr_line' id='line_1_2' title="bbox 754 249 1232 299; baseline 0.008 -6"><span class='ocrx_word' id='word_1_2' title='bbox 754 249 959 294; x_wconf 88' lang='lat' dir='ltr'>EPIST</span> <span class='ocrx_word' id='word_1_3' title='bbox 977 250 1112 295; x_wconf 90' lang='lat' dir='ltr'><strong>OLA</strong></span> <span class='ocrx_word' id='word_1_4' title='bbox 1145 253 1232 299; x_wconf 85' lang='lat' dir='ltr'><strong>VI.</strong></span> 
     </span>
    </p>
   </div>
   <div class='ocr_carea' id='block_1_3' title="bbox 284 337 1704 1094">
    <p class='ocr_par' dir='ltr' id='par_1_3' title="bbox 284 337 1704 1094">
     <span class='ocr_line' id='line_1_3' title="bbox 351 337 1167 405; baseline 0.006 -19"><span class='ocrx_word' id='word_1_5' title='bbox 351 337 599 405; x_wconf 84' lang='lat' dir='ltr'><strong>Hypsipyle</strong></span> <span class='ocrx_word' id='word_1_6' title='bbox 623 339 757 387; x_wconf 87' lang='lat' dir='ltr'><strong>missa</strong></span> <span class='ocrx_word' id='word_1_7' title='bbox 780 340 912 403; x_wconf 84' lang='lat' dir='ltr'><strong>digna</strong></span> <span class='ocrx_word' id='word_1_8' title='bbox 934 341 1073 390; x_wconf 84' lang='lat' dir='ltr'><strong>salute</strong></span> <span class='ocrx_word' id='word_1_9' title='bbox 1089 343 1167 391; x_wconf 83' lang='lat' dir='ltr'><strong>fui.</strong></span> 
     </span>
     <span class='ocr_line' id='line_1_4' title="bbox 290 410 1473 482; baseline 0.008 -21"><span class='ocrx_word' id='word_1_10' title='bbox 290 414 380 462; x_wconf 89' lang='lat' dir='ltr'><strong>Cur</strong></span> <span class='ocrx_word' id='word_1_11' title='bbox 396 410 505 461; x_wconf 87' lang='lat' dir='ltr'><strong>mihi</strong></span> <span class='ocrx_word' id='word_1_12' title='bbox 526 414 639 462; x_wconf 86' lang='lat' dir='ltr'><strong>fama</strong></span> <span class='ocrx_word' id='word_1_13' title='bbox 660 415 805 480; x_wconf 89' lang='lat' dir='ltr'><strong>prior,</strong></span> <span class='ocrx_word' id='word_1_14' title='bbox 833 435 964 482; x_wconf 90' lang='lat' dir='ltr'><strong>quam</strong></span> <span class='ocrx_word' id='word_1_15' title='bbox 988 419 1143 467; x_wconf 89' lang='lat' dir='ltr'><strong>nuntia</strong></span> <span class='ocrx_word' id='word_1_16' title='bbox 1164 419 1310 479; x_wconf 87' lang='lat' dir='ltr'><strong>litera,</strong></span> <span class='ocrx_word' id='word_1_17' title='bbox 1334 423 1473 482; x_wconf 88' lang='lat' dir='ltr'><strong>venit,</strong></span> 
     </span>
     <span class='ocr_line' id='line_1_5' title="bbox 350 491 1701 561; baseline 0.007 -25"><span class='ocrx_word' id='word_1_18' title='bbox 350 491 441 537; x_wconf 85' lang='lat' dir='ltr'>Isse</span> <span class='ocrx_word' id='word_1_19' title='bbox 465 508 611 538; x_wconf 90' lang='lat' dir='ltr'><strong>sacros</strong></span> <span class='ocrx_word' id='word_1_20' title='bbox 634 492 769 539; x_wconf 88' lang='lat' dir='ltr'><strong>Marti</strong></span> <span class='ocrx_word' id='word_1_21' title='bbox 791 493 873 540; x_wconf 92' lang='lat' dir='ltr'><strong>sub</strong></span> <span class='ocrx_word' id='word_1_22' title='bbox 895 494 1002 558; x_wconf 86' lang='lat' dir='ltr'><strong>juga</strong></span> <span class='ocrx_word' id='word_1_23' title='bbox 1022 495 1165 561; x_wconf 87' lang='lat' dir='ltr'><strong>panda</strong></span> <span class='ocrx_word' id='word_1_24' title='bbox 1186 495 1355 544; x_wconf 78' lang='lat' dir='ltr'><strong>boves?</strong></span> <span class='ocrx_word' id='word_1_25' title='bbox 1658 522 1701 546; x_wconf 79' lang='grc' dir='ltr'><strong>ιο</strong></span> 
     </span>
     <span class='ocr_line' id='line_1_6' title="bbox 287 566 1323 632; baseline 0.006 -18"><span class='ocrx_word' id='word_1_26' title='bbox 287 566 537 614; x_wconf 86' lang='lat' dir='ltr'>Seminibus</span> <span class='ocrx_word' id='word_1_27' title='bbox 555 567 680 632; x_wconf 89' lang='lat' dir='ltr'><strong>jactis</strong></span> <span class='ocrx_word' id='word_1_28' title='bbox 705 581 871 632; x_wconf 86' lang='lat' dir='ltr'><strong>segetes</strong></span> <span class='ocrx_word' id='word_1_29' title='bbox 889 570 1086 619; x_wconf 84' lang='lat' dir='ltr'><strong>adolesse</strong></span> <span class='ocrx_word' id='word_1_30' title='bbox 1106 572 1323 632; x_wconf 86' lang='lat' dir='ltr'><strong>virorum,</strong></span> 
     </span>
     <span class='ocr_line' id='line_1_7' title="bbox 350 646 1283 711; baseline 0.008 -20"><span class='ocrx_word' id='word_1_31' title='bbox 350 646 490 710; x_wconf 88' lang='lat' dir='ltr'><strong>Inque</strong></span> <span class='ocrx_word' id='word_1_32' title='bbox 513 664 664 694; x_wconf 85' lang='lat' dir='ltr'><strong>necem</strong></span> <span class='ocrx_word' id='word_1_33' title='bbox 690 646 840 694; x_wconf 82' lang='lat' dir='ltr'><strong>dextra</strong></span> <span class='ocrx_word' id='word_1_34' title='bbox 859 666 951 695; x_wconf 91' lang='lat' dir='ltr'><strong>non</strong></span> <span class='ocrx_word' id='word_1_35' title='bbox 975 649 1146 711; x_wconf 81' lang='lat' dir='ltr'><strong>eguisse</strong></span> <span class='ocrx_word' id='word_1_36' title='bbox 1170 651 1283 698; x_wconf 77' lang='lat' dir='ltr'><strong>tua?</strong></span> 
     </span>
     <span class='ocr_line' id='line_1_8' title="bbox 286 720 1459 789; baseline 0.007 -23"><span class='ocrx_word' id='word_1_37' title='bbox 286 720 545 783; x_wconf 82' lang='lat' dir='ltr'><strong>Pervigilem</strong></span> <span class='ocrx_word' id='word_1_38' title='bbox 568 722 759 788; x_wconf 91' lang='lat' dir='ltr'><strong>spolium</strong></span> <span class='ocrx_word' id='word_1_39' title='bbox 781 723 963 789; x_wconf 90' lang='lat' dir='ltr'><strong>pecudis</strong></span> <span class='ocrx_word' id='word_1_40' title='bbox 988 743 1178 773; x_wconf 84' lang='lat' dir='ltr'><strong>servasse</strong></span> <span class='ocrx_word' id='word_1_41' title='bbox 1204 725 1459 785; x_wconf 81' lang='lat' dir='ltr'><strong>draconem3</strong></span> 
     </span>
     <span class='ocr_line' id='line_1_9' title="bbox 350 797 1298 862; baseline 0.003 -18"><span class='ocrx_word' id='word_1_42' title='bbox 350 797 496 862; x_wconf 85' lang='lat' dir='ltr'>Rapta</span> <span class='ocrx_word' id='word_1_43' title='bbox 519 809 662 847; x_wconf 89' lang='lat' dir='ltr'><strong>tamen</strong></span> <span class='ocrx_word' id='word_1_44' title='bbox 684 799 791 847; x_wconf 86' lang='lat' dir='ltr'><strong>forti</strong></span> <span class='ocrx_word' id='word_1_45' title='bbox 811 799 968 848; x_wconf 87' lang='lat' dir='ltr'><strong>vellera</strong></span> <span class='ocrx_word' id='word_1_46' title='bbox 990 800 1109 848; x_wconf 87' lang='lat' dir='ltr'><strong>fulva</strong></span> <span class='ocrx_word' id='word_1_47' title='bbox 1131 801 1298 848; x_wconf 79' lang='lat' dir='ltr'><strong>manu?</strong></span> 
     </span>
     <span class='ocr_line' id='line_1_10' title="bbox 284 874 1704 942; baseline 0.003 -20"><span class='ocrx_word' id='word_1_48' title='bbox 284 874 390 922; x_wconf 85' lang='lat' dir='ltr'><strong>Haec</strong></span> <span class='ocrx_word' id='word_1_49' title='bbox 414 893 495 936; x_wconf 83' lang='lat' dir='ltr'><strong>ego</strong></span> <span class='ocrx_word' id='word_1_50' title='bbox 517 876 554 922; x_wconf 90' lang='lat' dir='ltr'><strong>si</strong></span> <span class='ocrx_word' id='word_1_51' title='bbox 578 895 753 942; x_wconf 88' lang='lat' dir='ltr'><strong>possem</strong></span> <span class='ocrx_word' id='word_1_52' title='bbox 777 877 928 925; x_wconf 84' lang='lat' dir='ltr'><strong>timide</strong></span> <span class='ocrx_word' id='word_1_53' title='bbox 949 877 1254 934; x_wconf 83' lang='lat' dir='ltr'><strong>credentibus,</strong></span> <span class='ocrx_word' id='word_1_54' title='bbox 1278 876 1363 924; x_wconf 83' lang='lat' dir='ltr'><strong>ista</strong></span> <span class='ocrx_word' id='word_1_55' title='bbox 1660 892 1704 926; x_wconf 66' lang='lat'><strong>»⁵</strong></span> 
     </span>
     <span class='ocr_line' id='line_1_11' title="bbox 345 951 1667 1020; baseline 0.004 -22"><span class='ocrx_word' id='word_1_56' title='bbox 345 951 447 1016; x_wconf 90' lang='lat' dir='ltr'><strong>Ipse</strong></span> <span class='ocrx_word' id='word_1_57' title='bbox 472 951 581 999; x_wconf 86' lang='lat' dir='ltr'><strong>mihi</strong></span> <span class='ocrx_word' id='word_1_58' title='bbox 602 953 797 1018; x_wconf 88' lang='lat' dir='ltr'><strong>scripsit,</strong></span> <span class='ocrx_word' id='word_1_59' title='bbox 824 953 964 1002; x_wconf 84' lang='lat' dir='ltr'><strong>dicere</strong></span> <span class='ocrx_word' id='word_1_60' title='bbox 984 974 994 1002; x_wconf 76' lang='grc' dir='ltr'>ε</span> <span class='ocrx_word' id='word_1_61' title='bbox 1017 965 1180 1020; x_wconf 85' lang='lat' dir='ltr'><strong>quanta</strong></span> <span class='ocrx_word' id='word_1_62' title='bbox 1199 953 1371 1002; x_wconf 60' lang='lat' dir='ltr'><strong>forem?</strong></span> <span class='ocrx_word' id='word_1_63' title='bbox 1664 955 1667 957; x_wconf 58' lang='grc'><strong>’</strong></span> 
     </span>
     <span class='ocr_line' id='line_1_12' title="bbox 286 1027 1357 1094; baseline 0.002 -19"><span class='ocrx_word' id='word_1_64' title='bbox 286 1027 409 1091; x_wconf 84' lang='lat' dir='ltr'><strong>Quid</strong></span> <span class='ocrx_word' id='word_1_65' title='bbox 435 1047 595 1094; x_wconf 88' lang='lat' dir='ltr'><strong>queror</strong></span> <span class='ocrx_word' id='word_1_66' title='bbox 618 1028 811 1078; x_wconf 88' lang='lat' dir='ltr'><strong>officium</strong></span> <span class='ocrx_word' id='word_1_67' title='bbox 832 1029 941 1078; x_wconf 86' lang='lat' dir='ltr'><strong>lenti</strong></span> <span class='ocrx_word' id='word_1_68' title='bbox 964 1050 1152 1080; x_wconf 89' lang='lat' dir='ltr'><strong>cessasse</strong></span> <span class='ocrx_word' id='word_1_69' title='bbox 1175 1030 1357 1079; x_wconf 81' lang='lat' dir='ltr'><strong>mariti?</strong></span> 
     </span>
    </p>
   </div>
   <div class='ocr_carea' id='block_1_4' title="bbox 277 1202 964 2128">
    <p class='ocr_par' dir='ltr' id='par_1_4' title="bbox 284 1202 963 1559">
     <span class='ocr_line' id='line_1_13' title="bbox 285 1202 956 1248; baseline 0.003 -12"><span class='ocrx_word' id='word_1_70' title='bbox 285 1204 306 1245; x_wconf 72' lang='grc'><em>4</em></span> <span class='ocrx_word' id='word_1_71' title='bbox 319 1216 326 1243; x_wconf 91' lang='grc'>;</span> <span class='ocrx_word' id='word_1_72' title='bbox 343 1203 432 1236; x_wconf 90' lang='lat' dir='ltr'><strong>sorte</strong></span> <span class='ocrx_word' id='word_1_73' title='bbox 449 1202 553 1236; x_wconf 89' lang='lat' dir='ltr'><strong>etiam</strong></span> <span class='ocrx_word' id='word_1_74' title='bbox 568 1205 729 1247; x_wconf 64' lang='lat' dir='ltr'><strong>szgrnalur,</strong></span> <span class='ocrx_word' id='word_1_75' title='bbox 746 1215 820 1237; x_wconf 91' lang='lat' dir='ltr'><strong>non</strong></span> <span class='ocrx_word' id='word_1_76' title='bbox 835 1205 956 1248; x_wconf 58' lang='lat' dir='ltr'><strong>szgrne-</strong></span> 
     </span>
     <span class='ocr_line' id='line_1_14' title="bbox 285 1254 959 1298; baseline 0.003 -11"><span class='ocrx_word' id='word_1_77' title='bbox 285 1258 346 1287; x_wconf 77' lang='lat' dir='ltr'><strong>tur.</strong></span> <span class='ocrx_word' id='word_1_78' title='bbox 358 1254 491 1289; x_wconf 69' lang='lat' dir='ltr'><strong>lems.</strong></span> <span class='ocrx_word' id='word_1_79' title='bbox 499 1272 542 1281; x_wconf 86' lang='lat'><strong>—·</strong></span> <span class='ocrx_word' id='word_1_80' title='bbox 554 1255 887 1298; x_wconf 66' lang='lat' dir='ltr'><strong>Quamlibetadverso</strong></span> <span class='ocrx_word' id='word_1_81' title='bbox 895 1262 959 1290; x_wconf 90' lang='lat' dir='ltr'><strong>etc.</strong></span> 
     </span>
     <span class='ocr_line' id='line_1_15' title="bbox 285 1306 960 1353; baseline 0.004 -14"><span class='ocrx_word' id='word_1_82' title='bbox 285 1306 366 1340; x_wconf 88' lang='lat' dir='ltr'><strong>Hoc</strong></span> <span class='ocrx_word' id='word_1_83' title='bbox 379 1312 430 1340; x_wconf 85' lang='lat' dir='ltr'><strong>est</strong></span> <span class='ocrx_word' id='word_1_84' title='bbox 446 1306 527 1351; x_wconf 89' lang='lat' dir='ltr'><strong>:qui</strong></span> <span class='ocrx_word' id='word_1_85' title='bbox 549 1313 673 1341; x_wconf 88' lang='lat' dir='ltr'><strong>ventus</strong></span> <span class='ocrx_word' id='word_1_86' title='bbox 693 1306 848 1341; x_wconf 85' lang='lat' dir='ltr'><strong>obstabat</strong></span> <span class='ocrx_word' id='word_1_87' title='bbox 871 1320 960 1353; x_wconf 85' lang='lat' dir='ltr'><strong>quo-</strong></span> 
     </span>
     <span class='ocr_line' id='line_1_16' title="bbox 285 1357 960 1404; baseline 0.003 -12"><span class='ocrx_word' id='word_1_88' title='bbox 285 1357 401 1392; x_wconf 89' lang='lat' dir='ltr'><strong>minus</strong></span> <span class='ocrx_word' id='word_1_89' title='bbox 417 1357 460 1392; x_wconf 85' lang='lat' dir='ltr'><strong>ad</strong></span> <span class='ocrx_word' id='word_1_90' title='bbox 478 1358 640 1393; x_wconf 90' lang='lat' dir='ltr'><strong>Lemnon</strong></span> <span class='ocrx_word' id='word_1_91' title='bbox 668 1358 855 1404; x_wconf 90' lang='lat' dir='ltr'><strong>adpelleres</strong></span> <span class='ocrx_word' id='word_1_92' title='bbox 866 1386 875 1403; x_wconf 92' lang='lat'><em>‚</em></span> <span class='ocrx_word' id='word_1_93' title='bbox 901 1362 960 1404; x_wconf 78' lang='lat' dir='ltr'><strong>qui</strong></span> 
     </span>
     <span class='ocr_line' id='line_1_17' title="bbox 284 1410 959 1446; baseline 0.003 -3"><span class='ocrx_word' id='word_1_94' title='bbox 284 1410 394 1444; x_wconf 90' lang='lat' dir='ltr'><strong>vetuit</strong></span> <span class='ocrx_word' id='word_1_95' title='bbox 411 1422 457 1444; x_wconf 90' lang='lat' dir='ltr'><strong>ne</strong></span> <span class='ocrx_word' id='word_1_96' title='bbox 483 1410 525 1444; x_wconf 89' lang='lat' dir='ltr'><strong>ad</strong></span> <span class='ocrx_word' id='word_1_97' title='bbox 547 1423 604 1444; x_wconf 90' lang='lat' dir='ltr'><strong>me</strong></span> <span class='ocrx_word' id='word_1_98' title='bbox 622 1410 745 1446; x_wconf 90' lang='lat' dir='ltr'><strong>saltem</strong></span> <span class='ocrx_word' id='word_1_99' title='bbox 765 1410 959 1446; x_wconf 88' lang='lat' dir='ltr'><strong>scriberes?</strong></span> 
     </span>
     <span class='ocr_line' id='line_1_18' title="bbox 285 1462 963 1508; baseline 0 -11"><span class='ocrx_word' id='word_1_100' title='bbox 285 1462 491 1497; x_wconf 84' lang='lat' dir='ltr'><strong>Merueram</strong></span> <span class='ocrx_word' id='word_1_101' title='bbox 508 1476 610 1507; x_wconf 88' lang='lat' dir='ltr'><strong>sane,</strong></span> <span class='ocrx_word' id='word_1_102' title='bbox 627 1469 684 1508; x_wconf 88' lang='lat' dir='ltr'><strong>ut,</strong></span> <span class='ocrx_word' id='word_1_103' title='bbox 709 1462 763 1497; x_wconf 88' lang='lat' dir='ltr'><strong>vel</strong></span> <span class='ocrx_word' id='word_1_104' title='bbox 780 1476 799 1497; x_wconf 85' lang='lat' dir='ltr'><strong>e</strong></span> <span class='ocrx_word' id='word_1_105' title='bbox 821 1462 963 1508; x_wconf 88' lang='lat' dir='ltr'><strong>longin—</strong></span> 
     </span>
     <span class='ocr_line' id='line_1_19' title="bbox 286 1517 570 1559; baseline 0.004 -11"><span class='ocrx_word' id='word_1_106' title='bbox 286 1526 357 1559; x_wconf 89' lang='lat' dir='ltr'><strong>quo</strong></span> <span class='ocrx_word' id='word_1_107' title='bbox 367 1541 376 1558; x_wconf 92' lang='lat'><strong>,</strong></span> <span class='ocrx_word' id='word_1_108' title='bbox 394 1517 570 1549; x_wconf 81' lang='lat' dir='ltr'><strong>salutares.</strong></span> 
     </span>
    </p>

    <p class='ocr_par' dir='ltr' id='par_1_5' title="bbox 277 1567 964 2025">
     <span class='ocr_line' id='line_1_20' title="bbox 333 1567 963 1601; baseline -0.002 -1"><span class='ocrx_word' id='word_1_109' title='bbox 333 1577 383 1600; x_wconf 91' lang='lat'><strong>10.</strong></span> <span class='ocrx_word' id='word_1_110' title='bbox 415 1567 534 1601; x_wconf 78' lang='lat' dir='ltr'><strong>Sacros</strong></span> <span class='ocrx_word' id='word_1_111' title='bbox 557 1568 670 1600; x_wconf 79' lang='lat' dir='ltr'><strong>Marti</strong></span> <span class='ocrx_word' id='word_1_112' title='bbox 694 1569 803 1601; x_wconf 70' lang='lat' dir='ltr'><strong>boves.</strong></span> <span class='ocrx_word' id='word_1_113' title='bbox 827 1567 963 1601; x_wconf 81' lang='lat' dir='ltr'><strong>Tauros</strong></span> 
     </span>
     <span class='ocr_line' id='line_1_21' title="bbox 284 1617 960 1662; baseline 0 -11"><span class='ocrx_word' id='word_1_114' title='bbox 284 1617 431 1661; x_wconf 86' lang='lat' dir='ltr'><strong>scilicet,</strong></span> <span class='ocrx_word' id='word_1_115' title='bbox 456 1631 541 1662; x_wconf 91' lang='lat' dir='ltr'><strong>quos</strong></span> <span class='ocrx_word' id='word_1_116' title='bbox 566 1618 637 1652; x_wconf 88' lang='lat' dir='ltr'><strong>Soli</strong></span> <span class='ocrx_word' id='word_1_117' title='bbox 670 1619 848 1654; x_wconf 84' lang='lat' dir='ltr'><strong>Vulcanus</strong></span> <span class='ocrx_word' id='word_1_118' title='bbox 866 1617 960 1651; x_wconf 88' lang='lat' dir='ltr'><strong>dono</strong></span> 
     </span>
     <span class='ocr_line' id='line_1_22' title="bbox 286 1668 962 1715; baseline 0.001 -13"><span class='ocrx_word' id='word_1_119' title='bbox 286 1668 450 1712; x_wconf 86' lang='lat' dir='ltr'><strong>dederat,</strong></span> <span class='ocrx_word' id='word_1_120' title='bbox 477 1675 517 1703; x_wconf 84' lang='lat' dir='ltr'><strong>ut</strong></span> <span class='ocrx_word' id='word_1_121' title='bbox 548 1677 684 1715; x_wconf 86' lang='lat' dir='ltr'><strong>gratum</strong></span> <span class='ocrx_word' id='word_1_122' title='bbox 710 1683 745 1704; x_wconf 90' lang='lat' dir='ltr'><strong>se</strong></span> <span class='ocrx_word' id='word_1_123' title='bbox 772 1669 962 1714; x_wconf 82' lang='lat' dir='ltr'><strong>praeberet,</strong></span> 
     </span>
     <span class='ocr_line' id='line_1_23' title="bbox 287 1719 962 1767; baseline 0 -13"><span class='ocrx_word' id='word_1_124' title='bbox 287 1719 382 1765; x_wconf 88' lang='lat' dir='ltr'><strong>quod</strong></span> <span class='ocrx_word' id='word_1_125' title='bbox 403 1721 518 1755; x_wconf 84' lang='lat' dir='ltr'><strong>susum</strong></span> <span class='ocrx_word' id='word_1_126' title='bbox 551 1721 741 1766; x_wconf 78' lang='lat' dir='ltr'><strong>gigantium</strong></span> <span class='ocrx_word' id='word_1_127' title='bbox 761 1733 893 1767; x_wconf 86' lang='lat' dir='ltr'><strong>pugna,</strong></span> <span class='ocrx_word' id='word_1_128' title='bbox 924 1721 962 1754; x_wconf 86' lang='lat' dir='ltr'><strong>in</strong></span> 
     </span>
     <span class='ocr_line' id='line_1_24' title="bbox 285 1772 962 1818; baseline 0 -12"><span class='ocrx_word' id='word_1_129' title='bbox 285 1772 427 1818; x_wconf 82' lang='lat' dir='ltr'><strong>proprio</strong></span> <span class='ocrx_word' id='word_1_130' title='bbox 453 1786 566 1808; x_wconf 83' lang='lat' dir='ltr'><strong>curru.</strong></span> <span class='ocrx_word' id='word_1_131' title='bbox 580 1773 750 1818; x_wconf 87' lang='lat' dir='ltr'><strong>benignus</strong></span> <span class='ocrx_word' id='word_1_132' title='bbox 773 1779 962 1818; x_wconf 73' lang='lat' dir='ltr'><strong>exceperat.</strong></span> 
     </span>
     <span class='ocr_line' id='line_1_25' title="bbox 290 1824 963 1872; baseline -0.001 -14"><span class='ocrx_word' id='word_1_133' title='bbox 290 1826 431 1872; x_wconf 45' lang='lat' dir='ltr'><strong>(f&#39;lam&#39;er,</strong></span> <span class='ocrx_word' id='word_1_134' title='bbox 447 1824 490 1858; x_wconf 85' lang='lat' dir='ltr'><strong>ad</strong></span> <span class='ocrx_word' id='word_1_135' title='bbox 504 1824 663 1870; x_wconf 83' lang='lat' dir='ltr'><strong>Apollod&#39;.</strong></span> <span class='ocrx_word' id='word_1_136' title='bbox 673 1836 688 1858; x_wconf 90' lang='lat'>1</span> <span class='ocrx_word' id='word_1_137' title='bbox 699 1851 708 1868; x_wconf 86' lang='lat'><strong>,</strong></span> <span class='ocrx_word' id='word_1_138' title='bbox 726 1839 765 1872; x_wconf 81' lang='lat'><strong>9,</strong></span> <span class='ocrx_word' id='word_1_139' title='bbox 785 1825 963 1858; x_wconf 60' lang='lat' dir='ltr'><em>23‘.--Sub</em></span> 
     </span>
     <span class='ocr_line' id='line_1_26' title="bbox 277 1877 963 1921; baseline -0.001 -11"><span class='ocrx_word' id='word_1_140' title='bbox 277 1877 368 1921; x_wconf 75' lang='lat' dir='ltr'><strong>juga</strong></span> <span class='ocrx_word' id='word_1_141' title='bbox 375 1878 504 1921; x_wconf 82' lang='lat' dir='ltr'><strong>panda.</strong></span> <span class='ocrx_word' id='word_1_142' title='bbox 526 1878 725 1918; x_wconf 78' lang='lat' dir='ltr'><strong>Incurvala;</strong></span> <span class='ocrx_word' id='word_1_143' title='bbox 754 1889 772 1910; x_wconf 90' lang='lat' dir='ltr'><strong>a</strong></span> <span class='ocrx_word' id='word_1_144' title='bbox 785 1878 963 1919; x_wconf 78' lang='lat' dir='ltr'><strong>pandere,-</strong></span> 
     </span>
     <span class='ocr_line' id='line_1_27' title="bbox 286 1927 964 1974; baseline -0.003 -11"><span class='ocrx_word' id='word_1_145' title='bbox 286 1929 334 1964; x_wconf 89' lang='lat' dir='ltr'><strong>sic</strong></span> <span class='ocrx_word' id='word_1_146' title='bbox 346 1927 436 1974; x_wconf 89' lang='lat' dir='ltr'><strong>apud</strong></span> <span class='ocrx_word' id='word_1_147' title='bbox 451 1928 571 1974; x_wconf 85' lang='lat' dir='ltr'><strong>Virgil.</strong></span> <span class='ocrx_word' id='word_1_148' title='bbox 588 1927 642 1972; x_wconf 79' lang='lat' dir='ltr'><strong>G,</strong></span> <span class='ocrx_word' id='word_1_149' title='bbox 662 1940 691 1962; x_wconf 94' lang='lat'><strong>11</strong></span> <span class='ocrx_word' id='word_1_150' title='bbox 703 1955 712 1972; x_wconf 93' lang='lat'><strong>,</strong></span> <span class='ocrx_word' id='word_1_151' title='bbox 729 1929 791 1972; x_wconf 80' lang='grc'><strong>445</strong></span> <span class='ocrx_word' id='word_1_152' title='bbox 809 1934 863 1962; x_wconf 88' lang='lat' dir='ltr'><strong>:et</strong></span> <span class='ocrx_word' id='word_1_153' title='bbox 873 1940 964 1972; x_wconf 80' lang='lat' dir='ltr'><strong>pan-</strong></span> 
     </span>
     <span class='ocr_line' id='line_1_28' title="bbox 287 1980 826 2025; baseline -0.004 -10"><span class='ocrx_word' id='word_1_154' title='bbox 287 1983 351 2015; x_wconf 85' lang='lat' dir='ltr'><strong>das</strong></span> <span class='ocrx_word' id='word_1_155' title='bbox 370 1980 499 2015; x_wconf 88' lang='lat' dir='ltr'><strong>ratibus</strong></span> <span class='ocrx_word' id='word_1_156' title='bbox 519 1992 665 2025; x_wconf 86' lang='lat' dir='ltr'><strong>posuere</strong></span> <span class='ocrx_word' id='word_1_157' title='bbox 681 1983 826 2014; x_wconf 71' lang='lat' dir='ltr'><strong>carinas.</strong></span> 
     </span>
    </p>

    <p class='ocr_par' dir='ltr' id='par_1_6' title="bbox 289 2031 964 2128">
     <span class='ocr_line' id='line_1_29' title="bbox 334 2031 964 2077; baseline -0.003 -10"><span class='ocrx_word' id='word_1_158' title='bbox 334 2047 348 2067; x_wconf 91' lang='lat'><strong>1</strong></span> <span class='ocrx_word' id='word_1_159' title='bbox 357 2046 384 2066; x_wconf 90' lang='lat'><strong>1.</strong></span> <span class='ocrx_word' id='word_1_160' title='bbox 397 2033 532 2077; x_wconf 74' lang='lat' dir='ltr'><strong>Segeles</strong></span> <span class='ocrx_word' id='word_1_161' title='bbox 546 2035 696 2067; x_wconf 72' lang='lat' dir='ltr'><strong>virorum.</strong></span> <span class='ocrx_word' id='word_1_162' title='bbox 709 2031 808 2066; x_wconf 90' lang='lat' dir='ltr'><strong>Idem</strong></span> <span class='ocrx_word' id='word_1_163' title='bbox 816 2032 944 2067; x_wconf 87' lang='lat' dir='ltr'><strong>Noster</strong></span> <span class='ocrx_word' id='word_1_164' title='bbox 954 2056 964 2075; x_wconf 87' lang='lat'><strong>,</strong></span> 
     </span>
     <span class='ocr_line' id='line_1_30' title="bbox 289 2084 628 2128; baseline 0 -9"><span class='ocrx_word' id='word_1_165' title='bbox 289 2084 437 2119; x_wconf 90' lang='lat' dir='ltr'><strong>Metam.</strong></span> <span class='ocrx_word' id='word_1_166' title='bbox 453 2095 500 2118; x_wconf 90' lang='lat'><strong>111</strong></span> <span class='ocrx_word' id='word_1_167' title='bbox 514 2111 523 2128; x_wconf 89' lang='lat'><strong>,</strong></span> <span class='ocrx_word' id='word_1_168' title='bbox 545 2097 558 2118; x_wconf 89' lang='lat'>1</span> <span class='ocrx_word' id='word_1_169' title='bbox 568 2096 628 2119; x_wconf 89' lang='lat'><strong>10:</strong></span> 
     </span>
    </p>
   </div>
   <div class='ocr_carea' id='block_1_5' title="bbox 421 2144 947 2178">
    <p class='ocr_par' dir='ltr' id='par_1_7' title="bbox 421 2144 947 2178">
     <span class='ocr_line' id='line_1_31' title="bbox 421 2144 947 2178; baseline 0 -9"><span class='ocrx_word' id='word_1_170' title='bbox 421 2162 454 2171; x_wconf 87' lang='lat'><strong>...</strong></span> <span class='ocrx_word' id='word_1_171' title='bbox 468 2144 615 2178; x_wconf 82' lang='lat' dir='ltr'><strong>Crescitque</strong></span> <span class='ocrx_word' id='word_1_172' title='bbox 623 2153 691 2178; x_wconf 79' lang='lat' dir='ltr'><strong>seges</strong></span> <span class='ocrx_word' id='word_1_173' title='bbox 696 2144 813 2178; x_wconf 75' lang='lat' dir='ltr'><strong>clypeata</strong></span> <span class='ocrx_word' id='word_1_174' title='bbox 822 2146 947 2170; x_wconf 81' lang='lat' dir='ltr'><strong>virorum.</strong></span> 
     </span>
    </p>
   </div>
   <div class='ocr_carea' id='block_1_6' title="bbox 290 2192 970 2805">
    <p class='ocr_par' dir='ltr' id='par_1_8' title="bbox 290 2192 968 2651">
     <span class='ocr_line' id='line_1_32' title="bbox 290 2192 965 2239; baseline -0.001 -12"><span class='ocrx_word' id='word_1_175' title='bbox 290 2212 333 2219; x_wconf 94' lang='lat'><strong>—-</strong></span> <span class='ocrx_word' id='word_1_176' title='bbox 341 2194 525 2228; x_wconf 77' lang='lat' dir='ltr'><strong>Seminibus</strong></span> <span class='ocrx_word' id='word_1_177' title='bbox 527 2194 651 2237; x_wconf 79' lang='lat' dir='ltr'><strong>jaclls.</strong></span> <span class='ocrx_word' id='word_1_178' title='bbox 662 2192 794 2239; x_wconf 85' lang='lat' dir='ltr'><strong>Sparsis</strong></span> <span class='ocrx_word' id='word_1_179' title='bbox 805 2192 965 2227; x_wconf 90' lang='lat' dir='ltr'><strong>dentibus</strong></span> 
     </span>
     <span class='ocr_line' id='line_1_33' title="bbox 291 2244 966 2290; baseline 0 -12"><span class='ocrx_word' id='word_1_180' title='bbox 291 2244 448 2280; x_wconf 86' lang='lat' dir='ltr'><strong>draconis</strong></span> <span class='ocrx_word' id='word_1_181' title='bbox 458 2244 623 2279; x_wconf 84' lang='lat' dir='ltr'><strong>Cadmaei.</strong></span> <span class='ocrx_word' id='word_1_182' title='bbox 634 2246 795 2290; x_wconf 85' lang='lat' dir='ltr'><strong>Pugnam</strong></span> <span class='ocrx_word' id='word_1_183' title='bbox 804 2244 894 2279; x_wconf 89' lang='lat' dir='ltr'><strong>hanc</strong></span> <span class='ocrx_word' id='word_1_184' title='bbox 902 2244 926 2278; x_wconf 91' lang='lat' dir='ltr'>J</span> <span class='ocrx_word' id='word_1_185' title='bbox 928 2257 966 2278; x_wconf 87' lang='lat' dir='ltr'><strong>a·-</strong></span> 
     </span>
     <span class='ocr_line' id='line_1_34' title="bbox 291 2296 957 2342; baseline -0.002 -11"><span class='ocrx_word' id='word_1_186' title='bbox 291 2296 384 2331; x_wconf 86' lang='lat' dir='ltr'><strong>sonis</strong></span> <span class='ocrx_word' id='word_1_187' title='bbox 411 2308 492 2331; x_wconf 91' lang='lat' dir='ltr'><strong>cum</strong></span> <span class='ocrx_word' id='word_1_188' title='bbox 521 2296 715 2342; x_wconf 83' lang='lat' dir='ltr'><strong>gigantibus</strong></span> <span class='ocrx_word' id='word_1_189' title='bbox 736 2310 754 2330; x_wconf 92' lang='lat' dir='ltr'><strong>e</strong></span> <span class='ocrx_word' id='word_1_190' title='bbox 783 2300 874 2330; x_wconf 86' lang='lat' dir='ltr'><strong>terra</strong></span> <span class='ocrx_word' id='word_1_191' title='bbox 901 2308 957 2330; x_wconf 87' lang='lat' dir='ltr'><strong>re-</strong></span> 
     </span>
     <span class='ocr_line' id='line_1_35' title="bbox 291 2347 967 2394; baseline -0.003 -12"><span class='ocrx_word' id='word_1_192' title='bbox 291 2355 396 2394; x_wconf 89' lang='lat' dir='ltr'><strong>pente</strong></span> <span class='ocrx_word' id='word_1_193' title='bbox 418 2348 526 2392; x_wconf 86' lang='lat' dir='ltr'><strong>natis,</strong></span> <span class='ocrx_word' id='word_1_194' title='bbox 552 2354 588 2381; x_wconf 85' lang='lat' dir='ltr'><strong>et</strong></span> <span class='ocrx_word' id='word_1_195' title='bbox 610 2354 726 2382; x_wconf 82' lang='lat' dir='ltr'><strong>tauros</strong></span> <span class='ocrx_word' id='word_1_196' title='bbox 748 2347 866 2381; x_wconf 80' lang='lat' dir='ltr'><strong>fatales</strong></span> <span class='ocrx_word' id='word_1_197' title='bbox 883 2347 967 2392; x_wconf 79' lang='lat' dir='ltr'><strong>jugo</strong></span> 
     </span>
     <span class='ocr_line' id='line_1_36' title="bbox 292 2398 967 2444; baseline -0.004 -10"><span class='ocrx_word' id='word_1_198' title='bbox 292 2399 475 2434; x_wconf 87' lang='lat' dir='ltr'><strong>submissos</strong></span> <span class='ocrx_word' id='word_1_199' title='bbox 487 2425 496 2443; x_wconf 95' lang='lat'><strong>,</strong></span> <span class='ocrx_word' id='word_1_200' title='bbox 524 2398 686 2444; x_wconf 88' lang='lat' dir='ltr'><strong>Apollon.</strong></span> <span class='ocrx_word' id='word_1_201' title='bbox 708 2409 755 2432; x_wconf 93' lang='lat'><strong>111</strong></span> <span class='ocrx_word' id='word_1_202' title='bbox 768 2425 777 2442; x_wconf 92' lang='lat'>‚</span> <span class='ocrx_word' id='word_1_203' title='bbox 802 2405 837 2433; x_wconf 90' lang='lat' dir='ltr'><strong>et</strong></span> <span class='ocrx_word' id='word_1_204' title='bbox 852 2398 967 2432; x_wconf 90' lang='lat' dir='ltr'><strong>Valer.</strong></span> 
     </span>
     <span class='ocr_line' id='line_1_37' title="bbox 293 2450 967 2496; baseline -0.006 -10"><span class='ocrx_word' id='word_1_205' title='bbox 293 2451 433 2486; x_wconf 88' lang='lat' dir='ltr'><strong>Flaccus</strong></span> <span class='ocrx_word' id='word_1_206' title='bbox 443 2477 452 2494; x_wconf 94' lang='lat'><strong>,</strong></span> <span class='ocrx_word' id='word_1_207' title='bbox 464 2462 518 2486; x_wconf 83' lang='lat' dir='ltr'><strong>vn</strong></span> <span class='ocrx_word' id='word_1_208' title='bbox 529 2477 538 2494; x_wconf 93' lang='lat'><strong>,</strong></span> <span class='ocrx_word' id='word_1_209' title='bbox 550 2451 684 2496; x_wconf 83' lang='lat' dir='ltr'><strong>egregie</strong></span> <span class='ocrx_word' id='word_1_210' title='bbox 696 2450 967 2495; x_wconf 85' lang='lat' dir='ltr'><strong>descripserunt:</strong></span> 
     </span>
     <span class='ocr_line' id='line_1_38' title="bbox 293 2501 965 2550; baseline -0.004 -13"><span class='ocrx_word' id='word_1_211' title='bbox 293 2503 388 2549; x_wconf 87' lang='lat' dir='ltr'><strong>prior</strong></span> <span class='ocrx_word' id='word_1_212' title='bbox 400 2502 542 2548; x_wconf 89' lang='lat' dir='ltr'><strong>quidem</strong></span> <span class='ocrx_word' id='word_1_213' title='bbox 554 2502 643 2550; x_wconf 88' lang='lat' dir='ltr'><strong>stylo</strong></span> <span class='ocrx_word' id='word_1_214' title='bbox 652 2515 742 2547; x_wconf 87' lang='lat' dir='ltr'><strong>pene</strong></span> <span class='ocrx_word' id='word_1_215' title='bbox 753 2501 944 2536; x_wconf 88' lang='lat' dir='ltr'><strong>Homerico</strong></span> <span class='ocrx_word' id='word_1_216' title='bbox 957 2514 965 2542; x_wconf 89' lang='lat'>;</span> 
     </span>
     <span class='ocr_line' id='line_1_39' title="bbox 294 2552 968 2600; baseline -0.004 -11"><span class='ocrx_word' id='word_1_217' title='bbox 294 2567 359 2589; x_wconf 87' lang='lat' dir='ltr'><strong>nec</strong></span> <span class='ocrx_word' id='word_1_218' title='bbox 372 2555 419 2589; x_wconf 87' lang='lat' dir='ltr'><strong>ita</strong></span> <span class='ocrx_word' id='word_1_219' title='bbox 435 2554 554 2600; x_wconf 89' lang='lat' dir='ltr'><strong>procul</strong></span> <span class='ocrx_word' id='word_1_220' title='bbox 567 2567 585 2588; x_wconf 89' lang='lat' dir='ltr'><strong>a</strong></span> <span class='ocrx_word' id='word_1_221' title='bbox 598 2554 787 2599; x_wconf 80' lang='lat' dir='ltr'><strong>Virgiliana</strong></span> <span class='ocrx_word' id='word_1_222' title='bbox 800 2552 968 2599; x_wconf 79' lang='lat' dir='ltr'><strong>elegantia</strong></span> 
     </span>
     <span class='ocr_line' id='line_1_40' title="bbox 294 2605 688 2651; baseline -0.003 -11"><span class='ocrx_word' id='word_1_223' title='bbox 294 2606 491 2650; x_wconf 84' lang='lat' dir='ltr'><strong>interdum,</strong></span> <span class='ocrx_word' id='word_1_224' title='bbox 509 2605 688 2651; x_wconf 86' lang='lat' dir='ltr'><strong>posterior.</strong></span> 
     </span>
    </p>

    <p class='ocr_par' dir='ltr' id='par_1_9' title="bbox 296 2654 969 2744">
     <span class='ocr_line' id='line_1_41' title="bbox 342 2654 969 2701; baseline -0.005 -10"><span class='ocrx_word' id='word_1_225' title='bbox 342 2671 391 2691; x_wconf 85' lang='lat'><strong>12.</strong></span> <span class='ocrx_word' id='word_1_226' title='bbox 407 2659 540 2691; x_wconf 66' lang='lat' dir='ltr'><strong>Dextra</strong></span> <span class='ocrx_word' id='word_1_227' title='bbox 549 2671 615 2692; x_wconf 82' lang='lat' dir='ltr'><strong>non</strong></span> <span class='ocrx_word' id='word_1_228' title='bbox 622 2660 753 2701; x_wconf 60' lang='lat' dir='ltr'><strong>egutsstse</strong></span> <span class='ocrx_word' id='word_1_229' title='bbox 765 2661 831 2690; x_wconf 81' lang='lat' dir='ltr'><strong>lua.</strong></span> <span class='ocrx_word' id='word_1_230' title='bbox 848 2656 901 2690; x_wconf 79' lang='lat' dir='ltr'><strong>Ut</strong></span> <span class='ocrx_word' id='word_1_231' title='bbox 911 2654 969 2700; x_wconf 87' lang='lat' dir='ltr'><strong>qui</strong></span> 
     </span>
     <span class='ocr_line' id='line_1_42' title="bbox 296 2709 820 2744; baseline -0.004 0"><span class='ocrx_word' id='word_1_232' title='bbox 296 2709 444 2744; x_wconf 86' lang='lat' dir='ltr'><strong>invicem</strong></span> <span class='ocrx_word' id='word_1_233' title='bbox 460 2722 495 2743; x_wconf 89' lang='lat' dir='ltr'><strong>se</strong></span> <span class='ocrx_word' id='word_1_234' title='bbox 512 2722 546 2743; x_wconf 89' lang='lat' dir='ltr'><strong>se</strong></span> <span class='ocrx_word' id='word_1_235' title='bbox 562 2709 820 2743; x_wconf 78' lang='lat' dir='ltr'><strong>interemerint.</strong></span> 
     </span>
    </p>

    <p class='ocr_par' dir='ltr' id='par_1_10' title="bbox 344 2761 970 2805">
     <span class='ocr_line' id='line_1_43' title="bbox 344 2761 970 2805; baseline -0.002 -11"><span class='ocrx_word' id='word_1_236' title='bbox 344 2761 392 2794; x_wconf 79' lang='lat'><strong>15.</strong></span> <span class='ocrx_word' id='word_1_237' title='bbox 407 2761 492 2796; x_wconf 84' lang='lat' dir='ltr'><strong>Haec</strong></span> <span class='ocrx_word' id='word_1_238' title='bbox 505 2773 566 2805; x_wconf 67' lang='lat' dir='ltr'><strong>ego</strong></span> <span class='ocrx_word' id='word_1_239' title='bbox 577 2763 613 2794; x_wconf 79' lang='lat' dir='ltr'><strong>si</strong></span> <span class='ocrx_word' id='word_1_240' title='bbox 616 2773 750 2804; x_wconf 76' lang='lat' dir='ltr'><strong>possem</strong></span> <span class='ocrx_word' id='word_1_241' title='bbox 766 2761 880 2794; x_wconf 79' lang='lat' dir='ltr'><strong>tinu‘de</strong></span> <span class='ocrx_word' id='word_1_242' title='bbox 896 2771 970 2793; x_wconf 81' lang='lat' dir='ltr'><strong>cre-</strong></span> 
     </span>
    </p>
   </div>
   <div class='ocr_carea' id='block_1_7' title="bbox 1023 1199 1706 2793">
    <p class='ocr_par' dir='ltr' id='par_1_11' title="bbox 1023 1199 1699 1353">
     <span class='ocr_line' id='line_1_44' title="bbox 1023 1199 1699 1248; baseline -0.007 -9"><span class='ocrx_word' id='word_1_243' title='bbox 1023 1206 1186 1239; x_wconf 72' lang='lat' dir='ltr'><strong>denlz&#39;bus.</strong></span> <span class='ocrx_word' id='word_1_244' title='bbox 1196 1204 1271 1239; x_wconf 84' lang='lat' dir='ltr'><strong>Hoc</strong></span> <span class='ocrx_word' id='word_1_245' title='bbox 1277 1216 1338 1248; x_wconf 78' lang='lat' dir='ltr'><strong>egv</strong></span> <span class='ocrx_word' id='word_1_246' title='bbox 1346 1209 1422 1247; x_wconf 87' lang='lat' dir='ltr'><strong>etc.,</strong></span> <span class='ocrx_word' id='word_1_247' title='bbox 1431 1200 1591 1236; x_wconf 86' lang='lat' dir='ltr'><strong>meliores</strong></span> <span class='ocrx_word' id='word_1_248' title='bbox 1598 1199 1699 1246; x_wconf 86' lang='lat' dir='ltr'><strong>scrip-</strong></span> 
     </span>
     <span class='ocr_line' id='line_1_45' title="bbox 1024 1253 1699 1300; baseline -0.006 -10"><span class='ocrx_word' id='word_1_249' title='bbox 1024 1256 1069 1297; x_wconf 77' lang='lat' dir='ltr'><strong>ti;</strong></span> <span class='ocrx_word' id='word_1_250' title='bbox 1086 1262 1125 1290; x_wconf 73' lang='lat' dir='ltr'><strong>et&#39;</strong></span> <span class='ocrx_word' id='word_1_251' title='bbox 1136 1269 1217 1290; x_wconf 86' lang='lat' dir='ltr'><strong>sane</strong></span> <span class='ocrx_word' id='word_1_252' title='bbox 1236 1257 1320 1289; x_wconf 76' lang='lat' dir='ltr'><strong>Hac</strong></span> <span class='ocrx_word' id='word_1_253' title='bbox 1333 1268 1371 1290; x_wconf 86' lang='lat' dir='ltr'><strong>ac</strong></span> <span class='ocrx_word' id='word_1_254' title='bbox 1385 1259 1469 1300; x_wconf 55' lang='lat' dir='ltr'><strong>ista,</strong></span> <span class='ocrx_word' id='word_1_255' title='bbox 1488 1253 1605 1288; x_wconf 79' lang='lat' dir='ltr'><strong>minus</strong></span> <span class='ocrx_word' id='word_1_256' title='bbox 1621 1259 1699 1298; x_wconf 82' lang='lat' dir='ltr'><strong>apte</strong></span> 
     </span>
     <span class='ocr_line' id='line_1_46' title="bbox 1024 1307 1344 1353; baseline -0.006 -10"><span class='ocrx_word' id='word_1_257' title='bbox 1024 1308 1213 1344; x_wconf 85' lang='lat' dir='ltr'><strong>cohaerent.</strong></span> <span class='ocrx_word' id='word_1_258' title='bbox 1231 1307 1344 1353; x_wconf 85' lang='lat' dir='ltr'><strong>Lege:</strong></span> 
     </span>
    </p>

    <p class='ocr_par' dir='ltr' id='par_1_12' title="bbox 1025 1366 1705 2016">
     <span class='ocr_line' id='line_1_47' title="bbox 1025 1366 1637 1401; baseline -0.005 -7"><span class='ocrx_word' id='word_1_259' title='bbox 1025 1369 1050 1394; x_wconf 91' lang='grc' dir='ltr'><strong>Ο</strong></span> <span class='ocrx_word' id='word_1_260' title='bbox 1060 1377 1106 1401; x_wconf 74' lang='lat' dir='ltr'><strong>ego</strong></span> <span class='ocrx_word' id='word_1_261' title='bbox 1116 1387 1125 1400; x_wconf 90' lang='lat'><em>‚</em></span> <span class='ocrx_word' id='word_1_262' title='bbox 1139 1368 1162 1393; x_wconf 74' lang='lat' dir='ltr'><strong>si</strong></span> <span class='ocrx_word' id='word_1_263' title='bbox 1173 1376 1274 1401; x_wconf 79' lang='lat' dir='ltr'><strong>possem</strong></span> <span class='ocrx_word' id='word_1_264' title='bbox 1287 1366 1378 1392; x_wconf 82' lang='lat' dir='ltr'><strong>timide</strong></span> <span class='ocrx_word' id='word_1_265' title='bbox 1388 1366 1551 1392; x_wconf 71' lang='lat' dir='ltr'><strong>credentibus</strong></span> <span class='ocrx_word' id='word_1_266' title='bbox 1561 1385 1571 1398; x_wconf 88' lang='lat'><strong>,</strong></span> <span class='ocrx_word' id='word_1_267' title='bbox 1586 1366 1637 1392; x_wconf 70' lang='lat' dir='ltr'><strong>int·</strong></span> 
     </span>
     <span class='ocr_line' id='line_1_48' title="bbox 1058 1415 1665 1451; baseline -0.003 -9"><span class='ocrx_word' id='word_1_268' title='bbox 1058 1419 1117 1451; x_wconf 75' lang='lat' dir='ltr'><strong>Ipse</strong></span> <span class='ocrx_word' id='word_1_269' title='bbox 1128 1416 1192 1442; x_wconf 84' lang='lat' dir='ltr'><strong>mihi</strong></span> <span class='ocrx_word' id='word_1_270' title='bbox 1207 1416 1309 1449; x_wconf 79' lang='lat' dir='ltr'><strong>scripsit</strong></span> <span class='ocrx_word' id='word_1_271' title='bbox 1319 1435 1327 1447; x_wconf 92' lang='lat'>‚</span> <span class='ocrx_word' id='word_1_272' title='bbox 1341 1416 1424 1440; x_wconf 84' lang='lat' dir='ltr'><strong>dicere</strong></span> <span class='ocrx_word' id='word_1_273' title='bbox 1435 1434 1444 1447; x_wconf 93' lang='lat'><strong>,</strong></span> <span class='ocrx_word' id='word_1_274' title='bbox 1461 1420 1557 1450; x_wconf 72' lang='lat' dir='ltr'><strong>quanta</strong></span> <span class='ocrx_word' id='word_1_275' title='bbox 1565 1415 1665 1442; x_wconf 76' lang='lat' dir='ltr'><strong>sorem!</strong></span> 
     </span>
     <span class='ocr_line' id='line_1_49' title="bbox 1026 1463 1702 1510; baseline -0.003 -10"><span class='ocrx_word' id='word_1_276' title='bbox 1026 1484 1070 1493; x_wconf 85' lang='lat'><strong>-—</strong></span> <span class='ocrx_word' id='word_1_277' title='bbox 1083 1467 1168 1500; x_wconf 82' lang='lat' dir='ltr'><strong>Haec</strong></span> <span class='ocrx_word' id='word_1_278' title='bbox 1188 1479 1251 1510; x_wconf 75' lang='lat' dir='ltr'><strong>ego</strong></span> <span class='ocrx_word' id='word_1_279' title='bbox 1274 1468 1310 1507; x_wconf 62' lang='grc' dir='ltr'><strong>,εἰ</strong></span> <span class='ocrx_word' id='word_1_280' title='bbox 1320 1477 1455 1510; x_wconf 82' lang='lat' dir='ltr'><strong>possem</strong></span> <span class='ocrx_word' id='word_1_281' title='bbox 1481 1470 1544 1499; x_wconf 84' lang='lat' dir='ltr'><strong>etc.</strong></span> <span class='ocrx_word' id='word_1_282' title='bbox 1572 1463 1626 1499; x_wconf 87' lang='lat' dir='ltr'><strong>Ita</strong></span> <span class='ocrx_word' id='word_1_283' title='bbox 1645 1463 1702 1498; x_wconf 74' lang='lat' dir='ltr'><strong>inr-</strong></span> 
     </span>
     <span class='ocr_line' id='line_1_50' title="bbox 1026 1516 1702 1564; baseline -0.003 -12"><span class='ocrx_word' id='word_1_284' title='bbox 1026 1517 1156 1564; x_wconf 85' lang='lat' dir='ltr'><strong>telligas</strong></span> <span class='ocrx_word' id='word_1_285' title='bbox 1172 1530 1180 1552; x_wconf 93' lang='lat'>:</span> <span class='ocrx_word' id='word_1_286' title='bbox 1199 1530 1219 1551; x_wconf 92' lang='lat' dir='ltr'><strong>o</strong></span> <span class='ocrx_word' id='word_1_287' title='bbox 1237 1530 1342 1563; x_wconf 86' lang='lat' dir='ltr'><strong>quam</strong></span> <span class='ocrx_word' id='word_1_288' title='bbox 1364 1516 1500 1551; x_wconf 81' lang='lat' dir='ltr'><strong>felicem</strong></span> <span class='ocrx_word' id='word_1_289' title='bbox 1522 1528 1580 1550; x_wconf 90' lang='lat' dir='ltr'><strong>me</strong></span> <span class='ocrx_word' id='word_1_290' title='bbox 1604 1527 1702 1561; x_wconf 77' lang='lat' dir='ltr'><strong>prae-</strong></span> 
     </span>
     <span class='ocr_line' id='line_1_51' title="bbox 1027 1565 1702 1613; baseline 0 -11"><span class='ocrx_word' id='word_1_291' title='bbox 1027 1568 1180 1603; x_wconf 86' lang='lat' dir='ltr'><strong>dicarem</strong></span> <span class='ocrx_word' id='word_1_292' title='bbox 1196 1594 1205 1612; x_wconf 95' lang='lat'><strong>,</strong></span> <span class='ocrx_word' id='word_1_293' title='bbox 1236 1569 1264 1603; x_wconf 85' lang='lat' dir='ltr'><strong>si</strong></span> <span class='ocrx_word' id='word_1_294' title='bbox 1294 1569 1370 1613; x_wconf 85' lang='lat' dir='ltr'><strong>jure</strong></span> <span class='ocrx_word' id='word_1_295' title='bbox 1399 1567 1453 1602; x_wconf 87' lang='lat' dir='ltr'><strong>vix</strong></span> <span class='ocrx_word' id='word_1_296' title='bbox 1480 1565 1702 1602; x_wconf 71' lang='lat' dir='ltr'><strong>credentibus</strong></span> 
     </span>
     <span class='ocr_line' id='line_1_52' title="bbox 1026 1617 1702 1664; baseline -0.003 -10"><span class='ocrx_word' id='word_1_297' title='bbox 1026 1619 1274 1655; x_wconf 82' lang='lat' dir='ltr'><strong>affirmaverim</strong></span> <span class='ocrx_word' id='word_1_298' title='bbox 1292 1633 1300 1654; x_wconf 91' lang='lat'><strong>:</strong></span> <span class='ocrx_word' id='word_1_299' title='bbox 1321 1619 1395 1654; x_wconf 79' lang='lat' dir='ltr'><strong>haec</strong></span> <span class='ocrx_word' id='word_1_300' title='bbox 1417 1619 1488 1664; x_wconf 87' lang='lat' dir='ltr'><strong>ipse</strong></span> <span class='ocrx_word' id='word_1_301' title='bbox 1517 1618 1577 1663; x_wconf 84' lang='lat' dir='ltr'><strong>qui</strong></span> <span class='ocrx_word' id='word_1_302' title='bbox 1599 1617 1702 1662; x_wconf 84' lang='lat' dir='ltr'><strong>fecit,</strong></span> 
     </span>
     <span class='ocr_line' id='line_1_53' title="bbox 1026 1668 1698 1717; baseline -0.004 -12"><span class='ocrx_word' id='word_1_303' title='bbox 1026 1672 1164 1717; x_wconf 88' lang='lat' dir='ltr'><strong>propria</strong></span> <span class='ocrx_word' id='word_1_304' title='bbox 1179 1683 1287 1705; x_wconf 89' lang='lat' dir='ltr'><strong>manu</strong></span> <span class='ocrx_word' id='word_1_305' title='bbox 1307 1669 1355 1704; x_wconf 72' lang='lat' dir='ltr'><strong>ad‘</strong></span> <span class='ocrx_word' id='word_1_306' title='bbox 1371 1683 1428 1704; x_wconf 88' lang='lat' dir='ltr'><strong>me</strong></span> <span class='ocrx_word' id='word_1_307' title='bbox 1447 1668 1618 1704; x_wconf 83' lang='lat' dir='ltr'><strong>tradenda</strong></span> <span class='ocrx_word' id='word_1_308' title='bbox 1634 1680 1698 1703; x_wconf 68' lang='lat' dir='ltr'><strong>cu‘-</strong></span> 
     </span>
     <span class='ocr_line' id='line_1_54' title="bbox 1027 1718 1705 1768; baseline -0.004 -12"><span class='ocrx_word' id='word_1_309' title='bbox 1027 1723 1114 1758; x_wconf 81' lang='lat' dir='ltr'><strong>ravit</strong></span> <span class='ocrx_word' id='word_1_310' title='bbox 1133 1737 1141 1765; x_wconf 91' lang='lat'>;</span> <span class='ocrx_word' id='word_1_311' title='bbox 1179 1729 1212 1757; x_wconf 89' lang='lat' dir='ltr'><strong>et</strong></span> <span class='ocrx_word' id='word_1_312' title='bbox 1243 1734 1320 1768; x_wconf 79' lang='lat' dir='ltr'><strong>quae</strong></span> <span class='ocrx_word' id='word_1_313' title='bbox 1353 1718 1520 1756; x_wconf 82' lang='lat' dir='ltr'><strong>renuntio</strong></span> <span class='ocrx_word' id='word_1_314' title='bbox 1536 1747 1546 1764; x_wconf 93' lang='lat'><strong>,</strong></span> <span class='ocrx_word' id='word_1_315' title='bbox 1577 1718 1705 1764; x_wconf 77' lang='lat' dir='ltr'><strong>conjux</strong></span> 
     </span>
     <span class='ocr_line' id='line_1_55' title="bbox 1027 1769 1704 1819; baseline -0.007 -10"><span class='ocrx_word' id='word_1_316' title='bbox 1027 1774 1122 1819; x_wconf 87' lang='lat' dir='ltr'><strong>prior</strong></span> <span class='ocrx_word' id='word_1_317' title='bbox 1130 1774 1311 1808; x_wconf 88' lang='lat' dir='ltr'><strong>nuntiavit.</strong></span> <span class='ocrx_word' id='word_1_318' title='bbox 1323 1772 1509 1818; x_wconf 89' lang='lat' dir='ltr'><strong>Quantum</strong></span> <span class='ocrx_word' id='word_1_319' title='bbox 1520 1770 1603 1806; x_wconf 84' lang='lat' dir='ltr'><strong>inde</strong></span> <span class='ocrx_word' id='word_1_320' title='bbox 1616 1769 1704 1804; x_wconf 83' lang='lat' dir='ltr'><strong>mihi</strong></span> 
     </span>
     <span class='ocr_line' id='line_1_56' title="bbox 1028 1822 1704 1870; baseline -0.004 -11"><span class='ocrx_word' id='word_1_321' title='bbox 1028 1825 1131 1861; x_wconf 87' lang='lat' dir='ltr'><strong>decus</strong></span> <span class='ocrx_word' id='word_1_322' title='bbox 1147 1826 1284 1861; x_wconf 86' lang='lat' dir='ltr'><strong>accedat</strong></span> <span class='ocrx_word' id='word_1_323' title='bbox 1297 1851 1306 1869; x_wconf 97' lang='lat'><strong>,</strong></span> <span class='ocrx_word' id='word_1_324' title='bbox 1323 1835 1436 1870; x_wconf 70' lang='lat' dir='ltr'><strong>quam</strong></span> <span class='ocrx_word' id='word_1_325' title='bbox 1451 1823 1534 1858; x_wconf 84' lang='lat' dir='ltr'><strong>Jaso</strong></span> <span class='ocrx_word' id='word_1_326' title='bbox 1550 1834 1625 1857; x_wconf 90' lang='lat' dir='ltr'><strong>non</strong></span> <span class='ocrx_word' id='word_1_327' title='bbox 1639 1822 1704 1856; x_wconf 89' lang='lat' dir='ltr'><strong>in·-</strong></span> 
     </span>
     <span class='ocr_line' id='line_1_57' title="bbox 1028 1873 1705 1923; baseline -0.004 -12"><span class='ocrx_word' id='word_1_328' title='bbox 1028 1876 1170 1923; x_wconf 88' lang='lat' dir='ltr'><strong>dignam</strong></span> <span class='ocrx_word' id='word_1_329' title='bbox 1192 1876 1413 1923; x_wconf 79' lang='lat' dir='ltr'><strong>judicaverit,</strong></span> <span class='ocrx_word' id='word_1_330' title='bbox 1441 1875 1496 1910; x_wconf 91' lang='lat' dir='ltr'><strong>cui</strong></span> <span class='ocrx_word' id='word_1_331' title='bbox 1519 1874 1600 1909; x_wconf 85' lang='lat' dir='ltr'><strong>talia</strong></span> <span class='ocrx_word' id='word_1_332' title='bbox 1619 1873 1705 1908; x_wconf 83' lang='lat' dir='ltr'><strong>scri-</strong></span> 
     </span>
     <span class='ocr_line' id='line_1_58' title="bbox 1027 1922 1705 1974; baseline -0.006 -10"><span class='ocrx_word' id='word_1_333' title='bbox 1027 1929 1141 1971; x_wconf 90' lang='lat' dir='ltr'><strong>beret;</strong></span> <span class='ocrx_word' id='word_1_334' title='bbox 1160 1936 1195 1964; x_wconf 92' lang='lat' dir='ltr'><strong>et</strong></span> <span class='ocrx_word' id='word_1_335' title='bbox 1207 1935 1334 1974; x_wconf 87' lang='lat' dir='ltr'><strong>quanta</strong></span> <span class='ocrx_word' id='word_1_336' title='bbox 1344 1922 1447 1962; x_wconf 66' lang='lat' dir='ltr'><strong>sir&#39;nul</strong></span> <span class='ocrx_word' id='word_1_337' title='bbox 1458 1926 1598 1961; x_wconf 82' lang='lat' dir='ltr'><strong>felicitas</strong></span> <span class='ocrx_word' id='word_1_338' title='bbox 1606 1924 1705 1960; x_wconf 80' lang='lat' dir='ltr'><strong>uxori</strong></span> 
     </span>
     <span class='ocr_line' id='line_1_59' title="bbox 1029 1977 1703 2016; baseline -0.004 -1"><span class='ocrx_word' id='word_1_339' title='bbox 1029 1982 1117 2016; x_wconf 79' lang='lat' dir='ltr'><strong>tanti</strong></span> <span class='ocrx_word' id='word_1_340' title='bbox 1142 1981 1229 2015; x_wconf 88' lang='lat' dir='ltr'><strong>viri!</strong></span> <span class='ocrx_word' id='word_1_341' title='bbox 1261 1981 1348 2015; x_wconf 80' lang='lat' dir='ltr'><strong>Haec</strong></span> <span class='ocrx_word' id='word_1_342' title='bbox 1369 1979 1487 2013; x_wconf 88' lang='lat' dir='ltr'><strong>omnia</strong></span> <span class='ocrx_word' id='word_1_343' title='bbox 1508 1978 1546 2012; x_wconf 81' lang='lat' dir='ltr'><strong>in</strong></span> <span class='ocrx_word' id='word_1_344' title='bbox 1569 1977 1703 2013; x_wconf 82' lang='lat' dir='ltr'><strong>verbis:</strong></span> 
     </span>
    </p>

    <p class='ocr_par' dir='ltr' id='par_1_13' title="bbox 1034 2033 1296 2077">
     <span class='ocr_line' id='line_1_60' title="bbox 1034 2033 1296 2077; baseline -0.004 -10"><span class='ocrx_word' id='word_1_345' title='bbox 1034 2035 1169 2076; x_wconf 80' lang='lat' dir='ltr'><strong>Quanta</strong></span> <span class='ocrx_word' id='word_1_346' title='bbox 1174 2033 1296 2077; x_wconf 81' lang='lat' dir='ltr'><strong>forem.</strong></span> 
     </span>
    </p>

    <p class='ocr_par' dir='ltr' id='par_1_14' title="bbox 1029 2079 1706 2793">
     <span class='ocr_line' id='line_1_61' title="bbox 1069 2079 1705 2130; baseline -0.008 -11"><span class='ocrx_word' id='word_1_347' title='bbox 1069 2099 1081 2118; x_wconf 83' lang='lat'>1</span> <span class='ocrx_word' id='word_1_348' title='bbox 1090 2099 1117 2130; x_wconf 92' lang='lat'><strong>7.</strong></span> <span class='ocrx_word' id='word_1_349' title='bbox 1132 2086 1343 2129; x_wconf 75' lang='lat' dir='ltr'><strong>Qut&#39;dqueror</strong></span> <span class='ocrx_word' id='word_1_350' title='bbox 1349 2082 1494 2128; x_wconf 82' lang='lat' dir='ltr'><strong>officium</strong></span> <span class='ocrx_word' id='word_1_351' title='bbox 1501 2079 1604 2125; x_wconf 67' lang='lat' dir='ltr'><strong>etaQ</strong></span> <span class='ocrx_word' id='word_1_352' title='bbox 1609 2085 1705 2114; x_wconf 82' lang='lat' dir='ltr'><strong>uesta</strong></span> 
     </span>
     <span class='ocr_line' id='line_1_62' title="bbox 1029 2132 1702 2175; baseline -0.007 -4"><span class='ocrx_word' id='word_1_353' title='bbox 1029 2144 1167 2172; x_wconf 86' lang='lat' dir='ltr'><strong>tantum</strong></span> <span class='ocrx_word' id='word_1_354' title='bbox 1183 2135 1295 2170; x_wconf 88' lang='lat' dir='ltr'><strong>adhuc</strong></span> <span class='ocrx_word' id='word_1_355' title='bbox 1317 2134 1360 2169; x_wconf 87' lang='lat' dir='ltr'><strong>de</strong></span> <span class='ocrx_word' id='word_1_356' title='bbox 1389 2133 1527 2168; x_wconf 81' lang='lat' dir='ltr'><strong>Jasonis</strong></span> <span class='ocrx_word' id='word_1_357' title='bbox 1547 2132 1702 2175; x_wconf 84' lang='lat' dir='ltr'><strong>incuria,</strong></span> 
     </span>
     <span class='ocr_line' id='line_1_63' title="bbox 1030 2184 1701 2233; baseline -0.007 -11"><span class='ocrx_word' id='word_1_358' title='bbox 1030 2201 1106 2233; x_wconf 84' lang='lat' dir='ltr'><strong>quae</strong></span> <span class='ocrx_word' id='word_1_359' title='bbox 1124 2187 1258 2221; x_wconf 82' lang='lat' dir='ltr'><strong>facilem</strong></span> <span class='ocrx_word' id='word_1_360' title='bbox 1279 2185 1404 2220; x_wconf 84' lang='lat' dir='ltr'><strong>habeat</strong></span> <span class='ocrx_word' id='word_1_361' title='bbox 1420 2184 1673 2220; x_wconf 85' lang='lat' dir='ltr'><strong>excusationem</strong></span> <span class='ocrx_word' id='word_1_362' title='bbox 1691 2207 1701 2225; x_wconf 92' lang='lat'><strong>,</strong></span> 
     </span>
     <span class='ocr_line' id='line_1_64' title="bbox 1031 2234 1703 2286; baseline -0.012 -11"><span class='ocrx_word' id='word_1_363' title='bbox 1031 2240 1074 2274; x_wconf 88' lang='lat' dir='ltr'><strong>ad</strong></span> <span class='ocrx_word' id='word_1_364' title='bbox 1091 2239 1246 2286; x_wconf 82' lang='lat' dir='ltr'><strong>graviora</strong></span> <span class='ocrx_word' id='word_1_365' title='bbox 1261 2237 1400 2281; x_wconf 88' lang='lat' dir='ltr'><strong>transit,</strong></span> <span class='ocrx_word' id='word_1_366' title='bbox 1416 2235 1569 2282; x_wconf 82' lang='lat' dir='ltr'><strong>perfidiae</strong></span> <span class='ocrx_word' id='word_1_367' title='bbox 1578 2234 1703 2269; x_wconf 88' lang='lat' dir='ltr'><strong>scilicet</strong></span> 
     </span>
     <span class='ocr_line' id='line_1_65' title="bbox 1029 2280 1704 2338; baseline -0.012 -11"><span class='ocrx_word' id='word_1_368' title='bbox 1029 2292 1269 2338; x_wconf 86' lang='lat' dir='ltr'><strong>suspicionem.</strong></span> <span class='ocrx_word' id='word_1_369' title='bbox 1284 2307 1328 2315; x_wconf 84' lang='lat'><strong>—-</strong></span> <span class='ocrx_word' id='word_1_370' title='bbox 1342 2287 1441 2333; x_wconf 79' lang='lat' dir='ltr'><strong>Quid</strong></span> <span class='ocrx_word' id='word_1_371' title='bbox 1458 2280 1598 2322; x_wconf 75' lang='lat' dir='ltr'><strong>inter&#39;se</strong></span> <span class='ocrx_word' id='word_1_372' title='bbox 1609 2283 1704 2319; x_wconf 78' lang='lat' dir='ltr'><strong>diffe-</strong></span> 
     </span>
     <span class='ocr_line' id='line_1_66' title="bbox 1030 2338 1703 2389; baseline -0.013 -11"><span class='ocrx_word' id='word_1_373' title='bbox 1030 2344 1261 2389; x_wconf 77' lang='lat' dir='ltr'><strong>rantofficz&#39;um</strong></span> <span class='ocrx_word' id='word_1_374' title='bbox 1271 2342 1510 2385; x_wconf 74' lang='lat' dir='ltr'><strong>etobsequium,</strong></span> <span class='ocrx_word' id='word_1_375' title='bbox 1521 2338 1616 2372; x_wconf 86' lang='lat' dir='ltr'><strong>locus</strong></span> <span class='ocrx_word' id='word_1_376' title='bbox 1623 2347 1703 2370; x_wconf 86' lang='lat' dir='ltr'><strong>mo-</strong></span> 
     </span>
     <span class='ocr_line' id='line_1_67' title="bbox 1030 2390 1699 2433; baseline -0.013 -3"><span class='ocrx_word' id='word_1_377' title='bbox 1030 2403 1092 2430; x_wconf 88' lang='lat' dir='ltr'><strong>net</strong></span> <span class='ocrx_word' id='word_1_378' title='bbox 1108 2393 1306 2429; x_wconf 83' lang='lat' dir='ltr'><strong>adnotandi.</strong></span> <span class='ocrx_word' id='word_1_379' title='bbox 1326 2391 1427 2427; x_wconf 82' lang='lat' dir='ltr'><strong>Prius</strong></span> <span class='ocrx_word' id='word_1_380' title='bbox 1444 2390 1558 2433; x_wconf 87' lang='lat' dir='ltr'><strong>enim,</strong></span> <span class='ocrx_word' id='word_1_381' title='bbox 1570 2390 1699 2427; x_wconf 69' lang='lat' dir='ltr'><strong>devoir,</strong></span> 
     </span>
     <span class='ocr_line' id='line_1_68' title="bbox 1029 2437 1702 2492; baseline -0.016 -10"><span class='ocrx_word' id='word_1_382' title='bbox 1029 2450 1228 2492; x_wconf 64' lang='lat' dir='ltr'><strong>oblzgrattbn,</strong></span> <span class='ocrx_word' id='word_1_383' title='bbox 1256 2444 1368 2491; x_wconf 83' lang='lat' dir='ltr'><strong>qualia</strong></span> <span class='ocrx_word' id='word_1_384' title='bbox 1389 2449 1474 2478; x_wconf 72' lang='lat' dir='ltr'><strong>sunt</strong></span> <span class='ocrx_word' id='word_1_385' title='bbox 1488 2438 1643 2486; x_wconf 81' lang='lat' dir='ltr'><strong>conjugis</strong></span> <span class='ocrx_word' id='word_1_386' title='bbox 1665 2437 1702 2471; x_wconf 86' lang='lat' dir='ltr'><strong>in</strong></span> 
     </span>
     <span class='ocr_line' id='line_1_69' title="bbox 1032 2489 1705 2543; baseline -0.015 -10"><span class='ocrx_word' id='word_1_387' title='bbox 1032 2511 1193 2541; x_wconf 83' lang='lat' dir='ltr'><strong>uxorem;</strong></span> <span class='ocrx_word' id='word_1_388' title='bbox 1210 2504 1350 2543; x_wconf 86' lang='lat' dir='ltr'><strong>patrum</strong></span> <span class='ocrx_word' id='word_1_389' title='bbox 1362 2496 1399 2530; x_wconf 90' lang='lat' dir='ltr'><strong>in</strong></span> <span class='ocrx_word' id='word_1_390' title='bbox 1410 2495 1536 2529; x_wconf 86' lang='lat' dir='ltr'><strong>liberos</strong></span> <span class='ocrx_word' id='word_1_391' title='bbox 1548 2497 1611 2526; x_wconf 86' lang='lat' dir='ltr'><strong>etc.</strong></span> <span class='ocrx_word' id='word_1_392' title='bbox 1623 2489 1705 2524; x_wconf 86' lang='lat' dir='ltr'><strong>Pos-</strong></span> 
     </span>
     <span class='ocr_line' id='line_1_70' title="bbox 1031 2540 1703 2594; baseline -0.016 -9"><span class='ocrx_word' id='word_1_393' title='bbox 1031 2551 1137 2585; x_wconf 88' lang='lat' dir='ltr'><strong>terius</strong></span> <span class='ocrx_word' id='word_1_394' title='bbox 1146 2562 1228 2585; x_wconf 83' lang='lat' dir='ltr'><strong>vero</strong></span> <span class='ocrx_word' id='word_1_395' title='bbox 1240 2547 1468 2594; x_wconf 82' lang='lat' dir='ltr'><strong>(obsequium),</strong></span> <span class='ocrx_word' id='word_1_396' title='bbox 1479 2543 1617 2580; x_wconf 78' lang='lat' dir='ltr'><strong>facilitas</strong></span> <span class='ocrx_word' id='word_1_397' title='bbox 1627 2567 1636 2585; x_wconf 96' lang='lat'><strong>,</strong></span> <span class='ocrx_word' id='word_1_398' title='bbox 1653 2540 1703 2575; x_wconf 89' lang='lat' dir='ltr'><strong>in-</strong></span> 
     </span>
     <span class='ocr_line' id='line_1_71' title="bbox 1032 2593 1706 2648; baseline -0.019 -11"><span class='ocrx_word' id='word_1_399' title='bbox 1032 2602 1230 2648; x_wconf 78' lang='lat' dir='ltr'><strong>dulgentia3</strong></span> <span class='ocrx_word' id='word_1_400' title='bbox 1252 2600 1344 2646; x_wconf 85' lang='lat' dir='ltr'><strong>quod</strong></span> <span class='ocrx_word' id='word_1_401' title='bbox 1359 2598 1473 2645; x_wconf 87' lang='lat' dir='ltr'><strong>gallice</strong></span> <span class='ocrx_word' id='word_1_402' title='bbox 1488 2623 1497 2640; x_wconf 93' lang='lat'>‚</span> <span class='ocrx_word' id='word_1_403' title='bbox 1515 2608 1558 2630; x_wconf 78' lang='lat' dir='ltr'><strong>un</strong></span> <span class='ocrx_word' id='word_1_404' title='bbox 1570 2597 1647 2628; x_wconf 80' lang='lat' dir='ltr'><strong>acle</strong></span> <span class='ocrx_word' id='word_1_405' title='bbox 1661 2593 1706 2625; x_wconf 81' lang='lat' dir='ltr'><strong>de</strong></span> 
     </span>
     <span class='ocr_line' id='line_1_72' title="bbox 1031 2644 1705 2698; baseline -0.019 -9"><span class='ocrx_word' id='word_1_406' title='bbox 1031 2656 1286 2698; x_wconf 63' lang='lat' dir='ltr'><strong>complazkance.</strong></span> <span class='ocrx_word' id='word_1_407' title='bbox 1311 2670 1354 2677; x_wconf 94' lang='lat'><em>-</em></span> <span class='ocrx_word' id='word_1_408' title='bbox 1374 2651 1448 2685; x_wconf 89' lang='lat' dir='ltr'><strong>Nec</strong></span> <span class='ocrx_word' id='word_1_409' title='bbox 1470 2644 1705 2682; x_wconf 83' lang='lat' dir='ltr'><strong>omittendum</strong></span> 
     </span>
     <span class='ocr_line' id='line_1_73' title="bbox 1033 2697 1704 2750; baseline -0.018 -10"><span class='ocrx_word' id='word_1_410' title='bbox 1033 2704 1201 2750; x_wconf 85' lang='lat' dir='ltr'><strong>quidquid</strong></span> <span class='ocrx_word' id='word_1_411' title='bbox 1223 2704 1325 2738; x_wconf 87' lang='lat' dir='ltr'><strong>lateat</strong></span> <span class='ocrx_word' id='word_1_412' title='bbox 1348 2699 1554 2747; x_wconf 80' lang='lat' dir='ltr'><strong>exquisitum</strong></span> <span class='ocrx_word' id='word_1_413' title='bbox 1574 2697 1610 2732; x_wconf 86' lang='lat' dir='ltr'><strong>in</strong></span> <span class='ocrx_word' id='word_1_414' title='bbox 1626 2707 1704 2730; x_wconf 82' lang='lat' dir='ltr'><strong>ver—</strong></span> 
     </span>
     <span class='ocr_line' id='line_1_74' title="bbox 1032 2753 1387 2793; baseline -0.011 -1"><span class='ocrx_word' id='word_1_415' title='bbox 1032 2758 1086 2792; x_wconf 89' lang='lat' dir='ltr'><strong>bis</strong></span> <span class='ocrx_word' id='word_1_416' title='bbox 1105 2770 1112 2793; x_wconf 85' lang='lat'>:</span> <span class='ocrx_word' id='word_1_417' title='bbox 1132 2769 1249 2791; x_wconf 80' lang='lat' dir='ltr'><strong>manco</strong></span> <span class='ocrx_word' id='word_1_418' title='bbox 1264 2758 1299 2790; x_wconf 77' lang='lat' dir='ltr'><strong>si</strong></span> <span class='ocrx_word' id='word_1_419' title='bbox 1311 2753 1387 2789; x_wconf 76' lang='lat' dir='ltr'><strong>tua!</strong></span> 
     </span>
    </p>
   </div>
  </div>
 </body>
</html>
