1884 3112
563 208 824 256 ULIXES
862 212 1264 259 PENELOPAE.
1571 220 1625 263 23

228 334 233 342 .
260 300 361 350 Jam
383 299 534 350 reduci
557 301 733 353 solvens
758 304 908 354 debita
928 317 1032 355 vota
1054 307 1083 355 J
1086 307 1169 355 ovi.

198 377 416 445 Tyndaris
439 378 519 428 has
542 379 608 428 illi
631 380 754 431 laetas
776 402 859 450 pro
883 381 1045 432 foedere
1069 401 1223 450 poenas

264 455 515 516 struxerat,
540 469 745 508 externos
768 460 866 527 ipsa
889 472 1037 509 secuta
1060 461 1191 509 viros.
1585 479 1629 512 ευ

200 531 296 580 Ah!
320 532 431 582 mihi
454 533 563 600 quid
584 535 792 602 prodest,
819 536 1042 602 (captivas
1065 537 1306 586 Teucridas
1330 538 1446 587 inter

266 609 421 674 Quum
443 623 578 660 staret
594 612 757 678 conjux
776 613 1005 672 Hectoris,
1032 625 1165 680 atque
1189 617 1368 678 soror3)

200 687 395 740 Defectis
419 690 636 739 Hecuben
657 690 811 757 potius
834 689 994 754 legisse
1018 691 1103 740 sub
1129 693 1279 751 annis,

260 767 330 815 Ne
353 766 437 815 tibi
460 779 692 834 suspectus
715 767 888 835 pellicis
913 779 1028 817 esset
1052 771 1204 817 amor?

195 843 344 893 Prima
363 844 473 894 meis
498 864 628 895 omen
650 847 938 896 metuendum
958 847 1192 914 puppibus
1215 847 1292 896 illa
1583 865 1627 899 85

257 921 400 981 Fecit,
424 942 518 971 non
539 924 752 974 membris
776 925 874 992 ipsa
897 939 1072 992 reperta
1094 925 1201 974 suis.
1238 942 1244 947 ·

192 998 375 1048 Latratu
397 1000 578 1049 miseras
602 1001 746 1051 finivit
767 1015 921 1052 maesta
946 1002 1169 1068 querelas;

257 1079 319 1126 Et
341 1078 466 1127 stetit
486 1078 536 1126 in
558 1077 760 1127 rabidam
782 1077 991 1144 protinus
1015 1089 1111 1126 acta
1134 1098 1297 1128 canem.

192 1153 408 1217 Prodigio
434 1154 512 1204 tali
534 1153 760 1222 placidum
781 1154 940 1203 Thetis
964 1154 1151 1203 abstulit
1175 1174 1353 1222 aequor,

259 1232 420 1282 AEolus
442 1232 602 1282 infusis
623 1232 918 1299 incubuitque
940 1232 1088 1280 Notis.
1585 1263 1631 1296 90

196 1311 423 1374 Pervagus
443 1311 550 1360 hinc
574 1323 672 1359 toto
695 1330 790 1359 non
812 1309 917 1359 felix
941 1308 1125 1359 differor
1148 1310 1278 1368 orbe3

260 1390 340 1447 Et,
368 1388 650 1456 quocumque
671 1400 802 1437 vocat
822 1388 983 1438 fluctus
1006 1399 1052 1437 et
1073 1407 1200 1446 aura,
1224 1387 1356 1437 feror.

197 1466 286 1516 Sed
308 1466 347 1515 si
368 1467 561 1516 Tiresias
585 1478 675 1515 tam
697 1466 787 1516 laeti
810 1465 1026 1532 providus
1050 1484 1215 1528 augur,

260 1544 410 1609 Quam
430 1563 560 1593 verax
581 1554 701 1592 vates
723 1543 772 1590 in
794 1542 909 1592 mala
930 1554 1086 1592 nostra
1107 1542 1215 1601 fuit3

237 1671 289 1707 79.
311 1659 431 1693 Laetas
437 1670 502 1703 pro
507 1657 643 1703 freden·
652 1671 786 1703 panas.
802 1658 875 1693 la·-

191 1714 248 1745 las
263 1709 331 1746 diei
347 1711 512 1757 opinatur
530 1710 727 1746 Swarthius
750 1716 876 1755 εἷρωνι-

189 1769 249 1803 κῶς
260 1789 270 1807 ,
285 1761 348 1798 sed
362 1775 436 1798 non
453 1761 649 1809 persuadet.
666 1763 760 1798 Puto
780 1763 874 1797 scri-

188 1814 347 1850 bendum
356 1841 366 1859 ,
382 1818 465 1850 laeso
475 1829 539 1860 pm
544 1816 679 1861 foedete
688 1843 696 1856 ‚
712 1816 793 1850 lecti
808 1816 875 1850 sci-

188 1867 279 1903 licet.
294 1868 352 1903 Ad
370 1867 604 1905 Cassandram
620 1869 662 1904 ab
678 1869 875 1915 Agamem-

191 1933 288 1956 none
303 1927 457 1956 amatam
472 1921 576 1956 refer.
593 1921 703 1955 IDEM.

236 1973 290 2007 80.
324 1974 498 2008 Externos
525 1976 602 2018 ipsa
631 1977 750 2008 secuta
773 1976 873 2008 viros.

194 2024 334 2070 Malim,
346 2030 454 2061 toms:
465 2025 540 2061 haec
550 2026 647 2060 enim
659 2025 731 2060 duo
742 2025 779 2060 in
791 2024 874 2060 Ovi-

194 2076 304 2112 dianis
317 2077 491 2113 codicibus
505 2078 711 2124 frequenter
728 2078 875 2113 confun-

195 2127 403 2165 duntur.sic
410 2130 571 2175 sequenti
580 2130 736 2176 epistola,
750 2131 875 2164 Graios

195 2183 285 2215 v1'ms
295 2207 304 2223 ,
318 2194 383 2228 pro
407 2183 531 2217 Graios
546 2187 657 2225 toros‚·
677 2189 712 2217 et
731 2182 874 2229 epistola

197 2231 328 2277 Herus,
337 2234 502 2280 Abydeno
512 2237 585 2269 viro
595 2235 633 2269 in
646 2234 802 2281 vulgatis.
819 2235 873 2270 In.

237 2284 290 2319 82.
317 2285 544 2329 Quumstaaet.
552 2287 742 2322 Maluerim
753 2314 762 2332 ,
776 2301 874 2333 quum

191 2340 333 2371 starent.
355 2335 602 2374 Andromache
623 2347 658 2375 et
677 2338 874 2375 Cassandra

191 2388 329 2424 scilicet.

233 2440 286 2475 86.
309 2441 387 2476 Non
397 2443 552 2476 membn's
563 2445 640 2487 ipsa
650 2449 782 2488 reperta
790 2449 871 2480 sui-s.

190 2493 273 2527 Non
290 2491 445 2539 intelligo
457 2492 531 2528 haec
540 2520 550 2538 ,
563 2506 629 2530 nec
641 2495 765 2531 Latina
775 2503 871 2542 puto.

193 2544 362 2580 Heinsius
376 2546 593 2589 conjecerat:

240 2604 316 2630 Fecit
328 2614 394 2630 unus
407 2605 531 2631 membris
546 2606 609 2632 orb·
626 2614 727 2641 repom
741 2611 804 2635 suis.

195 2652 266 2687 Sed
281 2653 348 2689 hoc
367 2654 520 2690 nimium
539 2656 671 2692 recedit
688 2671 707 2692 a
726 2659 873 2706 scriptis:

195 2705 357 2752 mallem,
370 2708 465 2753 fecit
486 2722 572 2743 anus
596 2712 752 2746 membris
773 2714 873 2757 lapsa

199 2758 268 2800 <vel
286 2761 403 2805 cassa)
428 2766 562 2807 repente
588 2766 685 2806 suis‚·
711 2763 763 2801 vel
781 2766 874 2811 quod

939 1657 1049 1703 magis
1058 1656 1188 1703 placet,
1194 1656 1303 1702 fecit,
1317 1670 1384 1693 non
1397 1659 1552 1693 membris
1563 1672 1627 1694 usa

938 1713 1076 1754 tepente
1085 1713 1165 1744 suis.
1179 1709 1238 1745 Sic
1249 1713 1324 1754 'jose
1336 1717 1373 1747 et
1383 1724 1465 1746 usus
1472 1712 1626 1746 consun-

941 1761 1036 1796 ditur
1048 1788 1057 1806 ,
1075 1762 1132 1797 lib.
1151 1773 1209 1797 111.
1225 1762 1307 1798 Am.
1330 1775 1344 1798 1
1358 1790 1368 1808 ,
1397 1766 1451 1807 4²·
1476 1770 1512 1799 et
1536 1764 1626 1799 alibi.

940 1812 1259 1851 Bun'm—Neutri
1277 1814 1549 1851 adsentiendum
1565 1829 1627 1862 pu-

912 1863 921 1870 ’
939 1873 977 1901 to
987 1881 996 1909 ;
1005 1879 1087 1902 cum
1097 1867 1194 1902 enim
1204 1866 1286 1903 dicit
1297 1868 1470 1904 Hecuben
1480 1883 1547 1904 non
1557 1870 1629 1904 suis

938 1921 1095 1953 membris
1108 1926 1286 1966 repertam
1299 1920 1402 1955 fuisse
1413 1947 1423 1964 ‚
1432 1920 1520 1955 nihil
1534 1921 1628 1956 aliud

937 1971 1100 2017 intelligit
1116 1998 1125 2015 ‚
1158 1984 1264 2017 quam
1300 1972 1452 2007 subitam
1487 1973 1626 2010 miserae

939 2024 1060 2059 matris
1068 2024 1105 2059 in
1114 2037 1239 2059 canem
1247 2024 1515 2060 conversionem
1525 2039 1534 2068 ;
1548 2038 1627 2071 quae

939 2081 1071 2122 repeda
1097 2076 1240 2123 quidem
1255 2103 1266 2121 ‚
1296 2076 1358 2112 sed
1383 2080 1537 2112 membris
1558 2091 1626 2113 non

940 2133 1023 2164 suis.
1038 2130 1187 2164 Metam.
1202 2141 1273 2164 xm
1288 2156 1299 2174 ‚
1318 2130 1380 2177 567
1396 2142 1405 2165 τ

983 2194 1038 2230 9⁰·
1054 2182 1176 2216 AEolus
1192 2182 1319 2227 infusis
1330 2185 1542 2228 incubuitque
1552 2184 1625 2219 No-

939 2238 995 2269 tis.
1008 2234 1133 2269 Malim
1145 2260 1155 2278 ,
1170 2234 1304 2279 effusis.
1322 2234 1364 2269 In
1382 2235 1460 2270 Ibin
1473 2261 1482 2279 ,
1498 2236 1556 2270 33:

938 2295 1053 2329 Parsque
1065 2295 1155 2320 endem
1164 2295 1222 2320 coeli
1234 2294 1371 2329 Zephyros
1381 2295 1482 2320 emittet
1489 2301 1515 2321 et
1527 2297 1621 2323 Euros.

942 2358 969 2378 1.
986 2344 1135 2378 Metam.
1150 2343 1233 2388 264:

938 2404 1090 2438 Emisitque
1104 2403 1216 2430 Notum.
1251 2406 1356 2432 Hunis-

982 2467 1035 2501 9²·
1063 2455 1282 2500 Quocumque.
1302 2456 1521 2500 Quacunquc‚
1540 2454 1625 2491 editi

940 2505 1034 2539 olim.
1060 2506 1228 2542 Heinsius
1248 2507 1387 2542 volebat
1398 2534 1407 2550 ,
1423 2521 1624 2554 quocumque

939 2562 1073 2593 vocant.
1092 2558 1214 2604 Virgil.
1232 2559 1305 2594 Eel.
1321 2571 1379 2604 ιιι,
1391 2561 1442 2608 49.
1467 2562 1620 2604 Veniam,

939 2623 1140 2656 quocumque
1156 2614 1294 2645 vocatis.

985 2662 1038 2710 93.
1061 2664 1132 2697 Sed
1141 2667 1178 2697 si
1196 2665 1360 2706 Tin-suas,
1377 2668 1448 2699 lam
1463 2667 1628 2711 Iaett'pm-

941 2717 1038 2750 vidus
1051 2729 1162 2760 augur
1170 2723 1234 2751 etc.
1249 2715 1376 2764 Odyss.
1390 2723 1419 2752 A
1429 2744 1438 2761 ‚
1451 2731 1495 2767 99
1507 2725 1542 2755 et
1554 2718 1627 2765 sqq*-

943 2767 1070 2804 Horat.
1087 2769 1202 2812 Serui.
1219 2769 1275 2805 lib.
1291 2781 1342 2815 11,
1357 2777 1418 2805 sat.
1435 2781 1469 2808 v.
