1884 3112
314 266 402 322 314

731 266 1082 311 EPISTOLA
1116 268 1292 314 XVII.

377 358 471 407 Aut
492 377 575 422 ego
599 370 641 407 te
664 358 836 425 potiuS,
861 377 992 425 quam
1015 369 1091 407 tua
1113 358 1228 408 dona
1242 397 1253 418 ,
1280 378 1447 427 sequar.
1672 389 1715 425 7⁰

315 436 465 500 thue
489 455 538 484 ea
559 454 649 483 non
672 454 858 502 sperno,
881 435 1264 503 sieacceptissima
1286 455 1455 504 semper

379 513 563 561 Munera
588 524 714 571 sunt,
740 524 891 561 auctor
914 532 1010 579 quae
1032 513 1223 580 pretiosa
1241 513 1355 562 facit.

315 585 421 635 Plus
443 587 582 636 multo
608 600 696 648 est,
723 589 844 656 quod
868 609 1005 647 amas3
1028 589 1149 656 quod
1167 608 1263 638 sum
1281 589 1364 637 tibi
1386 608 1514 639 causa
1530 588 1716 651 labori83

380 664 517 727 Quod
539 684 619 731 per
642 677 730 714 tam
753 666 909 730 longas
933 686 1033 733 spes
1060 679 1133 714 tua
1154 667 1274 729 venit
1295 686 1443 733 aquas.

315 739 396 789 Illa
416 761 591 808 quoque
602 781 614 802 ‚
631 744 831 810 adposita
846 763 941 810 quae
955 763 1073 792 nunc
1085 744 1191 792 facis
1205 781 1216 801 ,
1237 744 1460 810 improbe,
1475 762 1642 805 mensa,
1677 758 1720 805 75

374 818 585 881 Quamvis
610 821 807 887 experiar
829 820 1102 870 dissimulare
1116 858 1127 878 ‚
1150 832 1276 868 noto.

313 895 467 959 Quum
489 898 622 946 modo
645 918 714 947 me
738 911 907 965 spectas
931 898 1092 956 oculis,
1118 897 1303 954 lascive,
1318 899 1561 964 protervis;

378 972 507 1035 Quos
529 974 600 1022 vix
623 975 835 1024 instantes
855 975 1022 1023 lumina
1038 987 1190 1023 nostra
1211 975 1362 1023 ferunt
1381 995 1391 1023 :

314 1050 373 1097 Et
394 1049 527 1097 modo
552 1052 745 1117 suspiras
766 1072 776 1099 :
796 1052 931 1100 modo
953 1051 1114 1118 poeula
1135 1052 1335 1118 proxima
1355 1052 1487 1101 nobis

384 1126 551 1183 Sumis;
579 1146 751 1193 quaque
772 1128 893 1186 bibi,
922 1140 971 1177 tu
995 1148 1173 1195 quoque
1197 1141 1319 1195 parte
1341 1130 1476 1178 bibis.
1681 1145 1725 1178 80

314 1202 409 1251 Ah!
437 1203 609 1268 quoties
633 1203 805 1266 digitis,
831 1205 1006 1271 quoties
1026 1225 1108 1268 ego
1134 1217 1248 1255 tecta
1269 1206 1420 1255 notavi

379 1279 515 1341 Signa
538 1280 772 1346 supercilio
794 1300 916 1347 paene
939 1281 1148 1348 loquente
1172 1281 1294 1329 dari!

315 1357 375 1403 Et
395 1374 508 1421 saepe
530 1357 729 1415 extimui,
754 1376 810 1406 ne
831 1359 898 1406 vir
917 1378 1040 1407 meus
1064 1358 1139 1407 illa
1162 1359 1358 1407 videret:

379 1436 485 1483 Non
508 1435 613 1483 satis
638 1434 821 1484 occultis
845 1425 1247 1502 erubuiquenotis.

317 1511 440 1577 Saepe
463 1510 532 1560 vel
552 1511 733 1574 exiguo,
759 1511 828 1560 vel
849 1511 974 1560 nullo
995 1532 1238 1572 murmure,
1265 1512 1356 1561 dixi
1375 1531 1386 1560 :
1686 1524 1732 1560 85

317 1670 362 1704 sis
376 1675 410 1704 et
423 1669 562 1715 plurimi
577 1669 642 1704 alii.
654 1670 820 1705 Heinsius
834 1669 918 1705 olim
928 1682 993 1703 vo-

1059 1668 1168 1713 Quod
1176 1668 1275 1703 unice
1284 1667 1357 1702 haee
1367 1666 1512 1703 illustrat
1520 1665 1618 1711 Epig.
1630 1673 1731 1708 xclx,

318 1722 410 1756 lebat
429 1725 614 1766 perpetum·
636 1728 676 1756 ut
691 1735 771 1757 cum
794 1724 871 1756 labe
889 1734 992 1756 cons-
1055 1720 1112 1754 lib.
1127 1731 1166 1754 lx
1177 1746 1186 1764 ,
1205 1718 1297 1765 apud
1313 1717 1539 1753 Martialem:

320 1779 507 1807 trueretur.

366 1837 418 1869 70·
441 1825 517 1859 Aul
532 1838 594 1868 ego
618 1829 652 1859 le
661 1827 775 1869 polim
790 1831 854 1859 etc.
870 1823 992 1868 Suspi-

323 1876 462 1911 cionem
478 1883 616 1911 amovet
626 1902 635 1919 ,
656 1889 692 1911 se
708 1876 786 1910 duci
803 1888 899 1920 posse
915 1888 991 1908 mu-

323 1929 465 1964 neribus
475 1953 484 1971 ,
513 1940 589 1973 quae
605 1927 776 1973 promittit
786 1929 879 1961 dives
891 1927 995 1972 Epis-

1056 1780 1124 1804 Vilis
1139 1788 1195 1804 eras
1204 1799 1214 1811 ‚
1225 1779 1318 1810 fateor,
1331 1778 1352 1802 si
1367 1786 1437 1802 nune
1454 1781 1480 1801 te
1494 1776 1608 1801 mitteret
1617 1779 1714 1806 emtor,

1086 1827 1188 1853 Grande
1200 1827 1240 1852 tui
1254 1826 1369 1860 pretium
1381 1825 1496 1850 muneris
1506 1829 1597 1849 suntor
1606 1824 1664 1849 erit.
1690 1822 1731 1848 H.

1100 1878 1149 1922 74.
1166 1876 1249 1919 Spes
1264 1879 1333 1909 tua.
1354 1875 1446 1915 Tibi,
1466 1872 1627 1908 Francos.

1104 1927 1217 1973 75-76.
1240 1928 1309 1959 Illa
1337 1938 1460 1970 quoque
1485 1930 1550 1959 etc.
1578 1925 1736 1967 Quamvis·
1784 1935 1788 1938 ·

323 1980 393 2016 tola
407 1979 559 2022 Paridis;
572 1986 608 2014 et
617 1976 873 2024 ipsumpotius,
889 1990 994 2023 quam
1058 1982 1215 2022 experiar
1225 1979 1452 2016 dissimulare,
1472 1979 1562 2010 nolo.
1589 1974 1735 2011 Nullum

326 2032 441 2076 dona,
472 2044 544 2066 esse
571 2035 799 2075 sequuturam,
836 2030 865 2064 si
894 2041 1000 2074 quem

326 2084 424 2129 sequi
438 2083 559 2124 veilet3
577 2083 693 2128 sicque
708 2083 838 2117 bonam
848 2081 901 2117 sui
917 2081 1013 2126 opi—'

326 2135 472 2170 nionem
507 2135 639 2169 amanti
669 2135 780 2180 injicit
793 2160 802 2178 ,
834 2145 1000 2179 spemque

326 2187 449 2230 simul,
466 2185 543 2220 fieri
559 2198 657 2232 posse
672 2193 711 2220 ut
726 2190 892 2231 sequatur.

374 2253 424 2284 71.
450 2239 507 2272 Sic
526 2241 762 2282 accepttltsima
780 2250 911 2281 semper
930 2249 1003 2270 mu-

297 2314 300 2317 *
329 2302 410 2324 nera
435 2293 523 2323 sunt.
547 2289 794 2332 Accepttirsima
813 2289 975 2333 quondam
991 2312 1000 2327 ‚

331 2341 633 2386 Gottorphianus:
657 2341 832 2386 eleganter
856 2339 1002 2373 meher-

330 2393 443 2438 cules,
459 2405 523 2439 pro
539 2392 748 2437 quandoque
765 2418 774 2435 ,
797 2390 981 2436 aliquando
992 2416 1001 2434 ,

331 2456 591 2489 nonnunquam
612 2456 621 2478 ι
642 2450 681 2477 ut
698 2444 735 2478 in
750 2443 814 2477 illis
825 2442 981 2476 Maronis
994 2467 1004 2485 ,

332 2507 363 2530 ιι
375 2521 385 2539 ,
403 2495 544 2530 AEneid.
558 2495 621 2540 367
638 2508 646 2529 :

334 2550 477 2582 Quondam
483 2550 560 2574 etiam
570 2550 647 2575 victis
656 2549 722 2574 redit
734 2550 760 2574 in
766 2548 904 2582 praem-dia
911 2548 1004 2573 virtus.

379 2612 430 2644 72.
448 2599 579 2633 Auctor
584 2612 653 2643 quoe
658 2601 809 2643 pretiosa
811 2597 916 2641 facit.
927 2597 1006 2630 Hoc

336 2650 431 2693 vult,
447 2663 596 2685 munera
614 2650 677 2685 ista
693 2662 768 2684 non
789 2656 862 2683 tam
883 2661 945 2693 per
970 2661 1007 2682 se

336 2702 485 2746 pretiosa
500 2715 571 2737 esse
581 2728 590 2745 ‚
621 2714 725 2747 quam
743 2701 919 2735 donatoris
933 2713 1007 2734 no-

338 2752 432 2788 mine
445 2780 455 2795 ,
478 2754 583 2798 -quod
610 2767 693 2789 eum
713 2754 832 2799 magni
854 2753 1007 2788 aestimet.

1063 2030 1149 2065 mihi
1166 2029 1288 2065 excidit
1300 2054 1310 2072 ,
1331 2027 1486 2073 quamvis
1501 2026 1653 2062 tentanti
1661 2038 1735 2061 non

1063 2082 1255 2127 intelligere
1265 2107 1275 2124 ,
1293 2093 1311 2115 e
1327 2079 1460 2114 furtivis
1476 2077 1604 2113 amoris
1618 2076 1671 2113 tui
1681 2077 1736 2111 si·-

1066 2133 1140 2179 gnis
1153 2146 1161 2168 :
1173 2140 1208 2168 et
1216 2132 1339 2178 probat
1352 2130 1506 2175 quidem,
1517 2133 1638 2164 notata
1647 2127 1738 2163 fide-

1064 2185 1144 2220 liter
1155 2182 1423 2219 recensend0.—
1429 2183 1608 2226 Adposita.
1617 2181 1736 2221 Forte,

1065 2239 1117 2272 ad
1119 2241 1265 2281 positam
1275 2248 1344 2281 quae
1356 2234 1491 2280 lusacis
1500 2235 1645 2279 impmbe
1652 2244 1739 2269 men·

1066 2302 1149 2323 sam.
1166 2289 1298 2323 lems.

1113 2340 1164 2385 76.
1179 2341 1354 2383 Experiar.
1371 2338 1490 2382 Forte,
1503 2338 1670 2382 expediat.
1686 2336 1738 2370 In.

1112 2392 1164 2425 81.
1188 2393 1294 2426 Tecta
1315 2394 1433 2425 notaui
1449 2393 1558 2433 stgrna.
1588 2387 1740 2423 Imitatio

1069 2443 1317 2488 Prepa-tiana,
1335 2453 1402 2486 111,
1425 2441 1522 2487 Eleg.
1536 2450 1576 2475 vl
1590 2465 1601 2484 ,
1626 2441 1668 2474 25
1688 2451 1698 2472 ε

1069 2503 1149 2529 Tecta
1159 2502 1305 2535 superciliis
1317 2502 1339 2532 ni
1350 2501 1453 2535 quando
1463 2499 1542 2526 verb·
1553 2497 1662 2524 mittin
1673 2515 1683 2529 ,

1101 2551 1158 2576 Aut
1170 2556 1214 2575 tun
1225 2559 1286 2575 cum
1295 2549 1384 2582 digiti·
1395 2549 1491 2582 scripta
1504 2546 1602 2572 silend-
1613 2551 1695 2570 nom.

1114 2599 1166 2632 83.
1190 2600 1242 2632 El
1250 2611 1347 2643 soepe.
1368 2597 1465 2631 Malo
1482 2608 1491 2631 ε
1515 2596 1564 2629 Ut
1577 2606 1664 2638 sepe
1677 2605 1740 2628 ex-

1071 2653 1175 2685 timui.
1203 2650 1336 2684 HEINS.

1115 2703 1167 2736 85.
1199 2704 1264 2737 Vel
1276 2704 1373 2745 longo
1390 2710 1548 2734 munnure
1562 2698 1646 2731 dixi.
1679 2696 1746 2731 Vel

1071 2756 1162 2788 nullo
1173 2779 1183 2796 ,
1205 2753 1352 2788 Putean.
1377 2750 1437 2786 sed
1455 2748 1542 2784 nihil
1563 2746 1698 2783 accedo.
