1884 3112
0 0 83 259 f?

2 692 10 700 s
0 635 9 685 *⁵⁹*
0 611 24 630 ’.ζ
0 260 18 605 ''Wffll’flfxfl

600 257 602 259 '
658 242 1131 291 CONSOLATIO.

1503 243 1588 299 425

234 333 296 383 Et
319 344 441 384 mota
462 334 512 383 in
528 354 694 387 nomen
710 337 872 401 frigida
893 337 1046 401 ling-ua
1069 350 1207 387 tuum.

171 409 330 460 Infelix
351 412 533 480 recipis,
557 433 651 463 non
675 434 805 482 quem
829 416 1094 482 promiserat-
1112 416 1232 482 ipse;

233 488 326 537 Nec
350 490 428 556 qui
449 490 611 545 missus
633 502 746 550 erat,
767 511 850 541 nec
873 504 976 540 tuus
999 492 1072 541 ille
1088 492 1232 550 redit;
1528 504 1592 540 3ιο

168 565 262 615 Nec
285 566 370 615 tibi
393 566 562 617 deletos
583 568 750 635 poterit
771 587 947 617 narrare
971 570 1252 628 Sicambros,
1424 560 1427 571 λ

230 644 431 694 Ensibus
451 656 496 695 et
518 646 688 695 Suevos
715 657 838 709 terga
858 646 1030 695 dedisse
1055 647 1161 696 suis.

167 716 481 788 Fluminaque,
507 734 552 771 et
573 734 770 781 montes,
795 735 841 772 et
862 723 1046 772 nomina
1067 742 1227 786 magna
1251 723 1450 771 locorum
1470 742 1480 780 3

231 797 293 844 Et
313 797 352 845 si
376 798 486 864 quid
507 800 609 848 miri
634 799 747 848 vidit
770 800 818 848 in
842 799 949 848 orbe
974 808 1105 848 novo.

166 873 373 937 Frigidus
394 874 468 925 ille
491 876 595 935 tibi,
620 895 871 944 corpusque
893 877 1082 927 refertur
1102 878 1255 937 inane;
1527 893 1592 927 315

232 951 466 1019 Quemque
488 966 660 1020 premat
682 955 776 1004 sine
800 966 866 1014 te,
893 956 1109 1005 sternitur
1133 975 1231 1005 ecce
1259 968 1394 1005 torus.

166 1029 273 1094 Quo
296 1031 487 1098 raperis,
513 1030 676 1082 laniata
698 1052 867 1092 comas,
894 1033 1143 1101 similisque
1162 1034 1361 1084 furenti?

230 1107 337 1171 Quo
358 1108 483 1159 ruis?
505 1110 695 1160 attonita
716 1111 826 1177 quid
846 1112 961 1178 petis
987 1131 1064 1161 ora
1082 1113 1247 1160 manu?

165 1184 267 1233 Hoc
288 1185 376 1234 fuit
397 1186 728 1247 Andromache,
755 1208 894 1255 quum
916 1190 983 1237 vir
1001 1188 1214 1252 religatus
1237 1189 1292 1238 ad
1314 1208 1438 1238 axem

229 1264 409 1313 Terruit
432 1265 649 1316 admissos
672 1266 1039 1330 sanguinolentus
1062 1287 1214 1334 equos.
1527 1284 1593 1317 320

165 1340 266 1389 Hoc
286 1341 372 1390 fuit
392 1343 593 1402 Evadne‚
619 1355 725 1394 tunc
750 1364 889 1412 quum
910 1344 1108 1392 ferienda
1130 1345 1325 1393 coruscis

226 1416 509 1466 Fulminibus
533 1417 765 1484 Capaneus
789 1419 1009 1485 impavida
1024 1431 1107 1467 ora
1128 1418 1262 1468 dedit.

208 1553 285 1600 308.
294 1555 347 1588 Et
353 1558 446 1590 mola
457 1557 494 1589 1‘n
506 1568 626 1590 nornen
630 1556 765 1602 frigida
777 1559 846 1592 lin-

161 1618 231 1650 gua
245 1610 345 1642 taum.
373 1607 524 1643 Volebat
539 1607 707 1644 Francius
722 1611 774 1644 ad
782 1623 846 1644 no—

163 1669 240 1695 nen
249 1684 260 1700 ,
297 1658 394 1704 quasi
409 1685 420 1703 ,
449 1658 567 1694 audito
586 1660 743 1707 conjugis
769 1674 844 1696 no—

164 1708 261 1744 mine
277 1736 288 1754 ‚
313 1709 428 1746 adhuc
453 1711 688 1757 compellaret.
713 1713 772 1748 Sic
798 1713 842 1748 de

162 1760 313 1808 Orpheo
328 1775 393 1797 suo
405 1762 527 1810 Virgil.
538 1763 667 1810 Georg.
679 1775 719 1799 1v
730 1791 740 1809 ,
759 1763 844 1801 525:

215 1838 248 1849 ...
258 1822 410 1856 Eurydicen
419 1831 472 1849 vox
483 1823 540 1857 ipat
548 1823 678 1857 etsi-iside
687 1825 775 1858 lingu-
782 1845 791 1857 ‚

163 1869 228 1906 Ab!
249 1871 371 1897 mineram
388 1871 544 1906 Eurydicen
555 1891 565 1904 ,
588 1874 675 1898 anim
694 1873 828 1906 fugiente,

261 1919 388 1946 vocabat!
407 1952 411 1956 ⁴
558 1952 564 1957 ¹
765 1943 767 1947 ,

175 2004 177 2007 ,
207 1971 283 2008 311.
307 1974 382 2009 Nec
401 1975 470 2008 tibi
486 1976 616 2011 dele-los
621 1980 750 2021 poterit
762 1989 845 2011 nat-

157 2036 241 2062 m
251 2025 518 2062 St'caaebmsaetc.
534 2042 552 2058 «
565 2028 654 2063 Inde
670 2028 843 2064 validissi—

163 2089 239 2113 mas
253 2077 412 2113 nationes
425 2103 436 2122 ,
461 2077 658 2116 Cheruscos
672 2107 682 2125 ,
709 2081 843 2116 Suevos

156 2136 201 2165 -et
212 2129 413 2167 Sicambros
429 2132 560 2178 pariter
576 2147 752 2181 aggressus
766 2143 818 2170 est
833 2144 843 2168 ι

154 2183 225 2228 'qui
237 2208 248 2226 ,
264 2183 388 2230 viginti
396 2186 659 2222 centurionibus
674 2187 844 2222 increma-

164 2235 210 2270 tis
217 2261 229 2279 ,
237 2234 305 2271 hoc
314 2236 410 2272 velut
417 2246 636 2274 sacramento
645 2246 844 2275 sumserant

164 2287 318 2332 bellum,
350 2288 439 2324 adeo
463 2297 559 2325 certa
579 2292 731 2327 victoriae
756 2306 816 2338 spe
830 2319 840 2337 ,

164 2346 205 2374 ut
219 2339 374 2386 predam
389 2341 428 2376 in
450 2349 666 2378 antecessum
683 2344 842 2389 pactione

157 2391 344 2429 'diviserint
363 2402 372 2424 ἓ
398 2391 567 2429 Cherusci
581 2408 689 2440 equos
702 2422 712 2440 ‚
735 2396 843 2431 suevi

165 2456 292 2480 aurum
300 2452 336 2480 et
345 2453 530 2492 argentum
539 2461 548 2489 ;
563 2447 733 2483 Sicambri
740 2449 844 2495 capti-

164 2510 226 2533 vos
235 2497 412 2544 elegerant
421 2498 501 2534 :sed
510 2500 629 2534 omnia
639 2507 844 2538 retrorsum.

164 2550 290 2585 Victor
307 2563 461 2597 namque
473 2551 610 2588 Drusus
623 2566 731 2599 equos
743 2562 807 2591 etc.
822 2571 840 2587 »ι

164 2600 258 2637 Flor.
274 2601 331 2638 lib.
348 2613 387 2637 ιν
401 2629 412 2646 ,
438 2617 487 2638 12.

208 2653 228 2688 3
235 2655 283 2698 14.
307 2653 407 2689 Et‘si
419 2658 502 2700 quid
511 2659 593 2691 miri
607 2659 695 2693 vidit
706 2661 743 2693 1'n
764 2661 842 2694 orbe

164 2719 257 2742 novo.
283 2707 366 2744 Non
381 2707 428 2743 ita
445 2722 547 2744 novus
563 2710 733 2747 Romanis
753 2715 842 2748 orbaezc

164 2758 220 2794 iue
235 2785 245 2804 ,
271 2773 378 2805 quem
399 2760 471 2806 jam
494 2760 611 2799 Caesar
633 2763 746 2799 obiter
767 2764 842 2802 des-

910 1559 1094 1605 cripserat,
1106 1559 1150 1596 de
1164 1560 1251 1595 Bell.
1262 1559 1349 1596 Gall.
1366 1571 1425 1605 vr,
1439 1575 1476 1595 21
1491 1587 1501 1605 ‚
1518 1574 1591 1607 sqq.

909 1611 1033 1647 Fusius
1049 1611 1176 1647 deinde
1191 1619 1227 1648 et
1243 1613 1433 1648 accuratius
1447 1640 1456 1657 ,
1476 1620 1515 1648 ut
1529 1626 1592 1659 par

909 1671 984 1698 erat
1003 1690 1014 1707 ,
1044 1663 1185 1700 Tacitus
1197 1691 1207 1709 ,
1239 1666 1276 1700 in
1304 1665 1431 1700 eximio
1456 1665 1517 1701 illo
1548 1668 1591 1700 de

908 1719 1051 1751 mon‘bus
1073 1720 1267 1752 Germania.-
1287 1719 1463 1764 opusculo.

951 1769 1028 1804 320.
1057 1771 1190 1806 Terruit
1208 1772 1376 1805 admissos
1400 1774 1590 1816 sanguino-

908 1824 1018 1856 lentus
1037 1835 1147 1867 equos.
1176 1822 1268 1858 Vide
1293 1836 1371 1868 quae
1402 1823 1591 1858 adnotavi-

908 1886 987 1908 mus
998 1899 1007 1917 ,
1033 1874 1077 1908 ad
1093 1887 1179 1909 vers.
1195 1875 1248 1909 36.
1270 1874 1379 1920 Epist.
1397 1875 1500 1920 prim.

950 1926 1117 1962 321-322.
1152 1928 1229 1961 Hoc
1240 1927 1319 1972 suit
1347 1930 1490 1963 Euadne
1522 1935 1587 1963 etc.

909 1977 985 2012 Tali
1003 1991 1142 2023 quoque
1161 1980 1280 2014 surore
1300 1980 1424 2026 agitata
1442 1980 1588 2016 Evadne

911 2029 1068 2076 Capanei
1090 2043 1176 2065 uxor
1198 2058 1207 2075 ,
1240 2031 1452 2077 praecipitem
1483 2045 1519 2067 se
1549 2033 1587 2067 in

908 2083 1065 2129 conjugis
1100 2087 1227 2129 rogum
1253 2083 1407 2119 immisit.
1435 2083 1586 2127 Statius,

909 2133 1098 2169 Theb.’xn
1112 2161 1122 2179 ,
1145 2136 1221 2170 800.
1238 2136 1346 2171 Unde
1368 2136 1499 2171 meruit
1516 2163 1525 2180 ,
1550 2142 1590 2170 ut

909 2185 951 2220 de
973 2186 1030 2221 illa
1057 2195 1200 2223 caneret
1231 2189 1392 2235 Propert.
1414 2200 1429 2223 1
1440 2215 1451 2233 ,
1492 2189 1588 2234 Eleg.

912 2250 960 2273 xv
975 2265 985 2283 ,
1012 2254 1051 2274 21
1072 2253 1080 2274 :

940 2295 1045 2320 Occidit
1056 2295 1163 2329 Argiva
1171 2296 1240 2322 sam·
1251 2297 1392 2331 pudicitie.

907 2362 952 2370 ·—
974 2345 1081 2388 Quum
1083 2345 1246 2390 ferienda
1260 2350 1412 2382 coruscis
1423 2350 1588 2382 Fulmini-

907 2399 969 2431 bus
1003 2399 1180 2443 Capaneus
1210 2402 1380 2443 1‘1npave'da
1402 2412 1463 2434 ora
1484 2401 1589 2434 dedit.

909 2450 1042 2484 Merito
1075 2453 1277 2495 impavidum
1306 2452 1388 2487 dicit
1405 2479 1415 2496 ‚
1458 2453 1517 2498 qui
1541 2452 1589 2487 sic

908 2501 1023 2547 ipsum
1046 2503 1176 2538 Jovem
1198 2504 1408 2550 increpasset
1425 2530 1435 2549 ‚
1475 2504 1587 2541 Theb.

907 2553 965 2588 lib.
983 2566 1004 2589 x
1017 2581 1027 2598 ,
1053 2555 1118 2603 899
1135 2568 1143 2590 :

905 2615 985 2641 Nunc
995 2624 1056 2649 nge,
1066 2625 1136 2641 nunc
1147 2616 1208 2642 toti}
1222 2617 1250 2642 in
1259 2626 1299 2641 me
1312 2617 1450 2643 consistere
1460 2615 1584 2648 flammis,

906 2664 1023 2697 Jupiter!
1036 2674 1070 2690 an
1082 2665 1189 2698 pavia„
1202 2666 1301 2691 tonitru
1311 2666 1416 2691 turbere
1429 2666 1528 2699 puellas

906 2713 1028 2745 Fortior,
1040 2718 1066 2739 et
1079 2714 1160 2739 moeri
1171 2720 1256 2739 turres
1265 2715 1413 2740 exscindere
1427 2715 1538 2742 cadmi?

907 2768 1132 2803 —Fen'enda.
1148 2767 1254 2803 Putat
1273 2767 1396 2804 Heius.
1404 2767 1589 2814 ferianda,-
