1884 3112
309 259 397 303 226
750 258 1103 304 EPISTOLA
1138 259 1262 302 XII.

308 351 481 399 Diversi
504 350 669 399 flebant
692 350 824 407 servi,
851 349 1136 415 lacrimasque
1160 349 1380 411 tegebant.
1658 364 1718 409 145

374 428 490 492 Quis
512 426 643 475 vellet
666 426 776 474 tanti
799 426 983 474 nuntius
1006 443 1098 474 esse
1121 425 1254 474 mali?

306 506 383 553 Me
408 523 609 570 quoque,
638 503 856 569 quidquid
875 513 989 560 erat,
1016 502 1167 568 potius
1186 502 1353 551 nescire
1374 502 1578 567 juvabat:

371 580 460 628 Sed
484 590 692 644 tanquam
715 578 891 635 scirem,
915 594 1038 626 mens
1061 578 1172 626 mihi
1195 579 1333 627 tristis
1354 590 1457 627 erat.

309 657 461 720 Quum
483 655 631 703 minor
654 674 676 702 e
698 654 847 720 pueris
868 655 1016 719 jussus
1039 655 1275 722 studioque
1293 655 1497 713 videndi,

372 731 586 782 Constitit
609 730 664 779 ad
685 730 865 793 geminae
888 730 1038 779 limina
1061 732 1202 798 prima
1225 733 1348 781 foris.
1659 745 1719 780 150

306 811 392 859 Hic
414 810 551 858 mihi:
578 810 742 866 Mater,
765 808 862 866 abi3
887 827 1096 875 pompam
1114 822 1260 875 pater,
1286 809 1454 875 inquit,
1478 810 1610 857 Iason

371 889 537 944 Ducet;
563 898 607 934 et
625 886 854 952 adjunctos
877 904 1033 933 aureus
1056 898 1185 948 urget
1208 905 1360 952 equos.

305 965 517 1014 Protinus
540 963 731 1011 abscissa
754 962 905 1029 planxi
924 981 1021 1011 mea
1039 974 1217 1028 pectora
1238 973 1379 1020 veste;

371 1043 490 1090 Tuta
511 1059 591 1089 nec
615 1059 640 1087 a
664 1040 813 1101 digitis
839 1059 916 1088 ora
937 1038 1058 1087 fuere
1080 1039 1201 1087 meis.

303 1119 372 1166 Ire
395 1117 565 1165 animus
588 1115 740 1164 mediae
763 1115 977 1163 suadebat
999 1115 1046 1162 in
1070 1115 1244 1177 agmina
1265 1114 1430 1173 turbae,

1657 1128 1718 1162 155

361 1194 574 1258 Sertaque
596 1191 857 1258 compositis
880 1190 1050 1239 demere
1072 1202 1198 1256 rapta
1221 1190 1371 1238 comis.

302 1270 389 1318 Vix
411 1290 480 1318 me
503 1269 724 1327 continui,
747 1268 860 1335 quin
882 1267 944 1315 sic
968 1267 1128 1316 laniata
1150 1265 1333 1333 capillos

301 1374 467 1420 probatur
486 1386 495 1408 ι
516 1371 577 1408 sed
601 1379 720 1407 tamen
742 1377 778 1405 et
797 1369 882 1404 illud
904 1382 978 1404 non

302 1427 488 1460 obscurum
498 1451 507 1468 ,
526 1425 651 1459 Poetas
667 1430 800 1457 veteres
816 1422 892 1467 plus
909 1434 978 1456 au-

302 1478 397 1512 ribus
404 1476 602 1522 aliquando,
612 1488 717 1521 quam
727 1474 979 1509 Grammatico-

302 1542 384 1563 rum
394 1528 571 1574 praeceptis
585 1541 623 1562 ac
633 1526 759 1572 regulis
769 1525 911 1560 dedisse.
924 1525 976 1559 M.

345 1583 420 1624 145.·
432 1581 707 1624 Daberu'flebanl.
722 1576 896 1612 Dimzn'vel
907 1578 975 1610 dis-

294 1635 391 1677 persi
407 1631 556 1667 malebat
582 1630 747 1665 Francius
771 1641 780 1663 ι
804 1627 865 1662 sed
892 1627 978 1661 nihil

299 1697 398 1729 opus.
413 1685 551 1720 Diversi,
563 1683 659 1716 enim
675 1681 731 1715 hie
743 1687 795 1715 est
812 1679 853 1713 ab
872 1678 977 1713 oculis

301 1735 388 1770 meis
402 1748 438 1769 se
458 1740 700 1774 removentem
724 1738 771 1766 ut.
783 1731 831 1765 ita
853 1731 977 1776 passim

299 1789 450 1821 diversus
460 1786 550 1820 orbis
563 1811 572 1829 ‚
583 1787 725 1819 diversa·
735 1790 836 1818 terrae
852 1808 861 1825 ,
877 1789 912 1816 et
923 1782 976 1816 si·-

301 1839 396 1873 milia
405 1838 522 1873 Poetis
532 1837 706 1872 dicuntur.
718 1835 815 1880 Virg.
828 1846 879 1878 XI,
893 1835 955 1869 855
969 1846 978 1869 ε

301 1896 369 1925 Cur,
382 1894 483 1927 inquit,
495 1894 607 1919 diversus
618 1893 692 1917 abis?

302 1943 419 1978 Livius
430 1970 440 1987 ‚
458 1954 519 1985 lx,
538 1956 555 1976 2
575 1955 584 1976 :
604 1943 754 1983 Diuersi,
778 1943 869 1976 alius
883 1942 953 1975 alio
964 1967 974 1981 ‚

299 1998 423 2030 abiere.
445 1994 492 2028 Et
505 1994 552 2028 sic
564 1993 619 2028 ille
637 2005 725 2039 saepe
737 2019 746 2036 ‚
764 1999 799 2027 et
816 1992 869 2026 alii
884 2018 893 2035 ,
917 1992 977 2026 ubi

299 2048 338 2083 in
360 2047 509 2081 diversas
528 2052 642 2091 partes
660 2045 752 2079 abire
768 2044 897 2088 aliquos
913 2043 976 2078 in-

301 2100 446 2147 ducunt.
467 2099 596 2133 Bmtm.

349 2151 421 2195 148.
434 2151 534 2184 Mens
550 2162 634 2183 mea.
649 2148 869 2191 Basileensis,
885 2160 977 2182 mens

302 2205 401 2243 mibi,
441 2200 534 2246 quod
562 2200 778 2236 Ovidianum
804 2199 911 2245 magis
939 2206 977 2233 et

302 2254 489 2300 poeticum.
506 2251 587 2287 Vid.
602 2266 676 2298 sup.
693 2252 801 2297 Epist.
813 2262 858 2285 111
869 2276 879 2295 ,
895 2252 974 2295 1243

303 2297 338 2341 et
355 2317 412 2349 xi,
435 2319 473 2351 77
488 2318 495 2346 ;
519 2311 555 2339 et
573 2304 661 2338 alibi.
676 2304 786 2338 Imm.

350 2361 421 2405 149.
451 2358 555 2399 Quum
580 2359 689 2390 minor
705 2369 728 2389 e
746 2359 860 2400 puerit
874 2355 977 2400 jussu

301 2413 474 2454 studioque
487 2410 630 2442 w'dendt'.
648 2408 738 2453 Lege
744 2409 868 2452 jussus
877 2434 884 2448 ‚
902 2420 975 2441 non

293 2461 406 2506 jussu.
417 2461 499 2496 Non
509 2460 616 2495 semel
623 2467 762 2494 testatus
769 2473 859 2503 sum,
872 2472 976 2504 quam

303 2526 392 2558 saepe
416 2513 544 2547 librarii
567 2519 700 2546 veteres
726 2513 762 2546 in
789 2511 894 2546 literis
917 2518 976 2546 aut

302 2566 429 2599 frustra
451 2563 668 2609 geminandis
681 2589 689 2607 ‚
716 2576 825 2608 quum
849 2563 975 2598 similes

303 2623 527 2651 occurrerent
540 2642 548 2659 ,
567 2623 626 2650 aut
641 2615 840 2650 omittendis
855 2627 976 2660 pecca—

304 2668 417 2702 verint
432 2681 442 2701 :
459 2668 589 2713 aliquot
613 2666 767 2712 exempla
796 2666 914 2700 notavi
938 2666 973 2699 in

302 2719 389 2752 meis
406 2718 449 2752 ad
465 2718 738 2763 Metamorphos.
758 2718 974 2752 observatio-

303 2771 414 2805 nibus.
427 2769 582 2806 CIOF.-
591 2773 706 2811 Jussu,
719 2770 820 2805 multi
832 2783 872 2804 ex
881 2770 974 2804 libris

1043 1370 1175 1416 scriptis
1206 1377 1243 1405 et
1262 1369 1381 1415 priscae
1402 1368 1581 1404 editiones.
1604 1367 1692 1403 Tres
1706 1394 1717 1412 ‚

1041 1426 1135 1456 visus
1151 1434 1161 1456 :
1176 1422 1247 1456 duo
1259 1448 1268 1465 ,
1293 1425 1369 1455 veti-u
1390 1433 1400 1455 :
1415 1420 1562 1455 totidem
1577 1446 1587 1464 ,
1617 1422 1693 1454 lusu
1708 1432 1718 1453 ‚¹

1041 1486 1132 1508 unus
1145 1499 1154 1517 ,
1172 1477 1294 1507 missus
1306 1483 1317 1506 ι·
1331 1472 1576 1507 Gronovianus
1586 1497 1596 1515 ,
1613 1484 1719 1507 cursu.

1042 1527 1175 1560 Hnms.
1199 1544 1243 1552 --
1269 1525 1346 1571 Ego
1369 1524 1570 1570 praeferrem
1576 1523 1716 1568 jussus.

1040 1579 1194 1611 studione
1207 1579 1349 1612 videndi
1355 1589 1365 1611 .·
1372 1576 1546 1611 incertum
1556 1588 1599 1610 an
1609 1576 1720 1620 jussus

1040 1628 1144 1663 suerit
1158 1655 1166 1671 ,
1195 1641 1238 1662 an
1262 1641 1346 1662 vero
1365 1627 1502 1671 studio,
1527 1626 1627 1672 quale
1646 1640 1717 1662 esse

1043 1692 1235 1725 puerorum
1243 1679 1350 1724 solet,
1367 1678 1509 1733 videndi
1517 1704 1527 1722 ,
1538 1686 1661 1723 sponte
1673 1690 1717 1713 eo

1041 1732 1152 1767 iverit.
1176 1732 1306 1766 Bmm.

1089 1786 1160 1818 150.
1176 1785 1339 1818 Constt'ld
1346 1784 1397 1817 ad
1399 1786 1539 1827 gemina·
1553 1789 1618 1818 etc.
1632 1783 1719 1817 Has-

1039 1835 1186 1879 niensis,
1203 1837 1254 1869 ad
1265 1836 1414 1869 domine.

1089 1888 1160 1920 151.
1177 1888 1270 1920 Ilt’nc
1280 1888 1370 1920 mihi.
1381 1887 1472 1920 Huic
1479 1886 1593 1931 prima
1600 1885 1717 1921 editio.

1040 1937 1160 1973 Scribe
1177 1963 1189 1982 ,
1204 1940 1272 1972 Hic
1282 1939 1378 1977 nu'bi,
1394 1944 1433 1972 ut
1449 1945 1499 1972 est
1516 1939 1553 1972 in
1570 1946 1718 1983 quatuor

1040 1990 1171 2024 calamo
1195 1989 1347 2024 exaratis.
1373 1989 1478 2024 Unus
1503 1990 1691 2025 Vaticanus
1705 2017 1716 2034 ,

1044 2043 1224 2084 Quimihi:
1240 2041 1398 2085 sequenti
1409 2053 1511 2075 versu
1524 2043 1637 2083 ducet,
1654 2054 1718 2088 pro

1038 2095 1150 2134 ducit,
1176 2093 1266 2127 bene
1283 2094 1491 2127 Puteaneus.
1517 2094 1651 2130 Hzms.

1087 2146 1158 2178 152.
1168 2145 1367 2188 Adjunctos.
1382 2145 1560 2179 Adductos
1572 2145 1715 2192 Regius,

1041 2202 1076 2230 et
1087 2203 1156 2230 tres
1172 2196 1243 2230 alii:
1256 2195 1326 2229 duo
1339 2196 1442 2230 etiam
1455 2222 1465 2240 ,
1481 2201 1619 2232 auralos
1629 2210 1641 2232 .·
1656 2198 1718 2233 sed

1040 2247 1127 2282 nihil
1136 2247 1355 2282 mutandum.
1365 2260 1392 2291 1,
1406 2249 1486 2282 Am.
1497 2248 1594 2294 Eleg.
1601 2260 1644 2294 11,
1655 2250 1717 2285 26:

1093 2320 1123 2328 ...
1137 2304 1286 2336 Adjunctas
1298 2308 1352 2328 arte
1365 2303 1481 2329 movebis
1496 2312 1567 2329 aves.
1583 2305 1683 2330 Btmn.

1072 2350 1159 2387 lbid.
1177 2351 1319 2386 Aureus.
1340 2351 1494 2398 Explicat
1515 2351 1716 2398 Crispinus,

1041 2403 1153 2438 aureis
1162 2404 1311 2438 vestibus
1320 2411 1462 2438 ornatus
1472 2416 1480 2438 τ
1489 2417 1552 2450 ego
1562 2404 1604 2439 de
1611 2417 1716 2440 curru

1041 2464 1162 2491 aurato
1171 2457 1291 2491 malim
1303 2469 1439 2502 capere,
1454 2464 1495 2491 ut
1505 2468 1532 2500 1,
1545 2457 1715 2498 Art.214:

1073 2514 1192 2545 Quatuor
1202 2513 1229 2537 in
1241 2514 1325 2538 niveis
1335 2523 1427 2539 aureus
1438 2514 1487 2538 ibis
1496 2514 1579 2547 equis.
1593 2514 1682 2539 Innu-

1088 2574 1101 2594 1
1108 2563 1159 2607 57.
1180 2562 1268 2604 Quin
1277 2565 1329 2595 sic
1339 2564 1472 2596 laniata
1481 2563 1631 2606 capillos.
1647 2561 1715 2596 Pu-

1041 2619 1076 2647 to
1089 2639 1098 2656 ,
1121 2616 1198 2658 quin
1220 2616 1399 2647 dilaniata.
1420 2613 1541 2647 Amor.
1563 2612 1619 2647 lib.
1641 2623 1688 2646 111
1703 2638 1712 2656 ‚

1041 2664 1137 2711 Eleg.
1153 2675 1210 2708 lx,
1229 2667 1269 2699 52
1282 2691 1291 2708 ,
1308 2664 1350 2699 de
1367 2677 1485 2699 sorore
1499 2663 1651 2700 Tibulli:

1072 2722 1151 2746 Venit
1164 2722 1292 2746 inor-natas
1306 2721 1437 2754 dilaniata
1448 2729 1542 2747 comas.
1558 2722 1666 2747 Hunis.

1042 2771 1181 2816 Vulgat.
1190 2771 1301 2806 multo
1311 2770 1562 2816 praeserendam
1576 2783 1708 2808 censeo.
