1884 3112
657 239 1180 288 HALIEUTICON.

1540 244 1630 309 447

200 327 261 378 Et
281 328 430 396 pavidi
452 348 614 395 magno
638 331 859 397 fugientes
882 336 1055 399 agmine
1078 336 1262 387 Thunni
1285 352 1297 383 ε

151 469 154 474 .
200 406 341 457 Parva
364 408 582 459 EchenZSis
607 410 752 471 adest,
778 412 964 461 mirum!
989 432 1115 462 mora
1137 413 1370 480 puppibus
1392 413 1579 478 ingens:

200 486 362 553 Tuque
385 505 533 537 comes
556 489 745 553 ratium,
781 490 997 557 tractique
1021 510 1103 558 per
1120 510 1298 558 aequora
1317 490 1448 551 sulci,

1569 519 1580 541 1
1587 519 1631 541 00

203 564 299 629 Qui
321 584 496 633 semper
513 586 693 634 spumas
717 568 940 634 sequeris,
966 567 1170 635 Pompile
1184 606 1196 628 ‚
1222 569 1415 619 nitentes
1435 589 1447 619 :

199 641 506 710 Cercyrosque
526 643 672 704 ferox,
698 644 987 712 scopulorum
1005 644 1093 693 fine
1112 657 1310 694 moratus
1331 663 1343 692 ε

202 720 454 770 Cantharus
467 760 480 782 ‚
506 723 708 786 ingratus
729 742 862 772 succo
882 740 893 769 τ
918 735 1014 772 tum
1032 722 1245 779 concolor
1261 723 1329 772 illi

203 800 405 867 Orpheis,
431 801 702 869 caeruleaque
721 802 889 850 rubens
907 801 1154 868 Erythinus
1174 801 1222 850 in
1242 802 1363 851 unda
1384 819 1395 848 :

200 878 398 942 Insignis
421 879 678 947 Sargusque
700 879 841 939 notis,
867 879 1056 943 insignis
1079 890 1124 928 et
1147 878 1227 928 alis
1252 897 1263 926 ε

198 1031 360 1072 'casei-ius.
373 1035 536 1083 Pelagius
551 1043 622 1079 est3
639 1036 682 1071 ad
696 1035 887 1072 Cetaceam

199 1088 484 1136 magnitudinem
500 1089 663 1136 pervenit
679 1099 687 1121 ε
704 1095 820 1124 rostro
835 1096 888 1125 est

201 1147 411 1178 mucronato
431 1168 442 1187 ,
486 1149 673 1187 utramque
712 1142 888 1176 maxillam

202 1201 391 1230 rostratam
400 1194 526 1230 habet:
545 1194 752 1230 inferiorem
767 1202 887 1230 tamen

201 1246 347 1282 brevem
363 1273 374 1292 ‚
405 1253 443 1282 et
463 1246 713 1294 triangularem
740 1260 749 1282 ε
775 1260 889 1293 supe—

203 1299 337 1334 riorem
359 1299 469 1346 magis
494 1312 628 1334 osseam
643 1326 652 1344 ‚
680 1299 884 1345 duriorem,'

203 1351 443 1399 longissimam
461 1378 471 1396 ‚
510 1351 748 1388 ensiformem.
780 1351 886 1389 Clor.

205 1404 263 1440 Ac
277 1405 396 1446 durus,
414 1404 506 1440 bene
525 1404 653 1450 scripti.
673 1405 806 1440 Hnms.

247 1457 302 1506 98.
342 1457 486 1491 Thunm’.
522 1458 685 1492 nunnus
701 1484 710 1498 ,
753 1457 890 1493 Latine.

206 1511 322 1554 θύννος,
339 1507 474 1545 Graece.
511 1510 645 1550 Tomm,
670 1509 798 1545 Italice.
818 1510 891 1545 Ubi

204 1561 362 1608 primum
372 1568 476 1603 natus
490 1567 541 1596 est
553 1587 563 1606 ‚
577 1561 709 1597 Latinis
726 1563 888 1606 Comma,-

207 1614 267 1650 ubi
280 1613 324 1649 ad
340 1627 398 1650 sex
414 1626 556 1650 menses
572 1613 754 1660 pervenit,
778 1616 891 1649 Pela-

205 1669 290 1711 mle,-
308 1666 367 1701 ubi
382 1665 425 1701 ad
441 1678 576 1701 annum
587 1693 597 1711 ,
620 1668 782 1701 Thannus
797 1665 892 1702 dici—

206 1725 290 1754 tur:
319 1732 339 1754 a
362 1718 469 1754 verbo
490 1717 616 1755 Graeco
649 1723 767 1763 θύνειν,
796 1719 891 1765 quod

205 1778 259 1807 est
287 1784 371 1808 cum
401 1771 538 1818 impetu
568 1772 770 1818 promoveri
798 1772 807 1807 :¹
834 1772 893 1808 ubi

206 1825 322 1870 major
338 1825 448 1860 sactus
459 1830 524 1868 est,
543 1828 668 1869 ὄρκυνος·
683 1825 720 1859 in
736 1825 893 1860 immen-

205 1890 286 1913 sum
303 1883 440 1917 auctus,
459 1881 547 1919 κήτη.
564 1876 692 1912 Giscas.
712 1876 818 1913 Cror.

251 1943 306 1978 99.
319 1931 432 1964 Paroa
444 1930 614 1963 Echeneilr
622 1930 737 1969 adest,
756 1933 890 1965 mt'mm.
886 1929 894 1953 '

209 1994 303 2016 mora
319 1983 489 2026 puppibus
510 1984 639 2025 ingens.
671 1980 805 2015 Plinius
828 1992 867 2015 lx
883 2007 893 2025 ,

208 2047 284 2081 cap.
305 2046 386 2070 xxv.
424 2049 441 2065 «
470 2034 533 2070 Est
554 2047 679 2080 parvus
702 2034 896 2070 admodum

209 2087 311 2133 piscis
323 2113 334 2131 ,
371 2086 545 2123 Echeneis
573 2086 763 2133 appellatus
781 2101 790 2129 ;
829 2086 896 2122 hoc

212 2139 339 2175 carinis
351 2138 568 2183 adhaerente,
581 2151 686 2174 naves
698 2138 829 2174 tardius
844 2139 896 2175 ire

212 2191 408 2227 creduntur
420 2218 430 2236 ,
458 2191 542 2227 inde
571 2191 718 2226 nomine
746 2191 897 2238 imposi-

214 2251 251 2280 to
262 2251 327 2280 etc.
341 2259 350 2287 ;
370 2244 428 2280 ἀπὶ
436 2251 488 2281 τοῦ
500 2247 553 2284 τὰς
565 2252 638 2286 νῆας
652 2249 745 2290 ἐ’χειν.
759 2260 776 2275 »
789 2246 896 2290 Puto,

213 2298 326 2332 Parva
338 2297 584 2341 Echine1s‚ut
596 2301 640 2331 et.
654 2297 790 2333 Hssms.

262 2361 336 2384 101.
351 2350 513 2394 Pompile.
527 2348 731 2409 Oppianus,
753 2363 767 2384 1
781 2377 791 2395 ,
817 2350 896 2395 186,

212 2400 448 2446 penultimam
460 2401 622 2447 corripit:
639 2409 684 2438 Εν
699 2407 805 2442 κείνοις
816 2419 900 2447 νεμε-

215 2468 269 2488 ται
282 2458 335 2489 καὶ
347 2455 535 2498 Uolux-005⁰
519 2470 548 2487 ον
564 2469 632 2489 ποτε
644 2460 752 2490 ναῦται
764 2471 802 2496 α,
788 2461 900 2490 ’.αντ-αι

217 2505 332 2542 stn.
350 2506 408 2541 De
423 2507 576 2553 Pompili
591 2514 718 2542 natura
740 2507 901 2543 AElianus

216 2557 274 2593 lib.
293 2569 322 2592 11
335 2584 346 2602 ,
363 2559 475 2605 capite
490 2571 537 2594 xv
546 2585 556 2604 ,
574 2567 611 2595 et
622 2559 677 2595 lib.
690 2571 754 2595 xrv
766 2587 776 2605 ,
789 2560 899 2606 capite

220 2620 363 2652 xxx111;
390 2611 524 2646 Plinius
538 2611 595 2646 lib.
612 2623 650 2646 1x
662 2639 672 2656 ,
690 2625 762 2658 cap.
779 2623 846 2656 xv,
865 2618 902 2647 et

218 2661 309 2697 alibi.
327 2663 398 2698 Hic
413 2670 532 2699 autem
547 2664 646 2710 piscis
662 2665 831 2712 Neptuno
845 2677 902 2700 sa-

217 2730 279 2752 cer
300 2724 373 2762 est,
404 2718 499 2764 quod
525 2719 662 2766 navigia
685 2719 729 2755 ad
757 2725 902 2766 portum

220 2782 329 2816 usque
345 2778 520 2817 sequatur.

1570 895 1633 931 105'

999 1049 1072 1072 102.
1106 1038 1338 1085 Cercyrosque.
1366 1040 1525 1090 Ks'pnoupoc
1547 1039 1634 1086 Op-

952 1088 1058 1135 piano
1081 1088 1171 1125 circa
1202 1097 1317 1135 petras
1349 1090 1492 1137 degunt.
1529 1092 1637 1138 Apud

954 1141 1045 1176 Plin.
1069 1141 1159 1177 circa
1186 1141 1297 1177 finem
1313 1142 1369 1177 lib.
1387 1154 1492 1178 xxxu
1506 1170 1516 1188 ,
1547 1158 1638 1189 per-

953 1207 1076 1240 peram
1101 1194 1229 1240 legitur
1255 1221 1264 1239 ,
1306 1197 1491 1242 Bobgyms.
1528 1196 1639 1232 MSS.

955 1248 1200 1293 Cercsroesque
1216 1257 1226 1278 t
1249 1247 1404 1290 Plinius;
1422 1250 1586 1295 Cen-yma
1601 1253 1639 1284 ι’νι

951 1301 1101 1344 scopulis
1118 1302 1293 1335 viventem.
1321 1301 1376 1336 Ita
1392 1301 1528 1335 dudum
1546 1314 1611 1348 ego
1626 1328 1637 1346 ,

954 1358 990 1387 et
1012 1351 1150 1398 pridem
1173 1351 1362 1388 Gesnerus.
1393 1353 1510 1399 Vulgo
1536 1355 1640 1399 Βορ-

950 1417 1057 1451 gyron
1080 1415 1090 1436 :
1113 1412 1322 1440 monstrose.
1339 1406 1447 1440 Forte
1474 1419 1482 1440 :
1510 1407 1641 1441 Savum

958 1457 1135 1503 Cercyrum
1149 1470 1162 1502 ‚-
1188 1457 1269 1502 quia
1274 1457 1382 1502 ferox
1401 1457 1458 1492 hic
1475 1456 1601 1493 dicitur
1621 1471 1642 1493 a

956 1507 1097 1544 Nostro.
1130 1510 1237 1544 Vu'r.
1270 1528 1315 1535 —
1339 1511 1543 1545 cantharus.
1582 1510 1641 1545 De

956 1559 1023 1596 hoc
1033 1561 1124 1607 pisce
1138 1561 1298 1596 AElianus
1314 1562 1372 1596 lib.
1384 1572 1399 1595 1
1409 1587 1419 1606 ,
1437 1575 1509 1608 cap.
1525 1574 1643 1598 xxvn.

1004 1614 1076 1648 103.
1107 1615 1192 1648 Tum
1226 1616 1387 1649 concolor
1415 1617 1475 1649 illi
1498 1616 1644 1660 Orphas.

956 1664 1092 1701 Plinius
1107 1679 1148 1701 ex
1164 1665 1294 1702 ovidio
1310 1665 1473 1702 nominat
1496 1668 1644 1712 orphum

955 1719 1126 1752 rubentem
1142 1745 1152 1760 ‚
1195 1719 1451 1764 Rhacmumque
1477 1721 1609 1764 pullum
1630 1746 1641 1760 ‚

956 1783 1166 1816 perperam,
1194 1778 1234 1806 ut
1255 1778 1421 1817 apparet;
1447 1771 1513 1806 nisi
1537 1785 1643 1807 cora-

956 1826 1070 1858 einum
1084 1823 1175 1870 legas
1181 1826 1332 1868 pullum,
1326 1836 1334 1845 ·
1347 1830 1383 1858 et
1396 1824 1485 1859 sorte
1498 1836 1644 1859 carmen.

957 1889 1071 1912 unum
1088 1876 1144 1911 hic
1162 1876 1261 1911 desit.
1278 1876 1359 1912 Scio
1375 1876 1519 1922 quidem
1536 1877 1643 1912 etiam

960 1928 1129 1986 Orphum
1144 1929 1283 1964 rubere.
1301 1928 1432 1964 Graecis
1449 1934 1570 1980 Ορφὺς,
1587 1929 1645 1964 vel

957 1973 1066 2031 ὀρφὼς
1084 1980 1210 2016 Attice.
1226 1980 1341 2016 GESN.

1007 2034 1300 2080 104.E1Jthinus.
1332 2032 1468 2068 Plinius
1489 2032 1546 2067 lib.
1578 2044 1617 2067 lx
1631 2059 1643 2077 ,

959 2099 1032 2132 cap.
1051 2096 1114 2120 xvl
1134 2092 1169 2120 et
1191 2096 1241 2120 1.11
1259 2092 1294 2121 et
1310 2085 1399 2120 alibi.
1416 2085 1575 2131 Pelagius
1592 2092 1645 2120 est

961 2137 1141 2173 Aristoteli
1157 2147 1165 2170 ε
1186 2138 1352 2184 Oppiano
1376 2150 1461 2173 vero
1480 2137 1644 2173 litoralis:

960 2190 998 2226 in
1015 2190 1104 2226 mari
1121 2197 1260 2225 tantum
1273 2190 1458 2236 reperitur.

1008 2245 1080 2279 105.
1097 2245 1246 2288 Insignis
1255 2244 1389 2289 Sargus.
1406 2243 1530 2279 Festus
1543 2255 1551 2278 :
1564 2244 1647 2279 Sar-

957 2310 1023 2343 gus
1043 2301 1154 2343 piscis·
1180 2310 1288 2342 genus
1304 2325 1313 2340 ‚
1345 2301 1406 2343 qui
1426 2301 1463 2333 in
1485 2299 1648 2346 AEgyplio

961 2351 1134 2397 marisere
1147 2355 1308 2387 nascitur.
1326 2351 1434 2387 Lucil.
1447 2364 1456 2387 t

967 2414 1054 2446 Quem
1069 2413 1209 2447 praxim-us
1221 2413 1304 2447 Elops
1312 2432 1322 2444 ,
1335 2421 1414 2446 quem
1428 2413 1544 2446 AEgypto
1557 2412 1647 2445 Sargu’

1063 2458 1189 2484 movebit.

962 2507 1019 2543 De
1037 2507 1148 2553 Sargo
1164 2506 1299 2543 Plinius
1316 2507 1472 2553 quinque
1486 2507 1523 2541 in
1539 2506 1621 2541 locis
1634 2533 1650 2551 ,

963 2568 1000 2596 et
1016 2561 1176 2596 AElianus
1191 2560 1280 2595 libro
1291 2571 1325 2604 Ι,
1341 2573 1413 2606 cap.
1432 2571 1541 2600 xxw;
1558 2559 1646 2594 lito-

964 2614 1043 2649 ralis
1058 2641 1067 2658 ,
1091 2613 1249 2648 marinus
1263 2628 1272 2655 ς
1296 2612 1440 2647 Auratis
1453 2638 1463 2656 ,
1477 2618 1513 2646 et
1529 2611 1648 2657 Sparis

964 2666 1038 2701 sere
1055 2666 1175 2701 similis
1188 2692 1198 2710 ‚
1220 2665 1323 2700 latior
1335 2691 1345 2709 ‚
1374 2663 1561 2700 rotundior
1586 2670 1648 2698 ta-

964 2731 1050 2754 men
1066 2725 1119 2754 est
1135 2728 1143 2750 :
1164 2718 1215 2753 bis
1231 2718 1339 2764 parit,
1360 2718 1455 2752 Vere
1470 2743 1481 2762 ,
1503 2724 1540 2752 et
1562 2716 1648 2751 Au-

966 2778 1093 2807 tumno
1109 2781 1118 2804 2
1145 2770 1262 2817 plures
1292 2770 1398 2810 habet
1425 2783 1549 2806 uxores
1566 2796 1577 2813 ,
1612 2775 1649 2803 et
