1884 3112
586 262 792 310 PARIS
827 264 1135 310 HELENAE.

1490 269 1576 330 307

161 354 287 422 Quid
303 352 490 414 valeam,
511 355 656 405 nescis
675 376 686 405 z
706 367 752 406 et
773 367 817 406 te
837 375 934 406 mea
950 356 1116 407 robora
1135 356 1306 408 fallunt.

224 434 433 497 Ignoras,
458 431 530 481 cui
553 431 614 481 sis
634 444 776 500 nupta
797 432 948 484 futura
967 435 1077 484 viro.

158 509 254 560 Aut
271 510 410 574 igitur
426 508 552 559 nullo
575 508 684 559 belli
707 522 905 578 repetere
928 513 1123 562 tumultu
1142 533 1154 562 ε

156 589 159 591 ’
222 588 317 637 Aut
339 588 497 638 cedent
515 588 653 637 Marti
674 588 838 638 Dorica
861 600 999 638 castra
1017 607 1131 638 meo.
1512 607 1577 652 370

157 665 251 730 Nec
268 676 414 715 tamen
436 665 642 730 indigner
661 684 746 732 pro
768 676 891 715 tanta
913 683 1083 714 sumere
1106 664 1271 714 sermm

223 743 426 810 Conjuge
445 763 456 792 ε
477 755 694 793 certamen
717 742 896 810 praemia
914 761 1074 806 magna
1094 754 1286 791 movent.

155 821 228 870 Tu
253 839 454 889 quoque,
481 820 520 870 si
543 820 596 870 de
620 832 662 870 te
687 831 808 869 totus
832 819 1112 870 contenderit
1135 819 1257 869 orbis
1272 857 1286 879 ‚

220 896 396 948 Nomen
417 897 472 947 ab
495 908 655 946 aeterna
676 897 936 964 posteritate
957 897 1082 947 feres

155 975 247 1045 Spe
266 974 401 1024 modo
423 992 518 1023 non
542 967 716 1033 timida,
741 973 826 1023 Dis
848 973 954 1023 hinc
974 993 1149 1037 egressa
1167 974 1392 1034 secundis,
1512 990 1577 1036 375

219 1053 359 1117 Exige
383 1071 483 1102 cum
504 1051 637 1120 plena
657 1071 841 1102 munera
862 1063 990 1120 pacta
1010 1051 1109 1101 fide.

195 1197 272 1245 37¹.
286 1198 361 1235 Nec
374 1199 487 1233 tamen
496 1198 652 1242 dedigner
654 1210 718 1242 pm
729 1200 829 1232 tanta

151 1262 279 1286 sunem
293 1252 414 1286 bellum
432 1250 591 1296 Conjuge.
615 1250 749 1285 Sumere
756 1249 830 1295 str-

151 1317 240 1346 um,
265 1304 466 1340 Puteaneus
483 1309 519 1338 et
539 1301 643 1337 multi
664 1302 720 1337 alii
736 1315 745 1338 ι
764 1315 831 1338 nec

152 1357 333 1404 vulgatum
346 1369 474 1392 sunem
490 1358 610 1392 bellum
622 1363 757 1392 temere
769 1363 831 1391 ta-

153 1422 239 1446 men
254 1409 508 1445 damnandum.
522 1409 640 1451 Silius,
663 1409 686 1444 l.
701 1420 730 1453 1,
747 1423 830 1456 272:

152 1465 279 1500 nen-que
287 1470 376 1492 mnu
388 1464 465 1496 viro,
475 1464 536 1490 beni
548 1465 655 1499 majoris
663 1473 763 1492 amom-

153 1513 294 1551 Trebel.
326 1514 414 1550 Pon.
441 1513 626 1550 Claudio·
632 1515 738 1550 Dum
760 1516 832 1550 ᾗσι·

150 1571 319 1614 aguntur,
342 1568 540 1615 palaja-ai
559 1571 678 1602 contm
693 1569 831 1614 Δόγμ-

153 1623 222 1655 {ios
239 1621 362 1655 bellum
375 1622 517 1654 sumunt.
549 1618 674 1654 Claud.
689 1618 747 1655 lib.
761 1629 828 1665 111,

153 1671 266 1709 Laud.
289 1671 367 1709 sta.
395 1673 482 1717 184:

251 1726 417 1761 Quantis-hio
426 1727 674 1762 proeflnwnuitl’m
683 1727 776 1755 sinaei!

195 1774 318 1812 ScriBe
331 1782 500 1823 preterea
512 1803 523 1822 ,
545 1779 619 1814 Nec
633 1782 745 1813 tamen
766 1781 829 1814 in-

151 1829 272 1875 digner
281 1840 294 1866 .-
304 1841 352 1866 ne
364 1828 528 1878 indigner
542 1842 607 1877 pro
621 1836 656 1867 te
671 1842 829 1878 pugnate

892 1197 974 1233 facit
988 1209 1143 1245 nomen,
1176 1197 1271 1245 quod
1286 1205 1467 1244 tamquam
1482 1211 1574 1245 prae-

894 1250 1008 1285 mium
1016 1263 1035 1285 a
1045 1250 1244 1296 posteritate
1254 1251 1425 1287 relaturus
1432 1252 1571 1287 sumn,

938 1303 1012 1350 374.
1036 1306 1167 1340 Nomen
1177 1305 1222 1338 ab
1239 1307 1364 1339 aelema
1372 1308 1574 1349 posteritate

886 1355 994 1400 seres.
1011 1355 1059 1391 Et
1070 1356 1149 1397 tulit
1159 1355 1321 1402 quidem;
1338 1355 1435 1392 unde
1446 1357 1573 1392 merito

895 1407 1022 1444 dicitur
1036 1409 1080 1444 ab
1095 1408 1212 1444 AEnea
1224 1436 1235 1454 ,
1253 1420 1303 1454 11,
1322 1409 1386 1456 573
1398 1422 1412 1445 ε

989 1483 1021 1492 ...
1030 1467 1118 1501 Trojoe
1128 1471 1154 1492 et
1167 1467 1256 1500 putria
1267 1468 1412 1493 communis
1421 1467 1535 1502 Erynnis
1547 1467 1554 1491 1

937 1515 1012 1562 375.
1046 1517 1111 1561 Spe
1137 1517 1235 1551 modo
1263 1528 1330 1551 non
1355 1517 1475 1550 umida
1507 1522 1570 1550 etc.

894 1568 1051 1604 Prosusis
1069 1568 1255 1612 omnibus,
1294 1579 1372 1614 quoe
1394 1568 1571 1604 Helenam

895 1633 965 1667 quo
979 1620 1195 1657 velletParis
1212 1619 1445 1665 adducerent,
1464 1633 1570 1666 argu-

893 1674 1022 1709 mentis
1038 1700 1049 1718 ,
1077 1672 1298 1717 hortaturrut
1320 1677 1431 1708 totam
1449 1685 1485 1708 se
1506 1672 1570 1718 ipsi

892 1725 1029 1770 credat;
1042 1733 1179 1761 metum
1190 1738 1335 1761 omnem
1344 1724 1492 1770 abjiciat,
1504 1737 1570 1759 nec

893 1779 1029 1815 dubitet
1043 1778 1212 1825 quidquid
1227 1777 1447 1825 promiserit,
1463 1778 1569 1823 plena

880 1833 957 1878 fide
972 1832 1014 1868 ab
1030 1844 1073 1868 eo
1085 1843 1277 1878 reposcere.
