<?xml version="1.0" encoding="UTF-8"?>
<!DOCTYPE html PUBLIC "-//W3C//DTD XHTML 1.0 Transitional//EN"
    "http://www.w3.org/TR/xhtml1/DTD/xhtml1-transitional.dtd">
<html xmlns="http://www.w3.org/1999/xhtml" xml:lang="en" lang="en">
 <head>
  <title>
</title>
<meta http-equiv="Content-Type" content="text/html;charset=utf-8" />
  <meta name='ocr-system' content='tesseract 3.04.00' />
  <meta name='ocr-capabilities' content='ocr_page ocr_carea ocr_par ocr_line ocrx_word'/>
</head>
<body>
  <div class='ocr_page' id='page_1' title='image "./quaeextantomniao01oviduoft_0251.png"; bbox 0 0 1884 3112; ppageno 0'>
   <div class='ocr_carea' id='block_1_1' title="bbox 574 239 1125 286">
    <p class='ocr_par' dir='ltr' id='par_1_1' title="bbox 574 239 1125 286">
     <span class='ocr_line' id='line_1_1' title="bbox 574 239 1125 286; baseline 0.002 -2"><span class='ocrx_word' id='word_1_1' title='bbox 574 239 815 286; x_wconf 89' lang='lat' dir='ltr'><strong>MEDEA</strong></span> <span class='ocrx_word' id='word_1_2' title='bbox 855 240 1125 286; x_wconf 81' lang='lat' dir='ltr'><strong>JASONL</strong></span> 
     </span>
    </p>
   </div>
   <div class='ocr_carea' id='block_1_2' title="bbox 1481 260 1569 305">
    <p class='ocr_par' dir='ltr' id='par_1_2' title="bbox 1481 260 1569 305">
     <span class='ocr_line' id='line_1_2' title="bbox 1481 260 1569 305; baseline -0.011 -17"><span class='ocrx_word' id='word_1_3' title='bbox 1481 260 1569 305; x_wconf 76' lang='lat'>219</span> 
     </span>
    </p>
   </div>
   <div class='ocr_carea' id='block_1_3' title="bbox 133 333 1566 1333">
    <p class='ocr_par' dir='ltr' id='par_1_3' title="bbox 133 333 1566 1333">
     <span class='ocr_line' id='line_1_3' title="bbox 136 333 1183 397; baseline -0.002 -13"><span class='ocrx_word' id='word_1_4' title='bbox 136 333 320 384; x_wconf 83' lang='lat' dir='ltr'>Dixerat</span> <span class='ocrx_word' id='word_1_5' title='bbox 341 333 492 383; x_wconf 86' lang='lat' dir='ltr'>AEetes</span> <span class='ocrx_word' id='word_1_6' title='bbox 510 352 521 382; x_wconf 91' lang='lat'><strong>:</strong></span> <span class='ocrx_word' id='word_1_7' title='bbox 540 333 681 383; x_wconf 83' lang='lat' dir='ltr'>maesti</span> <span class='ocrx_word' id='word_1_8' title='bbox 704 333 976 397; x_wconf 80' lang='lat' dir='ltr'><strong>consurgitis</strong></span> <span class='ocrx_word' id='word_1_9' title='bbox 1002 351 1183 392; x_wconf 89' lang='lat' dir='ltr'>omnes;</span> 
     </span>
     <span class='ocr_line' id='line_1_4' title="bbox 201 410 1184 479; baseline -0.002 -18"><span class='ocrx_word' id='word_1_10' title='bbox 201 412 448 478; x_wconf 77' lang='lat' dir='ltr'>Mensaque</span> <span class='ocrx_word' id='word_1_11' title='bbox 469 431 719 479; x_wconf 85' lang='lat' dir='ltr'>purpureos</span> <span class='ocrx_word' id='word_1_12' title='bbox 748 411 910 462; x_wconf 83' lang='lat' dir='ltr'>deserit</span> <span class='ocrx_word' id='word_1_13' title='bbox 933 410 1020 460; x_wconf 86' lang='lat' dir='ltr'>alta</span> <span class='ocrx_word' id='word_1_14' title='bbox 1045 422 1184 460; x_wconf 90' lang='lat' dir='ltr'>toros.</span> 
     </span>
     <span class='ocr_line' id='line_1_5' title="bbox 138 487 1295 554; baseline 0 -16"><span class='ocrx_word' id='word_1_15' title='bbox 138 488 289 554; x_wconf 80' lang='lat' dir='ltr'>Quam</span> <span class='ocrx_word' id='word_1_16' title='bbox 311 489 396 539; x_wconf 89' lang='lat' dir='ltr'>tibi</span> <span class='ocrx_word' id='word_1_17' title='bbox 415 509 535 541; x_wconf 88' lang='lat' dir='ltr'>nunc</span> <span class='ocrx_word' id='word_1_18' title='bbox 557 489 690 554; x_wconf 87' lang='lat' dir='ltr'>longe</span> <span class='ocrx_word' id='word_1_19' title='bbox 712 509 899 553; x_wconf 84' lang='lat' dir='ltr'>regnum</span> <span class='ocrx_word' id='word_1_20' title='bbox 921 487 1069 538; x_wconf 83' lang='lat' dir='ltr'>dotale</span> <span class='ocrx_word' id='word_1_21' title='bbox 1094 489 1295 549; x_wconf 83' lang='lat' dir='ltr'>Creusae,</span> 
     </span>
     <span class='ocr_line' id='line_1_6' title="bbox 202 567 1192 630; baseline -0.001 -15"><span class='ocrx_word' id='word_1_22' title='bbox 202 567 264 615; x_wconf 86' lang='lat' dir='ltr'>Et</span> <span class='ocrx_word' id='word_1_23' title='bbox 284 584 430 626; x_wconf 85' lang='lat' dir='ltr'>socer,</span> <span class='ocrx_word' id='word_1_24' title='bbox 455 578 501 616; x_wconf 90' lang='lat' dir='ltr'>et</span> <span class='ocrx_word' id='word_1_25' title='bbox 520 567 670 630; x_wconf 84' lang='lat' dir='ltr'>magni</span> <span class='ocrx_word' id='word_1_26' title='bbox 691 579 793 616; x_wconf 85' lang='lat' dir='ltr'>nata</span> <span class='ocrx_word' id='word_1_27' title='bbox 816 567 1024 616; x_wconf 85' lang='lat' dir='ltr'><strong>Creontis</strong></span> <span class='ocrx_word' id='word_1_28' title='bbox 1047 568 1192 615; x_wconf 87' lang='lat' dir='ltr'>erant!</span> 
     </span>
     <span class='ocr_line' id='line_1_7' title="bbox 139 642 1565 710; baseline 0.001 -19"><span class='ocrx_word' id='word_1_29' title='bbox 139 642 303 692; x_wconf 89' lang='lat' dir='ltr'>Tristis</span> <span class='ocrx_word' id='word_1_30' title='bbox 326 643 423 693; x_wconf 80' lang='lat' dir='ltr'>abis</span> <span class='ocrx_word' id='word_1_31' title='bbox 441 664 452 693; x_wconf 73' lang='grc' dir='ltr'><strong><em>ε</em></strong></span> <span class='ocrx_word' id='word_1_32' title='bbox 473 644 612 693; x_wconf 87' lang='lat' dir='ltr'>oculis</span> <span class='ocrx_word' id='word_1_33' title='bbox 637 645 873 694; x_wconf 88' lang='lat' dir='ltr'>abeuntem</span> <span class='ocrx_word' id='word_1_34' title='bbox 896 661 1146 710; x_wconf 87' lang='lat' dir='ltr'>prosequor</span> <span class='ocrx_word' id='word_1_35' title='bbox 1164 642 1266 690; x_wconf 86' lang='lat' dir='ltr'>udis</span> <span class='ocrx_word' id='word_1_36' title='bbox 1286 662 1296 690; x_wconf 74' lang='grc' dir='ltr'><strong><em>ε</em></strong></span> <span class='ocrx_word' id='word_1_37' title='bbox 1522 658 1565 692; x_wconf 79' lang='lat'>55</span> 
     </span>
     <span class='ocr_line' id='line_1_8' title="bbox 202 719 1132 785; baseline -0.001 -16"><span class='ocrx_word' id='word_1_38' title='bbox 202 722 264 770; x_wconf 88' lang='lat' dir='ltr'>Et</span> <span class='ocrx_word' id='word_1_39' title='bbox 285 720 399 770; x_wconf 80' lang='lat' dir='ltr'>dixit</span> <span class='ocrx_word' id='word_1_40' title='bbox 421 722 543 771; x_wconf 86' lang='lat' dir='ltr'>tenui</span> <span class='ocrx_word' id='word_1_41' title='bbox 566 740 789 771; x_wconf 85' lang='lat' dir='ltr'>murmure</span> <span class='ocrx_word' id='word_1_42' title='bbox 808 720 982 785; x_wconf 85' lang='lat' dir='ltr'>lingua,</span> <span class='ocrx_word' id='word_1_43' title='bbox 1009 719 1132 769; x_wconf 85' lang='lat' dir='ltr'>Vale.</span> 
     </span>
     <span class='ocr_line' id='line_1_9' title="bbox 136 797 1308 867; baseline -0.002 -19"><span class='ocrx_word' id='word_1_44' title='bbox 136 800 202 848; x_wconf 89' lang='lat' dir='ltr'>Ut</span> <span class='ocrx_word' id='word_1_45' title='bbox 223 799 421 867; x_wconf 86' lang='lat' dir='ltr'>positum</span> <span class='ocrx_word' id='word_1_46' title='bbox 445 800 571 864; x_wconf 80' lang='lat' dir='ltr'>tetigi</span> <span class='ocrx_word' id='word_1_47' title='bbox 597 799 791 849; x_wconf 85' lang='lat' dir='ltr'><strong>thalamo</strong></span> <span class='ocrx_word' id='word_1_48' title='bbox 815 798 928 848; x_wconf 88' lang='lat' dir='ltr'>male</span> <span class='ocrx_word' id='word_1_49' title='bbox 953 798 1101 856; x_wconf 87' lang='lat' dir='ltr'>saucia</span> <span class='ocrx_word' id='word_1_50' title='bbox 1124 797 1308 856; x_wconf 86' lang='lat' dir='ltr'>lectum;</span> 
     </span>
     <span class='ocr_line' id='line_1_10' title="bbox 199 875 1312 945; baseline -0.004 -18"><span class='ocrx_word' id='word_1_51' title='bbox 199 878 315 927; x_wconf 82' lang='lat' dir='ltr'>Acta</span> <span class='ocrx_word' id='word_1_52' title='bbox 334 889 405 933; x_wconf 84' lang='lat' dir='ltr'>est</span> <span class='ocrx_word' id='word_1_53' title='bbox 424 896 506 945; x_wconf 88' lang='lat' dir='ltr'>per</span> <span class='ocrx_word' id='word_1_54' title='bbox 528 877 729 927; x_wconf 84' lang='lat' dir='ltr'>lacrimas</span> <span class='ocrx_word' id='word_1_55' title='bbox 751 897 843 927; x_wconf 84' lang='lat' dir='ltr'>nox</span> <span class='ocrx_word' id='word_1_56' title='bbox 866 876 996 935; x_wconf 84' lang='lat' dir='ltr'>mihi,</span> <span class='ocrx_word' id='word_1_57' title='bbox 1024 888 1190 944; x_wconf 84' lang='lat' dir='ltr'>quanta</span> <span class='ocrx_word' id='word_1_58' title='bbox 1213 875 1312 925; x_wconf 87' lang='lat' dir='ltr'>fuit.</span> 
     </span>
     <span class='ocr_line' id='line_1_11' title="bbox 133 952 1381 1022; baseline -0.002 -18"><span class='ocrx_word' id='word_1_59' title='bbox 133 955 255 1004; x_wconf 80' lang='lat' dir='ltr'>Ante</span> <span class='ocrx_word' id='word_1_60' title='bbox 279 952 432 1004; x_wconf 88' lang='lat' dir='ltr'>oculos</span> <span class='ocrx_word' id='word_1_61' title='bbox 456 955 658 1022; x_wconf 85' lang='lat' dir='ltr'>taurique</span> <span class='ocrx_word' id='word_1_62' title='bbox 683 967 849 1014; x_wconf 84' lang='lat' dir='ltr'>truceS‚</span> <span class='ocrx_word' id='word_1_63' title='bbox 876 967 1135 1022; x_wconf 87' lang='lat' dir='ltr'>segetesque</span> <span class='ocrx_word' id='word_1_64' title='bbox 1159 952 1381 1012; x_wconf 73' lang='lat' dir='ltr'>nesandae;</span> 
     </span>
     <span class='ocr_line' id='line_1_12' title="bbox 198 1032 1566 1100; baseline -0.001 -18"><span class='ocrx_word' id='word_1_65' title='bbox 198 1034 318 1082; x_wconf 85' lang='lat' dir='ltr'>Ante</span> <span class='ocrx_word' id='word_1_66' title='bbox 340 1051 464 1082; x_wconf 88' lang='lat' dir='ltr'>meos</span> <span class='ocrx_word' id='word_1_67' title='bbox 486 1032 641 1083; x_wconf 87' lang='lat' dir='ltr'>oculos</span> <span class='ocrx_word' id='word_1_68' title='bbox 665 1033 854 1100; x_wconf 85' lang='lat' dir='ltr'>pervigil</span> <span class='ocrx_word' id='word_1_69' title='bbox 876 1033 1035 1096; x_wconf 85' lang='lat' dir='ltr'>anguis</span> <span class='ocrx_word' id='word_1_70' title='bbox 1059 1045 1164 1082; x_wconf 87' lang='lat' dir='ltr'>erat.</span> <span class='ocrx_word' id='word_1_71' title='bbox 1521 1049 1566 1081; x_wconf 81' lang='lat'>60</span> 
     </span>
     <span class='ocr_line' id='line_1_13' title="bbox 135 1109 1531 1178; baseline -0.002 -18"><span class='ocrx_word' id='word_1_72' title='bbox 135 1109 254 1161; x_wconf 84' lang='lat' dir='ltr'>Hinc</span> <span class='ocrx_word' id='word_1_73' title='bbox 277 1129 418 1170; x_wconf 87' lang='lat' dir='ltr'>amor,</span> <span class='ocrx_word' id='word_1_74' title='bbox 442 1110 549 1160; x_wconf 88' lang='lat' dir='ltr'>hinc</span> <span class='ocrx_word' id='word_1_75' title='bbox 574 1111 707 1162; x_wconf 87' lang='lat' dir='ltr'>timor</span> <span class='ocrx_word' id='word_1_76' title='bbox 730 1123 817 1169; x_wconf 90' lang='lat' dir='ltr'>est;</span> <span class='ocrx_word' id='word_1_77' title='bbox 840 1111 989 1178; x_wconf 88' lang='lat' dir='ltr'>ipsum</span> <span class='ocrx_word' id='word_1_78' title='bbox 1014 1111 1147 1159; x_wconf 87' lang='lat' dir='ltr'>timor</span> <span class='ocrx_word' id='word_1_79' title='bbox 1165 1122 1301 1173; x_wconf 83' lang='lat' dir='ltr'>auget</span> <span class='ocrx_word' id='word_1_80' title='bbox 1324 1129 1531 1158; x_wconf 84' lang='lat' dir='ltr'>amorem.</span> 
     </span>
     <span class='ocr_line' id='line_1_14' title="bbox 165 1187 1254 1253; baseline -0.002 -17"><span class='ocrx_word' id='word_1_81' title='bbox 165 1206 169 1209; x_wconf 89' lang='lat'>·</span> <span class='ocrx_word' id='word_1_82' title='bbox 198 1187 335 1236; x_wconf 86' lang='lat' dir='ltr'>Mane</span> <span class='ocrx_word' id='word_1_83' title='bbox 358 1199 473 1246; x_wconf 81' lang='lat' dir='ltr'>erat3</span> <span class='ocrx_word' id='word_1_84' title='bbox 498 1199 543 1237; x_wconf 90' lang='lat' dir='ltr'>et</span> <span class='ocrx_word' id='word_1_85' title='bbox 565 1188 760 1238; x_wconf 85' lang='lat' dir='ltr'><strong>thalamo</strong></span> <span class='ocrx_word' id='word_1_86' title='bbox 786 1207 882 1237; x_wconf 80' lang='lat' dir='ltr'>cara</span> <span class='ocrx_word' id='word_1_87' title='bbox 904 1199 1082 1253; x_wconf 85' lang='lat' dir='ltr'>recepta</span> <span class='ocrx_word' id='word_1_88' title='bbox 1105 1206 1254 1244; x_wconf 87' lang='lat' dir='ltr'>soror,</span> 
     </span>
     <span class='ocr_line' id='line_1_15' title="bbox 137 1264 1334 1333; baseline 0 -20"><span class='ocrx_word' id='word_1_89' title='bbox 137 1264 468 1333; x_wconf 87' lang='lat' dir='ltr'>Disjectamque</span> <span class='ocrx_word' id='word_1_90' title='bbox 492 1283 639 1315; x_wconf 89' lang='lat' dir='ltr'>comas</span> <span class='ocrx_word' id='word_1_91' title='bbox 653 1303 665 1325; x_wconf 90' lang='lat'>‚</span> <span class='ocrx_word' id='word_1_92' title='bbox 687 1285 924 1333; x_wconf 89' lang='lat' dir='ltr'>aversaque</span> <span class='ocrx_word' id='word_1_93' title='bbox 949 1266 999 1314; x_wconf 88' lang='lat' dir='ltr'>in</span> <span class='ocrx_word' id='word_1_94' title='bbox 1023 1285 1101 1315; x_wconf 90' lang='lat' dir='ltr'>ora</span> <span class='ocrx_word' id='word_1_95' title='bbox 1119 1266 1334 1331; x_wconf 88' lang='lat' dir='ltr'>jacentem</span> 
     </span>
    </p>
   </div>
   <div class='ocr_carea' id='block_1_4' title="bbox 126 1375 819 2838">
    <p class='ocr_par' dir='ltr' id='par_1_4' title="bbox 127 1375 819 2251">
     <span class='ocr_line' id='line_1_16' title="bbox 179 1375 814 1420; baseline 0.005 -11"><span class='ocrx_word' id='word_1_96' title='bbox 179 1376 233 1409; x_wconf 80' lang='lat'>52.</span> <span class='ocrx_word' id='word_1_97' title='bbox 251 1375 394 1410; x_wconf 78' lang='lat' dir='ltr'>Deserit</span> <span class='ocrx_word' id='word_1_98' title='bbox 407 1378 492 1410; x_wconf 82' lang='lat' dir='ltr'>alta.</span> <span class='ocrx_word' id='word_1_99' title='bbox 509 1375 645 1410; x_wconf 84' lang='lat' dir='ltr'>Durior</span> <span class='ocrx_word' id='word_1_100' title='bbox 664 1375 794 1412; x_wconf 85' lang='lat' dir='ltr'>locutio</span> <span class='ocrx_word' id='word_1_101' title='bbox 805 1403 814 1420; x_wconf 95' lang='lat'>‚</span> 
     </span>
     <span class='ocr_line' id='line_1_17' title="bbox 132 1426 816 1474; baseline 0.003 -12"><span class='ocrx_word' id='word_1_102' title='bbox 132 1433 174 1462; x_wconf 76' lang='lat' dir='ltr'>ut</span> <span class='ocrx_word' id='word_1_103' title='bbox 184 1438 306 1462; x_wconf 82' lang='lat' dir='ltr'>mensa</span> <span class='ocrx_word' id='word_1_104' title='bbox 320 1426 455 1463; x_wconf 83' lang='lat' dir='ltr'>dicatur</span> <span class='ocrx_word' id='word_1_105' title='bbox 466 1430 615 1463; x_wconf 65' lang='lat' dir='ltr'>deserere</span> <span class='ocrx_word' id='word_1_106' title='bbox 625 1432 724 1469; x_wconf 83' lang='lat' dir='ltr'>toros,</span> <span class='ocrx_word' id='word_1_107' title='bbox 739 1441 816 1474; x_wconf 80' lang='lat' dir='ltr'>quae</span> 
     </span>
     <span class='ocr_line' id='line_1_18' title="bbox 132 1479 819 1525; baseline 0.001 -11"><span class='ocrx_word' id='word_1_108' title='bbox 132 1486 338 1515; x_wconf 82' lang='lat' dir='ltr'>removetur</span> <span class='ocrx_word' id='word_1_109' title='bbox 355 1492 364 1515; x_wconf 68' lang='grc' dir='ltr'>ε</span> <span class='ocrx_word' id='word_1_110' title='bbox 387 1492 433 1514; x_wconf 82' lang='lat' dir='ltr'>an</span> <span class='ocrx_word' id='word_1_111' title='bbox 455 1479 590 1516; x_wconf 84' lang='lat' dir='ltr'>dictum</span> <span class='ocrx_word' id='word_1_112' title='bbox 601 1507 610 1525; x_wconf 93' lang='lat'><em>,</em></span> <span class='ocrx_word' id='word_1_113' title='bbox 633 1487 673 1515; x_wconf 85' lang='lat' dir='ltr'>ut</span> <span class='ocrx_word' id='word_1_114' title='bbox 694 1483 819 1516; x_wconf 82' lang='lat' dir='ltr'>desen&#39;t</span> 
     </span>
     <span class='ocr_line' id='line_1_19' title="bbox 131 1532 816 1579; baseline 0.001 -12"><span class='ocrx_word' id='word_1_115' title='bbox 131 1534 237 1568; x_wconf 73' lang='lat' dir='ltr'>&#39;basta</span> <span class='ocrx_word' id='word_1_116' title='bbox 261 1533 368 1568; x_wconf 60' lang='lat' dir='ltr'><em>vl‘n&#39;n</em></span> <span class='ocrx_word' id='word_1_117' title='bbox 379 1533 401 1568; x_wconf 62' lang='grc' dir='ltr'>,Ρ</span> <span class='ocrx_word' id='word_1_118' title='bbox 427 1532 516 1569; x_wconf 79' lang='lat' dir='ltr'>Stat.</span> <span class='ocrx_word' id='word_1_119' title='bbox 537 1544 561 1567; x_wconf 83' lang='lat' dir='ltr'>x</span> <span class='ocrx_word' id='word_1_120' title='bbox 570 1559 581 1577; x_wconf 86' lang='lat'>,</span> <span class='ocrx_word' id='word_1_121' title='bbox 607 1532 722 1568; x_wconf 87' lang='lat' dir='ltr'>Theb.</span> <span class='ocrx_word' id='word_1_122' title='bbox 742 1535 816 1579; x_wconf 78' lang='lat'><strong>742.</strong></span> 
     </span>
     <span class='ocr_line' id='line_1_20' title="bbox 133 1584 815 1628; baseline -0.001 -8"><span class='ocrx_word' id='word_1_123' title='bbox 133 1586 276 1621; x_wconf 76' lang='lat' dir='ltr'>Desinit</span> <span class='ocrx_word' id='word_1_124' title='bbox 287 1592 363 1620; x_wconf 81' lang='lat' dir='ltr'>erat</span> <span class='ocrx_word' id='word_1_125' title='bbox 381 1586 419 1620; x_wconf 84' lang='lat' dir='ltr'>in</span> <span class='ocrx_word' id='word_1_126' title='bbox 436 1585 570 1621; x_wconf 87' lang='lat' dir='ltr'>Moreti</span> <span class='ocrx_word' id='word_1_127' title='bbox 590 1585 727 1628; x_wconf 85' lang='lat' dir='ltr'>codice;</span> <span class='ocrx_word' id='word_1_128' title='bbox 753 1584 815 1621; x_wconf 90' lang='lat' dir='ltr'>sed</span> 
     </span>
     <span class='ocr_line' id='line_1_21' title="bbox 135 1634 815 1684; baseline -0.004 -9"><span class='ocrx_word' id='word_1_129' title='bbox 135 1634 254 1684; x_wconf 70' lang='lat' dir='ltr'>neque</span> <span class='ocrx_word' id='word_1_130' title='bbox 263 1636 332 1673; x_wconf 60' lang='lat' dir='ltr'>hoc</span> <span class='ocrx_word' id='word_1_131' title='bbox 340 1637 465 1684; x_wconf 77' lang='lat' dir='ltr'>placet3</span> <span class='ocrx_word' id='word_1_132' title='bbox 476 1649 593 1683; x_wconf 87' lang='lat' dir='ltr'>neque</span> <span class='ocrx_word' id='word_1_133' title='bbox 603 1638 710 1672; x_wconf 85' lang='lat' dir='ltr'>etiam</span> <span class='ocrx_word' id='word_1_134' title='bbox 720 1636 815 1684; x_wconf 86' lang='lat' dir='ltr'>quod</span> 
     </span>
     <span class='ocr_line' id='line_1_22' title="bbox 127 1685 815 1736; baseline -0.001 -11"><span class='ocrx_word' id='word_1_135' title='bbox 127 1692 248 1726; x_wconf 72' lang='lat' dir='ltr'>‘mensa</span> <span class='ocrx_word' id='word_1_136' title='bbox 260 1685 338 1725; x_wconf 65' lang='lat' dir='ltr'>alth</span> <span class='ocrx_word' id='word_1_137' title='bbox 348 1688 485 1725; x_wconf 82' lang='lat' dir='ltr'>dicatur</span> <span class='ocrx_word' id='word_1_138' title='bbox 494 1715 504 1734; x_wconf 93' lang='lat'>,</span> <span class='ocrx_word' id='word_1_139' title='bbox 519 1685 630 1736; x_wconf 79' lang='lat' dir='ltr'>qimm</span> <span class='ocrx_word' id='word_1_140' title='bbox 641 1703 745 1736; x_wconf 81' lang='lat' dir='ltr'>supra</span> <span class='ocrx_word' id='word_1_141' title='bbox 757 1696 815 1725; x_wconf 83' lang='lat' dir='ltr'>to-</span> 
     </span>
     <span class='ocr_line' id='line_1_23' title="bbox 128 1741 815 1781; baseline -0.004 -1"><span class='ocrx_word' id='word_1_142' title='bbox 128 1741 278 1781; x_wconf 54' lang='grc' dir='ltr'>Ϋόεὴσιι</span> <span class='ocrx_word' id='word_1_143' title='bbox 301 1741 458 1777; x_wconf 84' lang='lat' dir='ltr'>multum</span> <span class='ocrx_word' id='word_1_144' title='bbox 485 1741 643 1777; x_wconf 88' lang='lat' dir='ltr'>eminere</span> <span class='ocrx_word' id='word_1_145' title='bbox 661 1742 815 1778; x_wconf 84' lang='lat' dir='ltr'>solerent</span> 
     </span>
     <span class='ocr_line' id='line_1_24' title="bbox 129 1794 813 1841; baseline -0.001 -10"><span class='ocrx_word' id='word_1_146' title='bbox 129 1806 262 1831; x_wconf 66' lang='lat' dir='ltr'>mense</span> <span class='ocrx_word' id='word_1_147' title='bbox 273 1821 284 1839; x_wconf 87' lang='lat'>,</span> <span class='ocrx_word' id='word_1_148' title='bbox 301 1794 329 1830; x_wconf 84' lang='lat' dir='ltr'>si</span> <span class='ocrx_word' id='word_1_149' title='bbox 345 1806 420 1831; x_wconf 86' lang='lat' dir='ltr'>non</span> <span class='ocrx_word' id='word_1_150' title='bbox 436 1794 620 1830; x_wconf 75' lang='lat' dir='ltr'>inferiores</span> <span class='ocrx_word' id='word_1_151' title='bbox 642 1807 732 1841; x_wconf 80' lang='lat' dir='ltr'>saepe</span> <span class='ocrx_word' id='word_1_152' title='bbox 746 1821 756 1840; x_wconf 90' lang='lat'>‚</span> <span class='ocrx_word' id='word_1_153' title='bbox 777 1801 813 1830; x_wconf 91' lang='lat' dir='ltr'>et</span> 
     </span>
     <span class='ocr_line' id='line_1_25' title="bbox 128 1846 812 1890; baseline 0 -8"><span class='ocrx_word' id='word_1_154' title='bbox 128 1847 199 1883; x_wconf 72' lang='lat' dir='ltr'>tori</span> <span class='ocrx_word' id='word_1_155' title='bbox 213 1847 341 1882; x_wconf 82' lang='lat' dir='ltr'>rectius</span> <span class='ocrx_word' id='word_1_156' title='bbox 352 1849 423 1882; x_wconf 79' lang='lat' dir='ltr'>alti</span> <span class='ocrx_word' id='word_1_157' title='bbox 432 1846 612 1890; x_wconf 70' lang='lat' dir='ltr'>dicantur-3</span> <span class='ocrx_word' id='word_1_158' title='bbox 634 1847 729 1882; x_wconf 87' lang='lat' dir='ltr'>unde</span> <span class='ocrx_word' id='word_1_159' title='bbox 746 1860 812 1882; x_wconf 84' lang='lat' dir='ltr'>su-</span> 
     </span>
     <span class='ocr_line' id='line_1_26' title="bbox 129 1898 812 1946; baseline 0 -12"><span class='ocrx_word' id='word_1_160' title='bbox 129 1899 388 1945; x_wconf 70' lang='lat' dir='ltr'>blimemjaceoe</span> <span class='ocrx_word' id='word_1_161' title='bbox 397 1898 482 1934; x_wconf 78' lang='lat' dir='ltr'>dixit</span> <span class='ocrx_word' id='word_1_162' title='bbox 489 1900 579 1934; x_wconf 78' lang='lat' dir='ltr'>infra</span> <span class='ocrx_word' id='word_1_163' title='bbox 591 1912 600 1934; x_wconf 76' lang='grc' dir='ltr'>ι</span> <span class='ocrx_word' id='word_1_164' title='bbox 609 1899 716 1935; x_wconf 87' lang='lat' dir='ltr'>latere</span> <span class='ocrx_word' id='word_1_165' title='bbox 726 1907 812 1946; x_wconf 92' lang='lat' dir='ltr'>puto</span> 
     </span>
     <span class='ocr_line' id='line_1_27' title="bbox 130 1951 809 1995; baseline 0.001 -8"><span class='ocrx_word' id='word_1_166' title='bbox 130 1952 239 1987; x_wconf 84' lang='lat' dir='ltr'>ulcus.</span> <span class='ocrx_word' id='word_1_167' title='bbox 254 1951 386 1987; x_wconf 72' lang='lat' dir='ltr'>Bonu-</span> <span class='ocrx_word' id='word_1_168' title='bbox 404 1971 449 1978; x_wconf 91' lang='lat'><em>-</em></span> <span class='ocrx_word' id='word_1_169' title='bbox 462 1951 610 1988; x_wconf 87' lang='lat' dir='ltr'>Nullum</span> <span class='ocrx_word' id='word_1_170' title='bbox 626 1951 683 1987; x_wconf 86' lang='lat' dir='ltr'>hic</span> <span class='ocrx_word' id='word_1_171' title='bbox 697 1956 809 1995; x_wconf 86' lang='lat' dir='ltr'>ulcus,</span> 
     </span>
     <span class='ocr_line' id='line_1_28' title="bbox 129 2004 812 2050; baseline 0.001 -11"><span class='ocrx_word' id='word_1_172' title='bbox 129 2010 171 2039; x_wconf 87' lang='lat' dir='ltr'>ut</span> <span class='ocrx_word' id='word_1_173' title='bbox 186 2004 378 2050; x_wconf 85' lang='lat' dir='ltr'>suspicatur</span> <span class='ocrx_word' id='word_1_174' title='bbox 390 2005 443 2039; x_wconf 78' lang='lat' dir='ltr'>vir</span> <span class='ocrx_word' id='word_1_175' title='bbox 457 2004 726 2046; x_wconf 83' lang='lat' dir='ltr'>eruditissimus;</span> <span class='ocrx_word' id='word_1_176' title='bbox 745 2019 812 2040; x_wconf 91' lang='lat' dir='ltr'>nec</span> 
     </span>
     <span class='ocr_line' id='line_1_29' title="bbox 129 2055 807 2104; baseline 0.003 -14"><span class='ocrx_word' id='word_1_177' title='bbox 129 2055 233 2091; x_wconf 83' lang='lat' dir='ltr'>video</span> <span class='ocrx_word' id='word_1_178' title='bbox 240 2069 303 2092; x_wconf 87' lang='lat' dir='ltr'>cur</span> <span class='ocrx_word' id='word_1_179' title='bbox 311 2069 386 2092; x_wconf 87' lang='lat' dir='ltr'>non</span> <span class='ocrx_word' id='word_1_180' title='bbox 392 2057 527 2104; x_wconf 86' lang='lat' dir='ltr'>poetice</span> <span class='ocrx_word' id='word_1_181' title='bbox 539 2057 674 2092; x_wconf 88' lang='lat' dir='ltr'>dicatur</span> <span class='ocrx_word' id='word_1_182' title='bbox 680 2070 807 2099; x_wconf 83' lang='lat' dir='ltr'>mensa,</span> 
     </span>
     <span class='ocr_line' id='line_1_30' title="bbox 131 2112 811 2158; baseline 0.003 -14"><span class='ocrx_word' id='word_1_183' title='bbox 131 2121 242 2154; x_wconf 86' lang='lat' dir='ltr'>quum</span> <span class='ocrx_word' id='word_1_184' title='bbox 269 2117 472 2158; x_wconf 80' lang='lat' dir='ltr'>removetur</span> <span class='ocrx_word' id='word_1_185' title='bbox 489 2138 499 2154; x_wconf 92' lang='lat'><strong>‚</strong></span> <span class='ocrx_word' id='word_1_186' title='bbox 532 2115 623 2145; x_wconf 84' lang='lat' dir='ltr'>toms</span> <span class='ocrx_word' id='word_1_187' title='bbox 651 2112 811 2146; x_wconf 80' lang='lat' dir='ltr'>deserere.</span> 
     </span>
     <span class='ocr_line' id='line_1_31' title="bbox 131 2160 812 2208; baseline 0.004 -12"><span class='ocrx_word' id='word_1_188' title='bbox 131 2160 228 2196; x_wconf 87' lang='lat' dir='ltr'>Nihil</span> <span class='ocrx_word' id='word_1_189' title='bbox 237 2161 274 2197; x_wconf 90' lang='lat' dir='ltr'>in</span> <span class='ocrx_word' id='word_1_190' title='bbox 281 2161 347 2198; x_wconf 87' lang='lat' dir='ltr'>hae</span> <span class='ocrx_word' id='word_1_191' title='bbox 354 2162 531 2198; x_wconf 79' lang='lat' dir='ltr'>locutione</span> <span class='ocrx_word' id='word_1_192' title='bbox 542 2163 673 2199; x_wconf 83' lang='lat' dir='ltr'>«lurum</span> <span class='ocrx_word' id='word_1_193' title='bbox 686 2181 694 2208; x_wconf 77' lang='lat'>3</span> <span class='ocrx_word' id='word_1_194' title='bbox 713 2177 812 2199; x_wconf 91' lang='lat' dir='ltr'>men-</span> 
     </span>
     <span class='ocr_line' id='line_1_32' title="bbox 131 2209 539 2251; baseline 0.007 -3"><span class='ocrx_word' id='word_1_195' title='bbox 131 2209 258 2249; x_wconf 76' lang='lat' dir='ltr'>do&#39;sum</span> <span class='ocrx_word' id='word_1_196' title='bbox 271 2214 310 2249; x_wconf 86' lang='lat' dir='ltr'>in</span> <span class='ocrx_word' id='word_1_197' title='bbox 325 2227 427 2251; x_wconf 75' lang='lat' dir='ltr'>versu</span> <span class='ocrx_word' id='word_1_198' title='bbox 441 2215 539 2251; x_wconf 80' lang='lat' dir='ltr'>nihil.</span> 
     </span>
    </p>

    <p class='ocr_par' dir='ltr' id='par_1_5' title="bbox 127 2267 812 2418">
     <span class='ocr_line' id='line_1_33' title="bbox 175 2267 812 2312; baseline 0.006 -11"><span class='ocrx_word' id='word_1_199' title='bbox 175 2267 229 2302; x_wconf 83' lang='lat'>53.</span> <span class='ocrx_word' id='word_1_200' title='bbox 241 2268 393 2312; x_wconf 67' lang='lat' dir='ltr'>Regnum</span> <span class='ocrx_word' id='word_1_201' title='bbox 406 2269 520 2303; x_wconf 79' lang='lat' dir='ltr'>dotale</span> <span class='ocrx_word' id='word_1_202' title='bbox 534 2271 673 2304; x_wconf 78' lang='lat' dir='ltr'>Creusoe.</span> <span class='ocrx_word' id='word_1_203' title='bbox 687 2269 812 2305; x_wconf 89' lang='lat' dir='ltr'>Corin-</span> 
     </span>
     <span class='ocr_line' id='line_1_34' title="bbox 129 2318 811 2366; baseline 0.006 -13"><span class='ocrx_word' id='word_1_204' title='bbox 129 2318 233 2354; x_wconf 84' lang='lat' dir='ltr'>thum</span> <span class='ocrx_word' id='word_1_205' title='bbox 249 2319 428 2366; x_wconf 79' lang='lat' dir='ltr'>intelligas.</span> <span class='ocrx_word' id='word_1_206' title='bbox 440 2338 484 2348; x_wconf 90' lang='lat'>·-</span> <span class='ocrx_word' id='word_1_207' title='bbox 498 2323 637 2357; x_wconf 76' lang='lat' dir='ltr'>Cmusae.</span> <span class='ocrx_word' id='word_1_208' title='bbox 657 2324 811 2358; x_wconf 82' lang='lat' dir='ltr'>Glaucen</span> 
     </span>
     <span class='ocr_line' id='line_1_35' title="bbox 127 2372 810 2418; baseline 0.007 -12"><span class='ocrx_word' id='word_1_209' title='bbox 127 2378 254 2407; x_wconf 80' lang='lat' dir='ltr'>vocant</span> <span class='ocrx_word' id='word_1_210' title='bbox 268 2372 502 2418; x_wconf 82' lang='lat' dir='ltr'>Apollodorus</span> <span class='ocrx_word' id='word_1_211' title='bbox 515 2382 550 2409; x_wconf 84' lang='lat' dir='ltr'>et</span> <span class='ocrx_word' id='word_1_212' title='bbox 562 2375 753 2411; x_wconf 76' lang='lat' dir='ltr'>Diodorus.</span> <span class='ocrx_word' id='word_1_213' title='bbox 768 2375 810 2412; x_wconf 92' lang='lat' dir='ltr'>C.</span> 
     </span>
    </p>

    <p class='ocr_par' dir='ltr' id='par_1_6' title="bbox 126 2425 811 2838">
     <span class='ocr_line' id='line_1_36' title="bbox 171 2425 810 2471; baseline 0.006 -11"><span class='ocrx_word' id='word_1_214' title='bbox 171 2426 212 2468; x_wconf 80' lang='lat'>57</span> <span class='ocrx_word' id='word_1_215' title='bbox 218 2451 226 2458; x_wconf 94' lang='lat'><em>.</em></span> <span class='ocrx_word' id='word_1_216' title='bbox 243 2425 293 2459; x_wconf 82' lang='lat' dir='ltr'>Ut</span> <span class='ocrx_word' id='word_1_217' title='bbox 297 2428 447 2470; x_wconf 74' lang='lat' dir='ltr'>positum</span> <span class='ocrx_word' id='word_1_218' title='bbox 458 2429 557 2471; x_wconf 73' lang='lat' dir='ltr'>tetigi</span> <span class='ocrx_word' id='word_1_219' title='bbox 564 2429 713 2463; x_wconf 77' lang='lat' dir='ltr'>thalamo</span> <span class='ocrx_word' id='word_1_220' title='bbox 723 2432 810 2464; x_wconf 83' lang='lat' dir='ltr'>male</span> 
     </span>
     <span class='ocr_line' id='line_1_37' title="bbox 126 2478 809 2516; baseline 0.007 -5"><span class='ocrx_word' id='word_1_221' title='bbox 126 2481 247 2512; x_wconf 81' lang='lat' dir='ltr'>saucia</span> <span class='ocrx_word' id='word_1_222' title='bbox 254 2479 377 2513; x_wconf 77' lang='lat' dir='ltr'>lectum</span> <span class='ocrx_word' id='word_1_223' title='bbox 389 2485 453 2514; x_wconf 87' lang='lat' dir='ltr'>etc.</span> <span class='ocrx_word' id='word_1_224' title='bbox 463 2478 635 2515; x_wconf 86' lang='lat' dir='ltr'>Desumta</span> <span class='ocrx_word' id='word_1_225' title='bbox 650 2480 723 2516; x_wconf 86' lang='lat' dir='ltr'>haec</span> <span class='ocrx_word' id='word_1_226' title='bbox 735 2494 809 2516; x_wconf 88' lang='lat' dir='ltr'>om-</span> 
     </span>
     <span class='ocr_line' id='line_1_38' title="bbox 128 2530 810 2579; baseline 0.004 -14"><span class='ocrx_word' id='word_1_227' title='bbox 128 2530 188 2565; x_wconf 85' lang='lat' dir='ltr'>nia</span> <span class='ocrx_word' id='word_1_228' title='bbox 197 2542 238 2566; x_wconf 89' lang='lat' dir='ltr'>ex</span> <span class='ocrx_word' id='word_1_229' title='bbox 250 2530 413 2577; x_wconf 84' lang='lat' dir='ltr'>Apollon.</span> <span class='ocrx_word' id='word_1_230' title='bbox 430 2542 496 2574; x_wconf 86' lang='lat'>111,</span> <span class='ocrx_word' id='word_1_231' title='bbox 510 2532 575 2579; x_wconf 80' lang='grc'>673</span> <span class='ocrx_word' id='word_1_232' title='bbox 589 2539 624 2567; x_wconf 86' lang='lat' dir='ltr'>et</span> <span class='ocrx_word' id='word_1_233' title='bbox 634 2546 707 2579; x_wconf 85' lang='lat' dir='ltr'>sqq.</span> <span class='ocrx_word' id='word_1_234' title='bbox 734 2533 810 2579; x_wconf 85' lang='lat' dir='ltr'>Qui</span> 
     </span>
     <span class='ocr_line' id='line_1_39' title="bbox 127 2582 809 2631; baseline 0.006 -14"><span class='ocrx_word' id='word_1_235' title='bbox 127 2582 271 2628; x_wconf 82' lang='lat' dir='ltr'>quidem</span> <span class='ocrx_word' id='word_1_236' title='bbox 294 2583 390 2619; x_wconf 91' lang='lat' dir='ltr'>locus</span> <span class='ocrx_word' id='word_1_237' title='bbox 417 2585 675 2631; x_wconf 63' lang='lat' dir='ltr'>praeclarissime</span> <span class='ocrx_word' id='word_1_238' title='bbox 701 2599 809 2621; x_wconf 87' lang='lat' dir='ltr'>exor—</span> 
     </span>
     <span class='ocr_line' id='line_1_40' title="bbox 129 2637 811 2684; baseline 0.007 -14"><span class='ocrx_word' id='word_1_239' title='bbox 129 2642 233 2671; x_wconf 82' lang='lat' dir='ltr'>natus</span> <span class='ocrx_word' id='word_1_240' title='bbox 246 2662 256 2681; x_wconf 95' lang='lat'>,</span> <span class='ocrx_word' id='word_1_241' title='bbox 281 2649 348 2671; x_wconf 87' lang='lat' dir='ltr'>nec</span> <span class='ocrx_word' id='word_1_242' title='bbox 364 2637 427 2683; x_wconf 87' lang='lat' dir='ltr'>ipsi</span> <span class='ocrx_word' id='word_1_243' title='bbox 443 2638 590 2684; x_wconf 81' lang='lat' dir='ltr'>Virgilio</span> <span class='ocrx_word' id='word_1_244' title='bbox 609 2639 699 2675; x_wconf 81' lang='lat' dir='ltr'>visus</span> <span class='ocrx_word' id='word_1_245' title='bbox 716 2639 811 2675; x_wconf 88' lang='lat' dir='ltr'>indi&#39;-</span> 
     </span>
     <span class='ocr_line' id='line_1_41' title="bbox 129 2690 808 2735; baseline 0.007 -14"><span class='ocrx_word' id='word_1_246' title='bbox 129 2699 218 2732; x_wconf 83' lang='lat' dir='ltr'>gnus</span> <span class='ocrx_word' id='word_1_247' title='bbox 231 2714 240 2732; x_wconf 96' lang='lat'>,</span> <span class='ocrx_word' id='word_1_248' title='bbox 267 2701 308 2723; x_wconf 86' lang='lat' dir='ltr'>ex</span> <span class='ocrx_word' id='word_1_249' title='bbox 337 2702 407 2734; x_wconf 91' lang='lat' dir='ltr'>quo</span> <span class='ocrx_word' id='word_1_250' title='bbox 440 2690 540 2735; x_wconf 87' lang='lat' dir='ltr'>plura</span> <span class='ocrx_word' id='word_1_251' title='bbox 564 2690 601 2724; x_wconf 90' lang='lat' dir='ltr'>in</span> <span class='ocrx_word' id='word_1_252' title='bbox 627 2690 808 2727; x_wconf 83' lang='lat' dir='ltr'>Didonem</span> 
     </span>
     <span class='ocr_line' id='line_1_42' title="bbox 128 2741 809 2791; baseline 0.006 -17"><span class='ocrx_word' id='word_1_253' title='bbox 128 2752 228 2791; x_wconf 71' lang='lat' dir='ltr'>suam</span> <span class='ocrx_word' id='word_1_254' title='bbox 238 2742 452 2776; x_wconf 79' lang='lat' dir='ltr'>transferret.</span> <span class='ocrx_word' id='word_1_255' title='bbox 463 2741 577 2778; x_wconf 83' lang='lat' dir='ltr'>Adeas</span> <span class='ocrx_word' id='word_1_256' title='bbox 587 2755 726 2790; x_wconf 88' lang='lat' dir='ltr'>quoque</span> <span class='ocrx_word' id='word_1_257' title='bbox 740 2745 809 2778; x_wconf 88' lang='lat' dir='ltr'>Va-</span> 
     </span>
     <span class='ocr_line' id='line_1_43' title="bbox 128 2790 809 2838; baseline 0.009 -12"><span class='ocrx_word' id='word_1_258' title='bbox 128 2790 270 2836; x_wconf 84' lang='lat' dir='ltr'>lerium,</span> <span class='ocrx_word' id='word_1_259' title='bbox 280 2805 349 2838; x_wconf 86' lang='lat' dir='ltr'>vn,</span> <span class='ocrx_word' id='word_1_260' title='bbox 366 2795 438 2829; x_wconf 85' lang='lat'>103.</span> <span class='ocrx_word' id='word_1_261' title='bbox 451 2795 526 2831; x_wconf 88' lang='lat' dir='ltr'>Nec</span> <span class='ocrx_word' id='word_1_262' title='bbox 537 2795 721 2832; x_wconf 86' lang='lat' dir='ltr'>mediocris</span> <span class='ocrx_word' id='word_1_263' title='bbox 737 2797 809 2832; x_wconf 85' lang='lat' dir='ltr'>uti-</span> 
     </span>
    </p>
   </div>
   <div class='ocr_carea' id='block_1_5' title="bbox 877 1374 1568 1841">
    <p class='ocr_par' dir='ltr' id='par_1_7' title="bbox 880 1374 1567 1517">
     <span class='ocr_line' id='line_1_44' title="bbox 882 1374 1565 1421; baseline -0.001 -10"><span class='ocrx_word' id='word_1_264' title='bbox 882 1376 958 1411; x_wconf 86' lang='lat' dir='ltr'>litas</span> <span class='ocrx_word' id='word_1_265' title='bbox 973 1375 1189 1421; x_wconf 70' lang='lat' dir='ltr'>voluptatem</span> <span class='ocrx_word' id='word_1_266' title='bbox 1204 1375 1260 1411; x_wconf 89' lang='lat' dir='ltr'>hic</span> <span class='ocrx_word' id='word_1_267' title='bbox 1279 1374 1541 1411; x_wconf 86' lang='lat' dir='ltr'>commendabit</span> <span class='ocrx_word' id='word_1_268' title='bbox 1555 1402 1565 1420; x_wconf 91' lang='lat'><em>‚</em></span> 
     </span>
     <span class='ocr_line' id='line_1_45' title="bbox 881 1427 1567 1474; baseline 0 -12"><span class='ocrx_word' id='word_1_269' title='bbox 881 1441 959 1473; x_wconf 82' lang='lat' dir='ltr'>quae</span> <span class='ocrx_word' id='word_1_270' title='bbox 979 1441 1020 1462; x_wconf 84' lang='lat' dir='ltr'>ex</span> <span class='ocrx_word' id='word_1_271' title='bbox 1037 1434 1194 1463; x_wconf 84' lang='lat' dir='ltr'>accurata</span> <span class='ocrx_word' id='word_1_272' title='bbox 1215 1435 1396 1462; x_wconf 85' lang='lat' dir='ltr'>tantorum</span> <span class='ocrx_word' id='word_1_273' title='bbox 1413 1427 1567 1474; x_wconf 85' lang='lat' dir='ltr'>scripto—</span> 
     </span>
     <span class='ocr_line' id='line_1_46' title="bbox 880 1479 1566 1517; baseline 0 -3"><span class='ocrx_word' id='word_1_274' title='bbox 880 1493 962 1514; x_wconf 88' lang='lat' dir='ltr'>rum</span> <span class='ocrx_word' id='word_1_275' title='bbox 970 1479 1154 1517; x_wconf 89' lang='lat' dir='ltr'>collatione</span> <span class='ocrx_word' id='word_1_276' title='bbox 1164 1487 1347 1515; x_wconf 86' lang='lat' dir='ltr'>enascatur</span> <span class='ocrx_word' id='word_1_277' title='bbox 1353 1493 1494 1515; x_wconf 88' lang='lat' dir='ltr'>necesse</span> <span class='ocrx_word' id='word_1_278' title='bbox 1505 1487 1566 1515; x_wconf 84' lang='lat' dir='ltr'>est.</span> 
     </span>
    </p>

    <p class='ocr_par' dir='ltr' id='par_1_8' title="bbox 877 1532 1568 1841">
     <span class='ocr_line' id='line_1_47' title="bbox 925 1532 1568 1576; baseline -0.002 -9"><span class='ocrx_word' id='word_1_279' title='bbox 925 1532 978 1567; x_wconf 89' lang='grc'>58.</span> <span class='ocrx_word' id='word_1_280' title='bbox 996 1532 1092 1567; x_wconf 85' lang='lat' dir='ltr'>Acta</span> <span class='ocrx_word' id='word_1_281' title='bbox 1111 1535 1168 1566; x_wconf 75' lang='lat' dir='ltr'>est</span> <span class='ocrx_word' id='word_1_282' title='bbox 1180 1544 1247 1576; x_wconf 81' lang='lat' dir='ltr'>per</span> <span class='ocrx_word' id='word_1_283' title='bbox 1259 1534 1429 1567; x_wconf 82' lang='lat' dir='ltr'>Iacn’mas.</span> <span class='ocrx_word' id='word_1_284' title='bbox 1450 1534 1493 1567; x_wconf 84' lang='lat' dir='ltr'>In</span> <span class='ocrx_word' id='word_1_285' title='bbox 1511 1534 1568 1566; x_wconf 67' lang='lat' dir='ltr'>Ia-</span> 
     </span>
     <span class='ocr_line' id='line_1_48' title="bbox 879 1583 1567 1630; baseline -0.001 -10"><span class='ocrx_word' id='word_1_286' title='bbox 879 1587 992 1620; x_wconf 84' lang='lat' dir='ltr'>crirm&#39;s</span> <span class='ocrx_word' id='word_1_287' title='bbox 1007 1583 1236 1627; x_wconf 87' lang='lat' dir='ltr'>Basileensis;</span> <span class='ocrx_word' id='word_1_288' title='bbox 1258 1591 1407 1619; x_wconf 87' lang='lat' dir='ltr'>venuste</span> <span class='ocrx_word' id='word_1_289' title='bbox 1422 1597 1430 1619; x_wconf 75' lang='grc' dir='ltr'><strong><em>ε</em></strong></span> <span class='ocrx_word' id='word_1_290' title='bbox 1448 1584 1567 1630; x_wconf 87' lang='lat' dir='ltr'>proxi-</span> 
     </span>
     <span class='ocr_line' id='line_1_49' title="bbox 879 1639 1566 1682; baseline -0.001 -10"><span class='ocrx_word' id='word_1_291' title='bbox 879 1650 940 1672; x_wconf 88' lang='lat' dir='ltr'>mo</span> <span class='ocrx_word' id='word_1_292' title='bbox 957 1643 1076 1672; x_wconf 87' lang='lat' dir='ltr'>autem</span> <span class='ocrx_word' id='word_1_293' title='bbox 1091 1649 1194 1672; x_wconf 89' lang='lat' dir='ltr'>versu</span> <span class='ocrx_word' id='word_1_294' title='bbox 1206 1663 1216 1682; x_wconf 90' lang='lat'>,</span> <span class='ocrx_word' id='word_1_295' title='bbox 1242 1641 1324 1672; x_wconf 75' lang='lat' dir='ltr'>ante</span> <span class='ocrx_word' id='word_1_296' title='bbox 1343 1639 1460 1671; x_wconf 88' lang='lat' dir='ltr'>oculos</span> <span class='ocrx_word' id='word_1_297' title='bbox 1485 1641 1566 1671; x_wconf 83' lang='lat' dir='ltr'>lau-</span> 
     </span>
     <span class='ocr_line' id='line_1_50' title="bbox 878 1689 1566 1736; baseline -0.001 -11"><span class='ocrx_word' id='word_1_298' title='bbox 878 1694 968 1736; x_wconf 79' lang='lat' dir='ltr'>rique</span> <span class='ocrx_word' id='word_1_299' title='bbox 979 1694 1090 1726; x_wconf 79' lang='lat' dir='ltr'>truces</span> <span class='ocrx_word' id='word_1_300' title='bbox 1100 1702 1112 1734; x_wconf 92' lang='lat'>‚·</span> <span class='ocrx_word' id='word_1_301' title='bbox 1129 1689 1201 1724; x_wconf 83' lang='lat' dir='ltr'>duo</span> <span class='ocrx_word' id='word_1_302' title='bbox 1211 1689 1378 1733; x_wconf 89' lang='lat' dir='ltr'>Medicei,</span> <span class='ocrx_word' id='word_1_303' title='bbox 1392 1693 1474 1724; x_wconf 80' lang='lat' dir='ltr'>ante</span> <span class='ocrx_word' id='word_1_304' title='bbox 1484 1702 1566 1724; x_wconf 87' lang='lat' dir='ltr'>ocu-</span> 
     </span>
     <span class='ocr_line' id='line_1_51' title="bbox 877 1742 1565 1788; baseline -0.003 -11"><span class='ocrx_word' id='word_1_305' title='bbox 877 1745 931 1777; x_wconf 86' lang='lat' dir='ltr'>los</span> <span class='ocrx_word' id='word_1_306' title='bbox 948 1746 1099 1788; x_wconf 67' lang='lat' dir='ltr'>taurique</span> <span class='ocrx_word' id='word_1_307' title='bbox 1115 1755 1216 1778; x_wconf 85' lang='lat' dir='ltr'>meos.</span> <span class='ocrx_word' id='word_1_308' title='bbox 1234 1742 1367 1778; x_wconf 74' lang='lat' dir='ltr'>Hnms.</span> <span class='ocrx_word' id='word_1_309' title='bbox 1390 1742 1513 1777; x_wconf 87' lang='lat' dir='ltr'>Posset</span> <span class='ocrx_word' id='word_1_310' title='bbox 1529 1749 1565 1776; x_wconf 85' lang='lat' dir='ltr'>et</span> 
     </span>
     <span class='ocr_line' id='line_1_52' title="bbox 877 1795 1563 1841; baseline -0.001 -11"><span class='ocrx_word' id='word_1_311' title='bbox 877 1795 958 1841; x_wconf 84' lang='lat' dir='ltr'>legi,</span> <span class='ocrx_word' id='word_1_312' title='bbox 968 1800 1052 1830; x_wconf 76' lang='lat' dir='ltr'>acta</span> <span class='ocrx_word' id='word_1_313' title='bbox 1060 1799 1152 1830; x_wconf 76' lang='lat' dir='ltr'>inter</span> <span class='ocrx_word' id='word_1_314' title='bbox 1162 1798 1337 1838; x_wconf 80' lang='lat' dir='ltr'>lacn&#39;mas;</span> <span class='ocrx_word' id='word_1_315' title='bbox 1351 1802 1390 1830; x_wconf 88' lang='lat' dir='ltr'>ut</span> <span class='ocrx_word' id='word_1_316' title='bbox 1400 1795 1498 1841; x_wconf 83' lang='lat' dir='ltr'>Virg.</span> <span class='ocrx_word' id='word_1_317' title='bbox 1508 1805 1563 1838; x_wconf 78' lang='lat' dir='ltr'>VI,</span> 
     </span>
    </p>
   </div>
   <div class='ocr_carea' id='block_1_6' title="bbox 882 1847 1128 1883">
    <p class='ocr_par' dir='ltr' id='par_1_9' title="bbox 882 1847 1128 1883">
     <span class='ocr_line' id='line_1_53' title="bbox 882 1847 1128 1883; baseline 0.004 -1"><span class='ocrx_word' id='word_1_318' title='bbox 882 1847 1024 1882; x_wconf 86' lang='lat' dir='ltr'>AEneid.</span> <span class='ocrx_word' id='word_1_319' title='bbox 1045 1848 1128 1883; x_wconf 83' lang='lat'>513:</span> 
     </span>
    </p>
   </div>
   <div class='ocr_carea' id='block_1_7' title="bbox 874 1908 1566 2422">
    <p class='ocr_par' dir='ltr' id='par_1_10' title="bbox 877 1908 1566 1990">
     <span class='ocr_line' id='line_1_54' title="bbox 877 1908 1566 1942; baseline 0.001 -9"><span class='ocrx_word' id='word_1_320' title='bbox 877 1908 1000 1942; x_wconf 73' lang='lat' dir='ltr'>Namque</span> <span class='ocrx_word' id='word_1_321' title='bbox 1012 1914 1040 1934; x_wconf 90' lang='lat' dir='ltr'>ut</span> <span class='ocrx_word' id='word_1_322' title='bbox 1052 1917 1199 1942; x_wconf 78' lang='lat' dir='ltr'>supremam</span> <span class='ocrx_word' id='word_1_323' title='bbox 1208 1909 1274 1934; x_wconf 77' lang='lat' dir='ltr'>falsa</span> <span class='ocrx_word' id='word_1_324' title='bbox 1282 1909 1352 1935; x_wconf 76' lang='lat' dir='ltr'>inter</span> <span class='ocrx_word' id='word_1_325' title='bbox 1362 1909 1455 1941; x_wconf 76' lang='lat' dir='ltr'>gaudia</span> <span class='ocrx_word' id='word_1_326' title='bbox 1464 1914 1566 1934; x_wconf 74' lang='lat' dir='ltr'>noctem</span> 
     </span>
     <span class='ocr_line' id='line_1_55' title="bbox 877 1957 1516 1990; baseline 0.003 -9"><span class='ocrx_word' id='word_1_327' title='bbox 877 1958 1015 1990; x_wconf 77' lang='lat' dir='ltr'>Egerimus</span> <span class='ocrx_word' id='word_1_328' title='bbox 1027 1977 1035 1989; x_wconf 90' lang='lat'><strong><em>‚</em></strong></span> <span class='ocrx_word' id='word_1_329' title='bbox 1049 1957 1131 1983; x_wconf 81' lang='lat' dir='ltr'>nosti.</span> <span class='ocrx_word' id='word_1_330' title='bbox 1416 1958 1516 1983; x_wconf 69' lang='lat' dir='ltr'>Btmx.</span> 
     </span>
    </p>

    <p class='ocr_par' dir='ltr' id='par_1_11' title="bbox 874 2007 1566 2422">
     <span class='ocr_line' id='line_1_56' title="bbox 920 2007 1566 2052; baseline 0 -11"><span class='ocrx_word' id='word_1_331' title='bbox 920 2007 975 2041; x_wconf 81' lang='lat'>62.</span> <span class='ocrx_word' id='word_1_332' title='bbox 1008 2009 1173 2042; x_wconf 77' lang='lat' dir='ltr'>Thalama</span> <span class='ocrx_word' id='word_1_333' title='bbox 1196 2020 1280 2042; x_wconf 84' lang='lat' dir='ltr'>cara</span> <span class='ocrx_word' id='word_1_334' title='bbox 1304 2011 1443 2052; x_wconf 78' lang='lat' dir='ltr'>recepta</span> <span class='ocrx_word' id='word_1_335' title='bbox 1464 2019 1566 2042; x_wconf 79' lang='lat' dir='ltr'>somr.</span> 
     </span>
     <span class='ocr_line' id='line_1_57' title="bbox 880 2059 1566 2105; baseline 0.001 -11"><span class='ocrx_word' id='word_1_336' title='bbox 880 2059 1082 2105; x_wconf 86' lang='lat' dir='ltr'>Chalciope,</span> <span class='ocrx_word' id='word_1_337' title='bbox 1102 2072 1182 2105; x_wconf 85' lang='lat' dir='ltr'>quae</span> <span class='ocrx_word' id='word_1_338' title='bbox 1194 2060 1373 2095; x_wconf 80' lang='lat' dir='ltr'>furentem</span> <span class='ocrx_word' id='word_1_339' title='bbox 1390 2060 1463 2105; x_wconf 79' lang='lat' dir='ltr'>jam</span> <span class='ocrx_word' id='word_1_340' title='bbox 1481 2060 1566 2095; x_wconf 87' lang='lat' dir='ltr'>Me-</span> 
     </span>
     <span class='ocr_line' id='line_1_58' title="bbox 877 2112 1562 2159; baseline 0 -12"><span class='ocrx_word' id='word_1_341' title='bbox 877 2112 981 2147; x_wconf 88' lang='lat' dir='ltr'>deam</span> <span class='ocrx_word' id='word_1_342' title='bbox 993 2125 1165 2157; x_wconf 89' lang='lat' dir='ltr'>sororem,</span> <span class='ocrx_word' id='word_1_343' title='bbox 1175 2113 1334 2159; x_wconf 83' lang='lat' dir='ltr'>precibus</span> <span class='ocrx_word' id='word_1_344' title='bbox 1344 2113 1562 2158; x_wconf 86' lang='lat' dir='ltr'>consiliisque</span> 
     </span>
     <span class='ocr_line' id='line_1_59' title="bbox 877 2165 1563 2211; baseline -0.001 -11"><span class='ocrx_word' id='word_1_345' title='bbox 877 2165 1021 2200; x_wconf 79' lang='lat' dir='ltr'>adduxit</span> <span class='ocrx_word' id='word_1_346' title='bbox 1031 2192 1041 2209; x_wconf 87' lang='lat'>‚</span> <span class='ocrx_word' id='word_1_347' title='bbox 1058 2172 1099 2200; x_wconf 88' lang='lat' dir='ltr'>ut</span> <span class='ocrx_word' id='word_1_348' title='bbox 1115 2178 1181 2211; x_wconf 89' lang='lat' dir='ltr'>ope</span> <span class='ocrx_word' id='word_1_349' title='bbox 1195 2178 1256 2201; x_wconf 90' lang='lat' dir='ltr'>sua</span> <span class='ocrx_word' id='word_1_350' title='bbox 1272 2166 1442 2201; x_wconf 87' lang='lat' dir='ltr'>Jasonem</span> <span class='ocrx_word' id='word_1_351' title='bbox 1454 2166 1563 2211; x_wconf 77' lang='lat' dir='ltr'>juva-</span> 
     </span>
     <span class='ocr_line' id='line_1_60' title="bbox 876 2218 1562 2265; baseline 0 -12"><span class='ocrx_word' id='word_1_352' title='bbox 876 2226 941 2253; x_wconf 86' lang='lat' dir='ltr'>ret.</span> <span class='ocrx_word' id='word_1_353' title='bbox 955 2218 1120 2264; x_wconf 80' lang='lat' dir='ltr'>Aponon.</span> <span class='ocrx_word' id='word_1_354' title='bbox 1131 2229 1191 2263; x_wconf 86' lang='lat'>111,</span> <span class='ocrx_word' id='word_1_355' title='bbox 1207 2232 1279 2265; x_wconf 90' lang='lat'>717.</span> <span class='ocrx_word' id='word_1_356' title='bbox 1298 2218 1392 2254; x_wconf 89' lang='lat' dir='ltr'>Illius</span> <span class='ocrx_word' id='word_1_357' title='bbox 1410 2220 1562 2254; x_wconf 84' lang='lat' dir='ltr'>sormam</span> 
     </span>
     <span class='ocr_line' id='line_1_61' title="bbox 876 2271 1559 2319; baseline 0.001 -14"><span class='ocrx_word' id='word_1_358' title='bbox 876 2272 975 2306; x_wconf 90' lang='lat' dir='ltr'>Juno</span> <span class='ocrx_word' id='word_1_359' title='bbox 990 2271 1128 2316; x_wconf 88' lang='lat' dir='ltr'>induit,</span> <span class='ocrx_word' id='word_1_360' title='bbox 1151 2271 1243 2318; x_wconf 83' lang='lat' dir='ltr'>apud</span> <span class='ocrx_word' id='word_1_361' title='bbox 1261 2271 1377 2307; x_wconf 83' lang='lat' dir='ltr'>Valer.</span> <span class='ocrx_word' id='word_1_362' title='bbox 1398 2284 1457 2315; x_wconf 80' lang='lat' dir='ltr'>VI,</span> <span class='ocrx_word' id='word_1_363' title='bbox 1477 2274 1538 2319; x_wconf 79' lang='lat'>477</span> <span class='ocrx_word' id='word_1_364' title='bbox 1551 2300 1559 2316; x_wconf 88' lang='lat'><em>‚</em></span> 
     </span>
     <span class='ocr_line' id='line_1_62' title="bbox 875 2324 1561 2370; baseline 0 -11"><span class='ocrx_word' id='word_1_365' title='bbox 875 2337 948 2370; x_wconf 87' lang='lat' dir='ltr'>sqq.</span> <span class='ocrx_word' id='word_1_366' title='bbox 960 2351 969 2368; x_wconf 91' lang='lat'>,</span> <span class='ocrx_word' id='word_1_367' title='bbox 988 2331 1028 2359; x_wconf 89' lang='lat' dir='ltr'>ut</span> <span class='ocrx_word' id='word_1_368' title='bbox 1043 2324 1107 2359; x_wconf 88' lang='lat' dir='ltr'>alia</span> <span class='ocrx_word' id='word_1_369' title='bbox 1121 2324 1177 2359; x_wconf 84' lang='lat' dir='ltr'>via</span> <span class='ocrx_word' id='word_1_370' title='bbox 1190 2324 1301 2359; x_wconf 88' lang='lat' dir='ltr'>finem</span> <span class='ocrx_word' id='word_1_371' title='bbox 1318 2324 1488 2360; x_wconf 84' lang='lat' dir='ltr'>eumdem</span> <span class='ocrx_word' id='word_1_372' title='bbox 1506 2338 1561 2359; x_wconf 84' lang='lat' dir='ltr'>as-</span> 
     </span>
     <span class='ocr_line' id='line_1_63' title="bbox 874 2384 1051 2422; baseline -0.006 -10"><span class='ocrx_word' id='word_1_373' title='bbox 874 2384 1051 2422; x_wconf 85' lang='lat' dir='ltr'>sequatur.</span> 
     </span>
    </p>
   </div>
   <div class='ocr_carea' id='block_1_8' title="bbox 871 2429 1565 2476">
    <p class='ocr_par' dir='ltr' id='par_1_12' title="bbox 871 2429 1565 2476">
     <span class='ocr_line' id='line_1_64' title="bbox 871 2429 1565 2476; baseline -0.003 -11"><span class='ocrx_word' id='word_1_374' title='bbox 871 2439 873 2441; x_wconf 84' lang='grc'><strong>’</strong></span> <span class='ocrx_word' id='word_1_375' title='bbox 920 2430 975 2465; x_wconf 82' lang='lat'>63.</span> <span class='ocrx_word' id='word_1_376' title='bbox 1000 2431 1201 2476; x_wconf 64' lang='lat' dir='ltr'>Acer-saque.</span> <span class='ocrx_word' id='word_1_377' title='bbox 1227 2431 1337 2465; x_wconf 89' lang='lat' dir='ltr'>Multi</span> <span class='ocrx_word' id='word_1_378' title='bbox 1353 2429 1487 2466; x_wconf 90' lang='lat' dir='ltr'>codices</span> <span class='ocrx_word' id='word_1_379' title='bbox 1505 2432 1565 2463; x_wconf 82' lang='lat' dir='ltr'>ad—</span> 
     </span>
    </p>
   </div>
   <div class='ocr_carea' id='block_1_9' title="bbox 872 2483 1562 2833">
    <p class='ocr_par' dir='ltr' id='par_1_13' title="bbox 872 2483 1562 2833">
     <span class='ocr_line' id='line_1_65' title="bbox 875 2483 1562 2528; baseline -0.003 -10"><span class='ocrx_word' id='word_1_380' title='bbox 875 2496 970 2518; x_wconf 71' lang='lat' dir='ltr'>versa</span> <span class='ocrx_word' id='word_1_381' title='bbox 982 2510 990 2523; x_wconf 83' lang='lat'><em>‚</em></span> <span class='ocrx_word' id='word_1_382' title='bbox 1012 2490 1053 2518; x_wconf 86' lang='lat' dir='ltr'>ut</span> <span class='ocrx_word' id='word_1_383' title='bbox 1066 2493 1117 2528; x_wconf 83' lang='lat'>11,</span> <span class='ocrx_word' id='word_1_384' title='bbox 1140 2484 1230 2518; x_wconf 86' lang='lat' dir='ltr'>Fast.</span> <span class='ocrx_word' id='word_1_385' title='bbox 1247 2484 1311 2527; x_wconf 82' lang='lat'>845</span> <span class='ocrx_word' id='word_1_386' title='bbox 1330 2496 1337 2518; x_wconf 92' lang='lat'><strong>:</strong></span> <span class='ocrx_word' id='word_1_387' title='bbox 1358 2485 1428 2517; x_wconf 90' lang='lat' dir='ltr'>Illa</span> <span class='ocrx_word' id='word_1_388' title='bbox 1433 2483 1562 2527; x_wconf 81' lang='lat' dir='ltr'>jacens</span> 
     </span>
     <span class='ocr_line' id='line_1_66' title="bbox 874 2534 1560 2580; baseline -0.001 -10"><span class='ocrx_word' id='word_1_389' title='bbox 874 2538 1038 2580; x_wconf 59' lang='lat' dir='ltr'>adventa,-</span> <span class='ocrx_word' id='word_1_390' title='bbox 1062 2543 1100 2570; x_wconf 87' lang='lat' dir='ltr'>ut</span> <span class='ocrx_word' id='word_1_391' title='bbox 1118 2535 1286 2571; x_wconf 87' lang='lat' dir='ltr'>Heinsius</span> <span class='ocrx_word' id='word_1_392' title='bbox 1304 2535 1442 2570; x_wconf 84' lang='lat' dir='ltr'>volebat</span> <span class='ocrx_word' id='word_1_393' title='bbox 1467 2547 1475 2569; x_wconf 79' lang='lat' dir='ltr'>z</span> <span class='ocrx_word' id='word_1_394' title='bbox 1499 2534 1560 2569; x_wconf 89' lang='lat' dir='ltr'>sed</span> 
     </span>
     <span class='ocr_line' id='line_1_67' title="bbox 874 2587 1558 2634; baseline -0.003 -12"><span class='ocrx_word' id='word_1_395' title='bbox 874 2601 1023 2634; x_wconf 87' lang='lat' dir='ltr'>pronam</span> <span class='ocrx_word' id='word_1_396' title='bbox 1036 2615 1044 2631; x_wconf 95' lang='lat'><strong>‚</strong></span> <span class='ocrx_word' id='word_1_397' title='bbox 1062 2589 1145 2623; x_wconf 86' lang='lat' dir='ltr'>et-in</span> <span class='ocrx_word' id='word_1_398' title='bbox 1158 2588 1282 2622; x_wconf 84' lang='lat' dir='ltr'>faciem</span> <span class='ocrx_word' id='word_1_399' title='bbox 1295 2587 1441 2632; x_wconf 79' lang='lat' dir='ltr'>jacuisse</span> <span class='ocrx_word' id='word_1_400' title='bbox 1454 2595 1539 2633; x_wconf 87' lang='lat' dir='ltr'>puto</span> <span class='ocrx_word' id='word_1_401' title='bbox 1550 2614 1558 2630; x_wconf 89' lang='lat'>,</span> 
     </span>
     <span class='ocr_line' id='line_1_68' title="bbox 873 2640 1560 2686; baseline -0.003 -10"><span class='ocrx_word' id='word_1_402' title='bbox 873 2654 944 2686; x_wconf 87' lang='lat' dir='ltr'>prae</span> <span class='ocrx_word' id='word_1_403' title='bbox 963 2640 1097 2686; x_wconf 83' lang='lat' dir='ltr'>pudore</span> <span class='ocrx_word' id='word_1_404' title='bbox 1122 2647 1158 2675; x_wconf 90' lang='lat' dir='ltr'>et</span> <span class='ocrx_word' id='word_1_405' title='bbox 1174 2640 1354 2682; x_wconf 73' lang='lat' dir='ltr'>maestitia3</span> <span class='ocrx_word' id='word_1_406' title='bbox 1386 2647 1426 2675; x_wconf 90' lang='lat' dir='ltr'>ut</span> <span class='ocrx_word' id='word_1_407' title='bbox 1447 2640 1560 2675; x_wconf 84' lang='lat' dir='ltr'>solent</span> 
     </span>
     <span class='ocr_line' id='line_1_69' title="bbox 872 2693 1561 2739; baseline -0.003 -11"><span class='ocrx_word' id='word_1_408' title='bbox 872 2694 911 2728; x_wconf 88' lang='lat' dir='ltr'>in</span> <span class='ocrx_word' id='word_1_409' title='bbox 938 2694 1002 2728; x_wconf 78' lang='lat' dir='ltr'>hac</span> <span class='ocrx_word' id='word_1_410' title='bbox 1022 2693 1130 2728; x_wconf 81' lang='lat' dir='ltr'>animi</span> <span class='ocrx_word' id='word_1_411' title='bbox 1155 2694 1340 2729; x_wconf 78' lang='lat' dir='ltr'>affectione</span> <span class='ocrx_word' id='word_1_412' title='bbox 1365 2705 1455 2739; x_wconf 80' lang='lat' dir='ltr'>saepe</span> <span class='ocrx_word' id='word_1_413' title='bbox 1479 2705 1561 2727; x_wconf 84' lang='lat' dir='ltr'>mu—</span> 
     </span>
     <span class='ocr_line' id='line_1_70' title="bbox 873 2745 1557 2792; baseline -0.001 -12"><span class='ocrx_word' id='word_1_414' title='bbox 873 2753 946 2780; x_wconf 86' lang='lat' dir='ltr'>tare</span> <span class='ocrx_word' id='word_1_415' title='bbox 971 2746 1125 2792; x_wconf 85' lang='lat' dir='ltr'>corporis</span> <span class='ocrx_word' id='word_1_416' title='bbox 1151 2754 1281 2782; x_wconf 85' lang='lat' dir='ltr'>statum</span> <span class='ocrx_word' id='word_1_417' title='bbox 1298 2745 1426 2781; x_wconf 75' lang='lat' dir='ltr'>crebris</span> <span class='ocrx_word' id='word_1_418' title='bbox 1442 2746 1557 2789; x_wconf 75' lang='lat' dir='ltr'>jacta·</span> 
     </span>
     <span class='ocr_line' id='line_1_71' title="bbox 872 2798 1180 2833; baseline -0.003 -1"><span class='ocrx_word' id='word_1_419' title='bbox 872 2798 1035 2833; x_wconf 83' lang='lat' dir='ltr'>tionibus.</span> <span class='ocrx_word' id='word_1_420' title='bbox 1049 2799 1180 2833; x_wconf 79' lang='lat' dir='ltr'>BURM.</span> 
     </span>
    </p>
   </div>
  </div>
 </body>
</html>
