1884 3112
2 414 29 438 μ·
3 366 23 400 ἡκ»,
0 274 22 321 «σω
0 190 29 262 sss-ev.
0 144 34 163 ſs

531 251 847 300 CYDIPPE
882 255 1225 302 AC'ONTIO.
1503 260 1588 304 383

160 341 271 394 Inde
294 361 419 394 meos
443 343 610 408 digitos
630 347 791 396 iterum
814 349 1003 416 repetita
1023 348 1192 414 fatigat.

227 421 437 486 Quantus
461 422 520 471 sit
541 423 700 484 nobis,
727 425 921 493 adspicis
946 426 1067 494 ipse,
1090 426 1249 476 labor!

111 542 119 548 .
162 498 296 563 Quo,
321 519 522 567 peream,
549 502 587 550 si
611 502 776 566 dignus
796 522 912 562 eras,
938 515 991 552 ut
1010 522 1111 552 vera
1133 503 1395 571 loquamur:
1448 576 1450 578 Ι

228 576 318 626 Sed
335 577 494 627 melior
511 579 658 644 justo,
686 599 908 648 quamque
928 582 1133 641 mereris,
1159 601 1256 646 ego.
1551 599 1594 632 30

161 655 285 719 Ergo
311 666 354 704 te
377 668 563 723 propter
585 658 719 708 toties
740 659 909 709 incerta
933 657 1090 708 salutis

229 731 504 782 Commentis
527 753 682 802 poenas
704 735 852 803 doque
878 737 1069 804 dedique
1091 738 1181 786 tuis
1199 739 1219 786 ?

163 809 269 858 Haec
287 810 445 869 nobis,
471 811 623 861 formae
645 825 687 862 te
709 813 939 864 laudatore
963 815 1165 882 superbae
1179 853 1190 870 ‚

229 885 466 950 Contingit
488 891 680 938 merces!
705 901 750 939 et
769 889 990 958 placuisse
1012 892 1170 941 nocet!

163 963 212 1012 Si
238 963 323 1013 tibi
348 964 578 1025 deformis,
605 968 730 1035 quod
749 968 948 1028 mallem,
969 969 1062 1019 visa
1085 969 1265 1019 fuissem
1279 1009 1291 1029 ‚
1557 987 1599 1020 35

228 1039 471 1108 Culpatum
494 1043 619 1093 nulla
640 1065 807 1113 corpus
834 1058 983 1110 egeret
1007 1066 1106 1114 ope.

161 1120 294 1168 Nunc
317 1118 494 1170 laudata
513 1141 640 1186 gemo
662 1144 673 1172 :
693 1143 814 1173 nunc
838 1144 908 1174 me
934 1125 1172 1174 certamine
1195 1136 1343 1174 vestro

227 1199 452 1259 Proditis,
479 1213 523 1250 et
542 1203 731 1269 proprio
755 1201 966 1252 vulneror
988 1203 1087 1270 ipsa
1108 1203 1247 1251 bono.

165 1280 286 1328 Dum
304 1299 448 1347 neque
471 1292 522 1329 tu
546 1281 687 1340 cedis,
712 1300 794 1331 nec
813 1301 858 1331 se
881 1294 1012 1349 putat
1034 1280 1110 1331 ille
1135 1282 1380 1331 secundum
1399 1302 1409 1341 ;

228 1358 301 1405 Tu
324 1357 442 1406 votis
467 1357 621 1407 obstas
643 1358 765 1409 illius
783 1379 795 1418 3
815 1359 890 1409 ille
916 1360 1019 1409 tuis.
1558 1375 1602 1420 40

165 1438 289 1504 Ipsa,
313 1435 435 1485 velut
457 1436 602 1495 navis,
622 1437 787 1502 jactor,
809 1456 942 1505 quam
961 1449 1108 1493 certus
1130 1437 1179 1485 in
1203 1436 1341 1486 altum

232 1512 454 1582 Propellit
474 1515 669 1574 Boreas;
701 1527 834 1564 aestus
858 1527 904 1564 et
927 1516 1048 1565 unda
1071 1515 1219 1565 refert.

168 1590 410 1658 Quumque
433 1590 527 1640 dies
552 1592 664 1640 caris
689 1604 842 1659 optata
865 1593 1131 1660 parentibus
1155 1594 1321 1654 instat,

229 1667 503 1717 Immodicas
524 1669 693 1736 pariter
715 1670 919 1737 corporis
945 1670 1077 1718 ardor
1098 1670 1242 1719 inest:
1306 1714 1310 1717 .

164 1745 225 1793 Et
247 1743 359 1809 mihi
383 1734 581 1811 conjugii
603 1758 780 1814 tempus
805 1746 997 1797 crudelis
1022 1747 1077 1796 ad
1101 1748 1250 1815 ipsum
1559 1765 1604 1811 45

230 1823 516 1891 Persephone
539 1836 718 1874 nostras
742 1824 894 1892 pulsat
915 1827 1070 1875 acerba
1091 1826 1224 1875 fores.

165 1901 267 1950 Jam
289 1901 452 1969 Puden
477 1914 521 1951 et
544 1901 679 1951 timeo
694 1940 706 1962 ‚
733 1904 932 1969 quamvis
948 1903 1066 1961 ,mihi
1089 1904 1268 1952 conscia
1289 1923 1382 1953 non
1407 1906 1513 1965 sim,

213 2047 266 2081 28.
293 2048 450 2091 Quantus
463 2050 529 2083 ’.εἰς
548 2050 656 2083 nobit.
684 2050 739 2083 Sit
758 2056 854 2084 recte

161 2111 271 2135 ‘meus
301 2099 411 2134 codex
440 2106 476 2135 e!
505 2100 776 2136 Arondelianus.
804 2102 853 2137 H.

171 2152 291 2188 Habet
304 2165 390 2188 vero
411 2160 512 2189 vetus
533 2154 635 2190 lectio
651 2158 703 2190 ,σιίς
717 2182 726 2195 ,
754 2161 794 2190 ut
810 2154 854 2189 ad

171 2205 365 2240 Aeantium
372 2207 507 2241 reseras
518 2234 527 2251 ‚
545 2207 604 2252 qui
621 2207 797 2254 labor-ipse
810 2208 855 2243 sit

173 2255 345 2313 Cydippe
356 2283 367 2303 ,
389 2265 426 2294 et
441 2259 585 2305 quidem
604 2260 833 2307 gravissimus.

215 2309 271 2344 30.
294 2311 364 2346 Sed
385 2314 508 2348 melior
516 2313 616 2358 justo
641 2319 705 2348 etc.
731 2314 861 2348 Melior

172 2362 230 2398 hic
244 2370 298 2399 est
311 2363 432 2399 mitior
443 2391 453 2408 ,
471 2365 666 2410 benignior.
684 2365 761 2411 Ego
775 2379 855 2401 sum

173 2415 433 2461 mitior-justos
450 2416 488 2451 id
508 2422 562 2452 est
584 2430 690 2462 quam
713 2430 855 2463 aequum

173 2475 227 2504 est
239 2495 249 2512 ,
270 2474 307 2504 et
323 2475 363 2504 tu
377 2469 533 2504 mereris.
550 2470 603 2505 Ita
624 2470 707 2506 infr.
721 2483 753 2504 v.
772 2484 854 2518 ¹7⁰3

170 2521 418 2567 {mamsjusto
438 2532 448 2553 .·
463 2522 532 2557 vid.
548 2521 592 2556 ad
612 2521 702 2557 Veli.
719 2523 855 2559 Paterc-

174 2585 206 2610 Π
223 2601 233 2619 ,
260 2577 313 2610 25.
337 2574 462 2610 Douza
488 2575 682 2621 exponebat
703 2600 713 2620 ,
753 2576 853 2619 ραι,

175 2627 260 2672 (scil.
276 2627 509 2673 praecedentia
520 2654 529 2670 ,
549 2640 627 2673 quae
643 2641 663 2663 a
680 2641 738 2663 me
754 2629 856 2664 indi-

174 2687 250 2715 cata
269 2681 367 2723 sunt)
393 2687 433 2715 ut
451 2693 532 2715 vere
558 2681 620 2715 tibi
644 2681 831 2727 praedicem
844 2709 855 2727 ,

176 2745 319 2779 peream
330 2734 357 2769 si
371 2733 496 2780 dignus
507 2747 614 2770 eram.
629 2735 705 2781 Ego
718 2742 834 2770 tamen
846 2763 856 2780 ‚

177 2797 251 2822 non
273 2787 354 2833 quia
372 2794 410 2822 tu
436 2787 584 2835 dignus,
608 2788 670 2823 sed
689 2789 768 2835 quia
793 2801 858 2837 ego

918 2056 1022 2084 verax
1030 2049 1092 2084 tibi
1101 2049 1284 2086 mendacia
1293 2051 1481 2087 obtrudere
1490 2054 1601 2099 nolui,

919 2114 998 2148 quae
1015 2103 1120 2149 longe
1144 2103 1271 2138 absunt
1295 2117 1314 2138 a
1334 2112 1455 2139 mente
1479 2113 1601 2151 poetae.

963 2156 1015 2203 39.
1046 2157 1098 2190 Tu
1113 2157 1218 2190 cedis.
1238 2158 1356 2191 Credis
1370 2170 1462 2193 unus
1482 2159 1604 2194 Medi-

919 2220 1000 2242 ceus
1017 2208 1128 2243 :sorte
1143 2234 1153 2253 ,
1172 2212 1206 2243 te
1221 2211 1339 2244 credetr.
1356 2210 1491 2246 Hnnts.

963 2262 1017 2304 42.
1038 2261 1158 2296 ..fitius
1172 2266 1208 2296 et
1221 2264 1321 2297 unda.
1338 2262 1380 2297 ld
1396 2270 1467 2307 est,
1492 2278 1605 2300 recur—

919 2325 979 2347 sus
1003 2315 1102 2348 undae
1123 2324 1133 2346 -·
1155 2314 1183 2350 is
1201 2315 1297 2349 enim
1327 2320 1431 2350 oeslus
1455 2315 1601 2352 dicitur:

919 2365 1127 2412 videturque
1136 2380 1218 2402 usus
1228 2367 1340 2414 figura
1348 2376 1450 2415 poeta
1460 2396 1469 2413 ,
1496 2383 1603 2415 quam

921 2418 1035 2453 Graeci
1051 2426 1176 2454 vocant
1192 2422 1222 2456 b
1241 2423 1295 2456 διὰ
1313 2424 1375 2457 δύο.
1402 2422 1485 2466 Qua
1502 2422 1546 2457 de
1564 2435 1604 2458 re

921 2470 1059 2516 Virgilii
1070 2471 1155 2506 illud
1173 2486 1314 2518 quoque
1329 2481 1401 2518 est,
1422 2476 1604 2522 Chalybem

911 2523 1097 2569 frenosque
1123 2527 1301 2560 memor-da
1327 2539 1337 2560 ,-
1369 2539 1434 2572 pro
1460 2527 1604 2561 frenum

921 2577 1077 2611 sex-reum
1092 2603 1102 2621 ‚
1126 2578 1197 2613 sive
1224 2578 1432 2626 ex⁴chalybe
1462 2579 1603 2613 sactum.

967 2631 1019 2673 45.
1043 2630 1169 2664 pulsat
1187 2633 1311 2665 acerba
1317 2631 1424 2675 sores.
1450 2631 1605 2666 Imitatio

922 2688 975 2716 est
991 2682 1205 2726 Horatiana,
1223 2694 1235 2717 1
1249 2710 1258 2726 ‚
1277 2682 1347 2718 Od.
1363 2685 1405 2727 4:

922 2741 1021 2766 vanida
1034 2749 1104 2765 mors
1115 2749 1189 2774 aquo
1196 2741 1289 2775 pulsae
1301 2741 1365 2775 pede
1376 2747 1427 2766 etc.
1449 2757 1451 2760 -

968 2792 1019 2835 47.
1043 2792 1125 2826 Iam
1135 2791 1250 2834 pudet.
1268 2791 1437 2843 Francius
1451 2792 1604 2838 legebat,
