1884 3112
297 230 357 291 96
633 231 1359 279 SIDRONIIHOSSCHII

296 323 359 370 Ut
381 321 538 388 pelago
563 342 716 390 rupes,
744 325 828 372 tibi
852 325 913 372 sic
935 325 1059 387 rigor
1082 324 1155 373 ille
1178 326 1363 375 resistet.

365 400 539 448 Sentiar
558 400 644 447 hoc
669 419 760 447 uno
784 400 851 447 vir
874 400 979 458 tibi,
1001 400 1208 459 Phaedra,
1232 401 1383 449 modo.

297 475 468 525 Interea
489 488 620 542 caput
641 476 751 534 hoc,
777 476 954 525 incensa
977 475 1127 525 dolore
1150 476 1357 544 repulsae,

361 552 488 600 Mille
511 571 592 619 per
613 551 816 610 insidias,
844 552 973 602 docta
995 573 1204 613 noverca,
1229 566 1343 621 pete.

299 631 368 678 Ex
393 630 558 696 quibus
581 641 633 677 ut
655 641 824 696 partem
847 630 1054 690 vitemus,
1081 651 1174 679 non
1198 644 1343 680 tamen
1367 649 1541 688 omnes,
1647 645 1714 681 285

365 704 626 769 Quamlibet
648 706 851 754 admissis
876 706 1135 769 effugiemus
1155 707 1293 773 equiS.

299 782 399 831 Sive
423 793 568 830 tamen
590 782 706 831 ferro
731 802 800 831 me
824 782 1000 849 perdes,
1023 784 1111 833 sive
1135 780 1326 842 veneno,

364 859 537 917 Multo,
565 878 695 925 quam
718 879 836 908 nunc
860 879 931 919 es,
956 860 1099 910 lenior
1120 861 1263 910 hostis
1287 861 1385 910 eris.

299 938 405 987 Non
428 956 531 999 ego,
554 956 608 986 ne
633 956 830 1003 peccem,
857 937 1046 1004 discerpi
1066 938 1112 986 in
1135 938 1275 986 frusta
1287 956 1456 986 recuso.

367 1014 514 1079 Saepe,
543 1013 664 1079 quod
688 1025 756 1061 est
776 1012 937 1061 durum
959 1013 1095 1074 ferre,
1122 1014 1420 1081 tulissejuvat.
1653 1040 1718 1075 290

298 1092 359 1139 Et
379 1091 523 1155 juvat,
550 1102 594 1138 et
616 1090 853 1157 pulchrum
874 1102 941 1139 est
963 1091 1061 1139 vitae
1086 1091 1289 1158 praeferre
1313 1092 1527 1159 pudorem
1545 1112 1555 1140 ε

369 1168 441 1216 Sic
467 1168 775 1216 occumbentes
796 1186 916 1216 mors
938 1180 1055 1217 vetat
1077 1169 1175 1236 ipsa
1191 1171 1315 1218 mori.

299 1246 527 1293 Eventura
551 1263 661 1292 cano
682 1263 693 1292 ε
717 1244 779 1293 sic
802 1245 934 1293 nobis
958 1246 1130 1294 somnia
1149 1246 1326 1295 dictant.

351 1324 472 1370 'Non
496 1340 592 1369 mea
615 1333 721 1370 sunt
742 1320 865 1369 nulla
887 1322 1058 1370 somnia
1081 1323 1214 1385 digna
1234 1323 1333 1372 fide.

303 1398 433 1447 Nunc
459 1396 686 1446 deturbari
708 1398 861 1447 videor
882 1399 994 1448 mihi
1017 1399 1206 1465 rupibus
1230 1399 1355 1457 altis;
1659 1413 1723 1458 295

370 1475 425 1522 In
448 1493 566 1522 mare
590 1493 709 1523 nunc
732 1476 893 1538 mergi,
919 1476 1251 1542 vorticibusque
1275 1477 1428 1542 premi.

302 1554 434 1602 Nunc
459 1553 568 1601 mihi
591 1553 824 1600 nocturnis
846 1553 1079 1601 fodiuntur
1098 1553 1261 1601 viscera
1279 1552 1398 1612 telis,

370 1630 543 1695 Perque
569 1648 666 1687 cor,
693 1640 737 1677 et
757 1648 887 1678 venas
912 1629 1029 1678 ensis
1052 1629 1195 1676 inanis
1220 1629 1323 1676 abit.

302 1705 549 1753 Excutiunt
571 1705 757 1771 pavidos
780 1705 1010 1754 simulacra
1026 1704 1212 1753 minacia
1234 1723 1433 1762 somnos,

367 1784 429 1830 Et
449 1782 574 1845 vigili
596 1802 746 1849 quaero
772 1782 954 1831 vulnera
971 1801 1081 1830 vana
1102 1800 1247 1830 manu.
1656 1797 1721 1831 300

303 1862 434 1909 Nunc
457 1859 565 1908 loris
588 1859 708 1908 velut
730 1859 994 1927 implicitus,
1020 1872 1279 1926 raptorque,
1303 1860 1566 1926 trahorque3

319 1986 321 1988 ,
371 1938 562 2004 Quaque
581 1938 752 1995 trahor,
779 1937 933 2000 longas
959 1939 1169 2000 sanguine
1193 1939 1321 2001 signo
1343 1939 1446 1986 vias.

306 2014 463 2062 Astitit
485 2015 579 2081 ipse
598 2014 737 2076 nigris
760 2014 1007 2080 Morpheus
1031 2014 1140 2062 mihi
1162 2034 1305 2082 nuper
1324 2016 1372 2064 in
1394 2015 1494 2074 alis,

371 2091 431 2138 Et
452 2090 638 2156 querulo
664 2089 771 2139 tales
790 2091 929 2139 edidit
948 2110 1022 2139 ore
1044 2109 1179 2139 sonos
1198 2112 1208 2139 :

306 2166 464 2214 Infelix
482 2168 678 2232 juvenis,
701 2180 797 2225 tua,
823 2169 861 2216 si
878 2180 1025 2234 potes,
1050 2167 1193 2231 effuge
1217 2168 1317 2216 fata.
1658 2186 1722 2220 30⁵

370 2243 476 2292 Non
496 2243 580 2290 tibi
597 2262 689 2291 nox
706 2262 841 2291 vanos
867 2244 1021 2309 objicit
1041 2256 1133 2293 atra
1155 2256 1311 2292 metus.

309 2321 423 2368 Mox
446 2319 655 2369 inhibens
679 2339 856 2369 cursum
873 2321 1082 2383 fugientis
1103 2340 1113 2368 :
1133 2321 1248 2369 Siste
1273 2320 1529 2387 quadrigas,
1570 2372 1587 2385 ‘

373 2396 547 2461 Inquit,
567 2396 615 2443 in
632 2396 814 2461 ancipiti
833 2416 888 2445 ne
909 2396 1093 2445 lacerere
1110 2397 1225 2459 fuga.

310 2471 382 2519 Sic
406 2471 487 2530 ait,
507 2483 550 2520 et
569 2491 752 2520 somnus
769 2492 842 2531 ¹me
866 2472 1092 2522 deseruere
1114 2475 1323 2539 Deusque
1343 2494 1353 2523 :

373 2546 436 2594 At
454 2566 547 2595 non
571 2547 763 2596 deseruit
785 2560 964 2614 pectora
987 2561 1138 2598 nostra
1161 2569 1310 2616 pavor.
1660 2566 1725 2601 310

310 2623 418 2670 Inde
442 2624 548 2686 vigil
571 2644 741 2673 mecum
763 2637 961 2691 repetens
985 2645 1080 2674 mea
1102 2626 1289 2683 somnia,
1315 2626 1429 2676 dixi:

374 2699 477 2750 Nox
498 2704 638 2769 aperit
658 2703 811 2764 nobis⁷
837 2703 959 2770 quod
981 2703 1088 2754 feret
1112 2723 1199 2752 una
1223 2703 1326 2753 dies.
