1884 3112
325 217 414 314 465

703 258 756 302 P.
793 257 1023 303 OVIDII
1054 255 1353 302 NASONIS

389 351 556 407 Haeret;
585 361 650 407 et,
671 361 722 397 ut
744 361 870 416 capta
891 349 1031 397 victor
1051 349 1100 396 in
1121 367 1237 407 arce,
1262 360 1436 397 manet(

271 438 279 442 ”
326 429 478 477 Cetera
501 445 611 492 saepe
639 436 784 474 tamen
805 434 988 492 potuere
1014 425 1201 474 admissa
1225 426 1391 488 negari,

386 507 446 553 Et
471 504 632 552 crimen
654 514 833 550 nox-est
855 502 1043 549 inficiata
1069 521 1210 550 suum.

321 584 483 633 Nostra
508 591 634 629 notat
655 579 778 627 fusco
802 578 966 640 digitos
989 578 1147 643 injuria
1166 596 1321 637 succo,

1663 590 1723 626 155

388 658 561 707 Cortice
584 667 804 705 contactas
827 655 1044 704 inficiente
1066 673 1232 703 manus.
1252 683 1254 686 ·

324 735 402 784 Ille
424 754 554 784 cruor
576 752 698 782 meus
723 744 790 781 est
811 732 916 780 :illo
940 731 1152 780 maculata
1175 750 1327 779 cruore

384 814 487 861 Non
511 810 762 877 profectura
788 808 937 857 dextra
958 808 1124 856 lavatur
1147 827 1271 874 aqua.

324 891 367 940 O
391 908 495 952 ego,
523 906 657 954 quum
680 886 823 949 longae
840 897 1052 934 venerunt
1072 885 1198 933 taedia
1223 885 1339 942 vitae,

389 965 553 1033 Optavi
577 963 751 1030 quoties
773 962 891 1011 arida
912 962 1025 1010 facta
1047 961 1189 1010 mori!
1666 972 1725 1007 160

324 1042 488 1111 Optavi
512 1041 704 1107 quoties,
733 1051 808 1087 aut
834 1058 945 1087 caeeo
971 1038 1145 1086 turbine
1171 1038 1300 1095 verti,

384 1121 478 1168 Aut
498 1117 643 1166 valido
665 1116 788 1164 missi
814 1115 1011 1164 fulminis
1034 1115 1134 1177 igne
1158 1114 1276 1181 peti!

321 1198 468 1262 Atque
492 1195 659 1243 utinam
686 1193 840 1241 subitae
862 1204 1067 1259 raperent
1089 1211 1184 1240 mea
1205 1208 1338 1258 poma
1358 1186 1558 1256 procellae
1577 1204 1590 1245 ;

382 1271 467 1320 Vel
490 1290 667 1337 possem
689 1270 857 1318 fructus
881 1282 1078 1318 excutere
1101 1269 1199 1335 ipsa
1218 1285 1338 1316 meos
1351 1268 1369 1319 !,

322 1351 417 1409 Sic,
442 1349 522 1397 ubi
546 1348 735 1396 detracta
755 1359 822 1395 est
845 1366 870 1395 a
888 1359 929 1395 te
954 1346 1036 1395 tihi
1058 1364 1185 1394 causa
1210 1342 1379 1411 pericli,

377 1458 448 1493 153.
475 1459 595 1492 Cetera
618 1470 704 1502 soepe
727 1460 838 1490 lamen
854 1460 993 1500 potuere

319 1512 469 1546 admissa
478 1512 662 1553 negan'etc.
676 1508 727 1542 Ea
738 1508 820 1542 dicit
834 1507 991 1549 crimina,

321 1575 473 1609 quorum
496 1575 564 1596 nox
589 1561 660 1596 sola
684 1561 819 1595 conscia
846 1560 933 1603 suit,
958 1567 995 1594 et

320 1626 398 1660 quae
426 1613 538 1658 potuit
561 1612 640 1646 ideo
663 1624 789 1656 negare
808 1625 817 1653 ς
843 1613 995 1656 inficiata

320 1672 383 1702 est.
398 1665 497 1710 Quid
509 1665 618 1710 igitur
633 1665 696 1698 sibi
710 1664 895 1697 voluerunt
907 1689 916 1706 ,
936 1662 994 1706 qui

319 1731 462 1756 sensum
489 1717 575 1751 adeo
598 1717 741 1761 planum
766 1722 802 1749 et
829 1714 964 1749 facilem
982 1739 992 1757 ,

319 1771 511 1806 lectionum
538 1767 789 1811 incongruitate
814 1766 995 1810 perturba-

322 1829 409 1857 runt
423 1847 432 1864 ,
457 1821 561 1854 libros
575 1844 585 1862 ‚
611 1818 663 1851 vel
683 1818 788 1851 etiam
810 1816 916 1851 MSS.
940 1815 995 1850 ad-

321 1874 487 1909 ducentes
505 1897 514 1914 ,
548 1880 698 1915 quorum
725 1868 780 1901 alii
803 1881 891 1908 vox,
927 1880 996 1901 nux

323 1926 400 1968 alii,
421 1921 582 1958 nonnulli
600 1921 705 1954 etiam
723 1923 936 1959 alenus-or,
961 1925 997 1953 et

324 1978 390 2012 alia
400 1976 495 2010 istius
502 1972 598 2007 modi
609 1985 698 2006 verae
714 1978 749 2005 et
763 1970 921 2016 genuinae
935 1970 998 2004 lec-

320 2028 410 2064 tioni
420 2023 705 2072 praeposuerunt?
718 2022 823 2057 Unde
834 2022 997 2056 Heinsius

322 2084 394 2128 ipse
425 2078 610 2124 aliqnando
644 2076 851 2121 cogitaverat
879 2086 996 2117 aoaea‚·

319 2135 371 2169 ita
400 2140 463 2176 ut,
497 2132 555 2176 qui
581 2130 634 2164 vir
661 2142 715 2164 res
738 2140 994 2172 nonnunquam

321 2184 467 2229 caligine
489 2181 702 2216 densissimas
722 2179 906 2224 improvisa
919 2178 994 2212 luce

322 2237 468 2271 feliciter
490 2234 737 2274 illustraverat,
763 2237 906 2275 repente
931 2242 994 2264 ca-

323 2288 445 2334 ligaret
457 2312 466 2329 ,
484 2285 521 2319 in
537 2297 575 2318 re
592 2284 753 2318 omnium
766 2282 910 2316 minime
923 2282 996 2316 obs-

325 2351 426 2380 cura;
443 2348 556 2381 neque
574 2335 629 2370 hic
644 2334 777 2369 videret
789 2360 797 2376 ,
816 2333 908 2378 quod
919 2333 996 2367 alibi

325 2390 455 2426 centies
480 2385 830 2422 animadvertendum
854 2398 998 2420 curave-

326 2450 398 2485 rat,
420 2441 552 2486 lapsum
569 2438 636 2474 scil.
656 2438 799 2480 calami,
821 2437 857 2471 in
880 2436 998 2472 exscri-

326 2492 448 2527 bendis
471 2491 609 2525 vocibus
623 2516 632 2532 ,
656 2488 834 2523 literarum
855 2488 947 2523 inter
961 2500 997 2522 se

325 2542 601 2588 configuratione
615 2540 806 2574 simillimis.

373 2597 443 2640 157.
467 2595 530 2627 Ille
542 2605 645 2627 cruor.
663 2593 727 2625 Ille
739 2593 834 2625 color
840 2588 997 2625 Francos.

376 2645 447 2679 161.
471 2645 547 2679 Aul
563 2656 648 2679 coeco
669 2645 797 2676 turbine
814 2645 907 2675 verti.
927 2642 1000 2675 Cae-

326 2711 400 2732 cum
423 2696 502 2730 ideo
525 2703 623 2732 vocat
637 2722 646 2738 ,
674 2694 766 2740 quod
790 2694 911 2728 insano
921 2700 998 2740 ιιιι--

326 2748 440 2784 multu
457 2755 555 2792 ruat,
584 2754 619 2784 et
637 2752 760 2783 cuneta
780 2746 852 2782 sine
874 2743 999 2781 dis'cri-

1664 1350 1724 1386 165

1056 1453 1151 1488 mine
1170 1452 1240 1487 ullo
1259 1451 1392 1497 perflet.
1410 1449 1469 1486 Sic
1483 1459 1604 1484 cecum
1619 1457 1726 1481 amo-

1056 1518 1134 1539 rem
1154 1503 1322 1546 dicimus,
1356 1509 1392 1537 et
1415 1502 1571 1536 furorem
1594 1508 1728 1533 cecan-

1056 1575 1101 1584 ·—·
1122 1559 1216 1592 Caeco
1242 1558 1369 1590 turbine
1399 1557 1494 1589 verte:
1545 1553 1640 1588 Veni
1660 1561 1726 1596 pro

1058 1608 1166 1643 everti
1178 1606 1386 1652 capiendum
1399 1618 1470 1641 esse
1481 1603 1613 1639 notavit
1623 1601 1728 1637 Dou-

1058 1673 1096 1695 za
1110 1673 1119 1696 :
1134 1667 1173 1694 ut
1188 1659 1278 1705 apud
1295 1659 1391 1703 Virg.
1407 1655 1547 1697 AEneid.
1562 1667 1578 1690 1
1581 1681 1598 1700 ‚
1614 1663 1677 1695 aot

1171 1730 1202 1738 ...
1220 1712 1314 1746 Tyrias
1325 1712 1387 1737 olim
1398 1720 1455 1745 qum
1468 1715 1578 1736 verteret
1585 1717 1664 1734 troen-

1061 1760 1170 1807 Quod
1186 1760 1320 1795 Pierius
1335 1758 1503 1794 efficacius
1517 1770 1588 1792 esse
1604 1747 1704 1792 docet
1716 1782 1727 1800 ,

1059 1825 1164 1858 quam
1179 1816 1330 1846 evertere.
1347 1809 1418 1844 Sed
1432 1809 1538 1845 MSS.
1551 1808 1681 1843 Moreti
1693 1814 1729 1843 et

1060 1865 1142 1899 alius
1159 1890 1169 1907 ‚
1200 1866 1298 1897 venti
1318 1872 1328 1894 .·
1354 1862 1443 1896 sorte
1457 1886 1467 1904 ,
1494 1863 1580 1895 ceci
1601 1861 1729 1894 turbine

1059 1918 1168 1956 venti,
1187 1916 1260 1950 Aut
1267 1915 1380 1949 valido
1389 1921 1452 1948 etc.
1465 1914 1563 1948 Certo
1577 1914 1706 1948 turbine
1716 1937 1726 1952 ,

1061 1967 1131 2002 duo
1142 1967 1219 2002 libri
1231 1970 1310 2000 :aut
1319 1967 1444 2009 rapido,
1455 1977 1512 1999 sex
1521 1963 1636 2008 scripti
1646 1975 1729 1998 cum

1060 2020 1172 2065 prima
1188 2018 1338 2053 editione
1354 2032 1362 2060 ;
1387 2017 1493 2052 etiam
1508 2017 1597 2051 bene
1612 2041 1622 2059 ,
1643 2017 1726 2050 nam

1060 2073 1148 2119 ignis
1163 2071 1300 2118 proprie
1313 2071 1457 2115 rapidus.
1469 2069 1597 2103 Bumu.

1107 2138 1119 2157 1
1125 2124 1177 2157 53.
1187 2123 1300 2167 Atque
1305 2125 1430 2156 utinam
1439 2122 1624 2155 subitaeetc.
1633 2120 1728 2154 Ven-

1061 2183 1114 2212 tus
1139 2176 1234 2210 enim
1262 2173 1500 2209 vehementior
1526 2173 1729 2217 frequenter

1062 2227 1187 2263 excutit
1217 2225 1307 2259 mala
1320 2251 1330 2269 ,
1364 2237 1515 2272 pyraque
1531 2238 1540 2265 ;
1578 2223 1638 2258 sed
1669 2224 1728 2269 ju-

1061 2278 1199 2324 glandes
1214 2277 1348 2312 haerent
1360 2302 1369 2320 ,
1391 2275 1542 2311 tenacius
1556 2274 1650 2320 ligno
1665 2274 1729 2310 ad-

1060 2330 1135 2364 fixae
1154 2344 1162 2371 ;
1195 2342 1261 2363 nec
1287 2335 1417 2362 temere
1432 2354 1441 2371 ,
1470 2326 1536 2361 nisi
1563 2326 1646 2362 saxis
1671 2333 1732 2361 aut

1061 2382 1190 2426 pertica
1203 2394 1242 2414 ex
1259 2380 1380 2414 arbore
1392 2379 1619 2413 excutiuntur.
1637 2378 1732 2412 Rur-

1061 2446 1117 2468 sus
1148 2433 1278 2467 fructus
1304 2431 1359 2466 alii
1373 2457 1382 2474 ,
1418 2430 1478 2465 ubi
1502 2430 1733 2464 immaturae-

1061 2492 1145 2518 runt
1157 2511 1166 2528 ‚
1190 2491 1311 2529 sponte
1334 2483 1371 2517 in
1397 2489 1527 2517 terram
1543 2481 1732 2523 decidunt;

1063 2536 1154 2581 quod
1181 2549 1253 2570 non
1275 2535 1393 2575 Nuci;
1424 2533 1572 2579 ideoque
1597 2540 1734 2579 exoptat

1062 2589 1124 2624 sibi
1136 2588 1171 2622 id
1191 2600 1328 2633 quoque
1347 2579 1496 2621 evenire:
1517 2586 1660 2621 ERASM.
1694 2611 1696 2613 >

1110 2639 1179 2674 165.
1204 2641 1259 2674 Sic
1268 2666 1275 2678 ‚
1294 2640 1356 2672 ubi
1365 2640 1517 2672 detracta
1529 2641 1583 2671 est
1591 2649 1614 2671 a
1626 2641 1659 2670 le
1669 2637 1740 2670 tibi

1062 2704 1167 2726 causa
1177 2693 1301 2735 pericli
1314 2697 1377 2724 etc.
1401 2689 1537 2724 Fabulis
1553 2693 1732 2732 receptum

1062 2751 1113 2782 est
1135 2744 1279 2780 Fihrum
1292 2769 1302 2788 ,
1329 2755 1439 2788 quum
1456 2748 1634 2778 venatores
1650 2764 1660 2783 ,
1676 2745 1729 2774 ut
