1884 3112
312 281 392 339 198

773 284 1133 333 EPISTOLA
1171 290 1230 336 X.

367 371 460 435 Qui
483 370 648 421 lanient
669 374 797 422 avido
821 377 987 426 viscera
1005 379 1155 439 dente,
1181 381 1313 449 lupos
1333 403 1344 433 :

299 447 503 497 Forsitan
523 461 566 498 et
587 449 731 499 fulvos
750 451 881 502 tellus
907 454 993 503 alat
1012 456 1096 505 ista
1121 457 1271 508 leones
1292 480 1302 509 :
1677 480 1721 514 85

367 525 483 588 Quis
507 526 608 584 seit,
635 547 690 575 an
708 528 799 578 haee
826 549 957 580 saevas
987 532 1169 595 tigridas
1191 535 1334 584 insula
1357 535 1520 587 habet?

301 602 362 650 Et
382 601 494 651 freta
517 603 724 658 dicuntur
740 626 920 670 magnas
946 610 1161 676 expellere
1185 612 1364 678 phocas.

365 678 482 742 Quis
500 691 617 728 vetat
638 693 682 729 et
705 681 873 743 gladios
895 702 976 751 per
995 684 1109 734 latus
1129 687 1191 736 ire
1209 689 1387 737 meum?

301 753 496 803 Tantum
518 775 574 805 ne
597 756 756 820 religer
778 759 885 809 dura
910 763 1081 828 captiva
1103 776 1275 824 eatena3

361 832 479 881 Neve
503 833 671 882 traham
695 854 817 885 serva
840 839 1022 900 grandia
1038 860 1175 906 pensa
1197 862 1329 891 manu
1351 863 1361 900 ;
1672 871 1717 906 90

297 907 382 955 Cui
405 920 529 974 pater
550 922 617 958 est
639 912 811 972 Minos,
838 915 909 962 cui
930 928 1068 965 mater
1090 917 1179 965 filia
1194 918 1355 966 Phoebi
1373 938 1384 976 ;

365 984 591 1052 Quodque
610 976 750 1050 magis
773 991 974 1050 memini,
996 1012 1092 1058 quae
1117 993 1200 1042 tibi
1216 1007 1345 1060 pacta
1367 994 1445 1044 fui.

300 1058 350 1106 Si
369 1078 514 1119 mare,
535 1062 572 1109 si
596 1074 752 1123 terras,
777 1078 1068 1134 porrectaque
1091 1068 1224 1118 litora
1244 1070 1361 1129 vidi;

362 1137 510 1185 Multa
532 1139 643 1186 mihi
662 1152 808 1200 terrae,
832 1143 972 1192 multa
994 1145 1221 1194 minantur
1242 1165 1390 1212 aquae:

301 1212 468 1263 Caelum
490 1217 715 1267 restabat:
738 1218 871 1267 timeo
897 1220 1130 1271 simulacra
1152 1223 1363 1271 Deorum.
1674 1240 1721 1286 95

294 1340 473 1385 occupari,
486 1354 597 1387 quum
607 1343 719 1388 furor,
733 1344 852 1390 iraque
866 1350 901 1380 et
913 1345 977 1381 de-

293 1398 413 1436 ceptus
437 1405 537 1428 amor
561 1394 774 1431 diversarum
803 1396 889 1431 adeo
914 1410 977 1432 cu-

293 1455 414 1477 rarum
436 1452 520 1480 aestu
550 1448 722 1493 exagitant
739 1474 748 1492 ,
775 1449 830 1483 vix
853 1449 977 1484 admit-

295 1494 456 1530 tendum.
476 1496 623 1542 Quanto
637 1499 751 1535 verius
766 1500 840 1535 haec
852 1501 976 1536 eadem

296 1546 390 1591 apud
411 1546 526 1582 Catul.
543 1551 602 1583 152
619 1562 629 1584 t

291 1604 342 1630 Pro
352 1614 403 1638 quo
414 1606 560 1632 dilanianda
570 1607 632 1632 feris
645 1609 738 1641 dabor,
747 1611 904 1645 alitibusque

291 1652 381 1678 Praeda
389 1672 397 1685 ,
409 1663 492 1688 neque
505 1655 599 1688 injecta
610 1658 757 1683 tumulabor
766 1665 867 1685 mortim
874 1660 961 1685 term?

336 1702 389 1736 86.
422 1704 506 1746 Quis·
519 1708 589 1738 scit
601 1718 648 1740 an
662 1708 732 1741 boec
743 1720 849 1742 ,τα-σω·
862 1712 976 1744 insula

293 1756 397 1797 tigres
413 1755 524 1790 habet.
548 1756 606 1791 Sic
619 1758 715 1793 enim
727 1759 807 1793 edd.
820 1767 973 1804 veteres3

290 1804 330 1839 in
355 1818 424 1851 quo
440 1820 562 1850 versu,
590 1815 630 1843 ut
655 1816 748 1844 recte
780 1811 946 1846 Heinsius
963 1838 972 1856 ,

292 1856 364 1891 duo
375 1858 492 1893 statim
508 1860 694 1895 offendunt
707 1862 841 1906 :primo
851 1889 863 1906 ,
880 1864 974 1909 quod

292 1915 416 1944 contra
439 1909 648 1945 Latinorum
669 1925 806 1947 rnorem
825 1913 973 1959 dicitur,

294 1962 370 2006 quis
381 1962 444 1997 scit
459 1975 504 1997 an
514 1965 626 2003 habel,
643 1977 707 2010 pro
721 1967 855 2000 habeat.
868 1966 975 2001 Dein—

291 2013 335 2050 de
345 2039 355 2057 ‚
380 2013 474 2058 quod
510 2016 740 2060 posteriorem
768 2017 806 2052 in
838 2021 976 2063 tigrides

294 2065 437 2110 corripit
452 2092 461 2110 ,
486 2079 562 2111 quae
578 2067 652 2102 sine
670 2068 776 2103 dubio
792 2071 893 2114 longa
910 2071 975 2118 syl-

292 2116 369 2151 laba
394 2123 454 2151 est.
480 2118 582 2153 Prius
604 2126 745 2163 tamen,
768 2122 930 2167 exemplis
955 2136 975 2158 e

293 2167 462 2202 Terentio
484 2176 519 2204 et
544 2170 669 2205 Plauto
692 2171 806 2216 petitis
833 2172 975 2208 defendi

293 2219 399 2264 possit
410 2233 417 2254 :
429 2221 598 2265 posterius
610 2229 727 2257 autem
736 2224 840 2258 metri
850 2225 974 2260 vitium

292 2277 483 2316 patronum
505 2272 663 2308 invenire
680 2300 689 2318 ,
718 2274 887 2311 difficilius
911 2284 972 2312 est.

293 2322 391 2357 Hinc
405 2323 460 2357 illa
479 2324 688 2360 variantium
704 2326 894 2361 lectionum
908 2341 972 2363 se—

291 2387 371 2418 ges,
401 2387 484 2419 quas
506 2375 600 2410 inter
624 2376 715 2411 haud
739 2378 809 2413 seio
831 2392 875 2413 an
897 2392 971 2414 non

290 2425 394 2471 longe
408 2428 624 2472 praeferenda
639 2429 682 2463 sit
694 2430 876 2466 Wakkeri
891 2444 971 2466 con-

289 2476 422 2519 jectura
435 2504 444 2522 ,
464 2479 580 2513 locum
602 2480 650 2514 sic
671 2481 860 2517 emendare
883 2489 970 2517 ten-

288 2529 393 2564 tantis
411 2556 421 2573 ‚
457 2530 522 2566 hac
561 2533 749 2568 verborum
775 2534 969 2580 transposi-

292 2580 388 2615 tione
406 2594 414 2615 :

292 2639 413 2665 Forsitan
423 2647 449 2666 et
459 2641 545 2668 fulvos
557 2643 635 2669 tellus
647 2644 724 2670 hahet
736 2646 785 2671 ista
795 2646 898 2679 leones;

317 2688 384 2720 Quis
396 2689 459 2720 scit,
472 2699 504 2715 an
515 2697 540 2716 et
551 2700 630 2718 saevas
642 2694 749 2726 tigridas
764 2694 849 2719 insula
859 2695 910 2719 alat
921 2694 935 2719 ‘t’

289 2735 401 2771 Valde
433 2738 576 2782 quidem
612 2741 792 2786 ingeniose
811 2768 821 2786 ,
852 2743 968 2788 inquit

287 2787 456 2835 Lenncp;
486 2790 602 2826 minus
624 2799 742 2828 tamen
759 2794 855 2829 suavi
871 2794 968 2829 clau-

1040 1346 1114 1381 sula
1138 1346 1358 1392 pentametri.
1384 1346 1416 1382 E
1443 1346 1543 1382 codd.
1569 1348 1719 1396 vestigiis

1042 1404 1162 1432 auctor
1179 1398 1331 1433 Elector.
1347 1398 1476 1434 Eton.;

1071 1453 1139 1485 Quis
1150 1453 1199 1477 scit
1208 1472 1216 1484 ‚
1230 1462 1262 1477 an
1272 1458 1298 1478 et
1309 1462 1403 1479 savum
1414 1453 1507 1486 tigrida
1517 1454 1654 1490 Βία-[ἄναξ
1662 1454 1678 1480 P

1041 1500 1232 1546 Ceterum,
1258 1515 1340 1537 cum
1362 1502 1545 1549 Lennepio
1566 1502 1717 1538 conclu-

1038 1552 1197 1587 dendum
1207 1580 1217 1597 ,
1231 1554 1357 1599 frigere
1372 1554 1459 1589 adeo
1471 1554 1613 1601 longam
1626 1555 1718 1591 hanc

1039 1604 1194 1638 serarum
1205 1606 1510 1641 enumerationem
1522 1633 1532 1651 ,
1550 1614 1589 1642 ut
1605 1614 1719 1643 totum

1038 1655 1105 1691 hoc
1117 1656 1288 1691 distichon
1300 1683 1313 1701 ,
1337 1658 1365 1692 si
1394 1658 1544 1703 abesset,
1569 1659 1717 1694 minime

1039 1707 1320 1743 desiderandum.

1079 1756 1134 1794 88.
1152 1762 1236 1803 Quis·
1250 1764 1349 1794 vetat
1358 1764 1396 1794 et
1403 1762 1548 1804 gladios.
1560 1760 1653 1796 Leve
1663 1769 1717 1797 est

1038 1810 1131 1856 quod
1146 1811 1258 1846 dicam
1271 1837 1280 1854 ,
1300 1810 1490 1846 dicendum
1500 1818 1619 1848 tamen
1631 1838 1640 1856 ‚
1657 1826 1717 1847 re-

1037 1864 1122 1909 poni
1147 1864 1316 1898 nimirum
1344 1864 1493 1909 debere,
1516 1865 1572 1900 vel
1594 1873 1717 1902 contra

1038 1916 1172 1951 codices
1181 1923 1349 1960 vetustos,
1367 1917 1460 1960 Quid
1467 1921 1572 1952 vetat.
1583 1918 1716 1954 HRIRS.

1038 1983 1082 1993 -
1099 1967 1188 2000 Leve
1204 1965 1348 2010 quidem
1360 1992 1370 2010 ‚
1396 1972 1431 2001 et
1453 1966 1548 2011 quod
1563 1979 1638 2002 non
1658 1967 1717 2002 in-

1038 2016 1154 2062 digeat
1184 2016 1448 2061 quatuordecim
1477 2017 1636 2052 locorum
1660 2018 1718 2053 in-

1039 2068 1265 2114 terpositione
1278 2094 1288 2112 ,
1309 2075 1348 2102 ut
1364 2068 1471 2103 fidem
1487 2069 1652 2105 obtineat.

1082 2132 1136 2167 90·
1151 2121 1315 2154 Grandia.
1326 2120 1448 2164 Recte,
1463 2133 1540 2166 quae
1551 2121 1715 2156 duritiam

1037 2170 1189 2206 dominae
1201 2197 1210 2215 ,
1228 2172 1284 2206 cui
1295 2172 1504 2207 servituram
1518 2186 1554 2208 se
1565 2173 1692 2209 metuit
1703 2199 1714 2217 ,

1038 2230 1205 2268 arguunt:
1216 2223 1263 2257 ita
1272 2226 1387 2269 iniqua
1391 2237 1503 2268 pensa
1514 2238 1524 2259 :
1539 2224 1581 2260 de
1592 2225 1716 2272 quibus

1035 2275 1108 2320 jam
1129 2275 1194 2321 Ep.
1211 2286 1269 2319 1x,
1289 2277 1341 2322 78.
1354 2276 1484 2311 Bmtm.

1077 2340 1130 2375 92.
1158 2328 1315 2372 Quodque
1326 2331 1437 2373 magis
1447 2332 1590 2364 memini.
1613 2329 1712 2365 Rec-

1034 2380 1102 2415 tius
1114 2380 1299 2426 legeretur,
1319 2382 1454 2426 Quoque
1468 2385 1578 2426 magio·
1589 2385 1714 2417 memte

1034 2434 1148 2479 majus
1158 2433 1326 2468 meritum
1340 2433 1423 2469 dicit
1435 2434 1573 2470 Theseo
1586 2447 1622 2469 se
1629 2446 1712 2479 pac-

1034 2492 1107 2521 tam
1129 2486 1230 2520 fuisse
1248 2512 1257 2529 ,
1289 2498 1395 2531 quam
1421 2499 1493 2521 esse
1521 2485 1652 2521 Minois
1676 2492 1712 2520 et
1745 2487 1751 2493 '

1036 2538 1220 2584 Pasiphaes
1238 2538 1354 2573 filiam.
1371 2539 1415 2573 In
1430 2539 1543 2585 prima
1558 2538 1711 2572 editione

1034 2597 1109 2624 erat
1123 2603 1131 2625 :
1153 2592 1288 2635 Quoque
1302 2594 1410 2636 magis
1430 2593 1592 2626 memini...
1608 2594 1714 2635 nupta

1023 2643 1092 2687 fui.
1112 2641 1200 2676 cod.
1218 2642 1359 2678 Douzae.
1382 2643 1493 2677 Imm.

1075 2697 1127 2742 95.
1144 2696 1298 2729 Deorum.
1322 2697 1478 2730 Ferarum
1502 2693 1539 2727 in
1563 2692 1708 2728 Grono-

1031 2746 1134 2779 viano
1151 2758 1158 2779 :
1173 2746 1266 2790 quod
1297 2746 1355 2790 qui
1381 2745 1558 2790 supposuit
1573 2770 1582 2786 ,
1610 2756 1707 2788 prae—

1032 2803 1192 2841 terquam
1206 2796 1299 2841 quod
1315 2803 1404 2832 astra
1418 2795 1480 2831 suh
1491 2795 1609 2841 figuris
1625 2794 1710 2830 Ser-—
