1884 3112
319 263 406 319 284

744 263 1107 310 EPISTOLA
1143 264 1283 311 XVI,

317 356 506 405 Illasibi
526 356 749 419 ingentem
770 357 862 405 visa
884 368 951 405 est
972 354 1055 405 sub
1080 356 1266 419 imagine
1289 357 1431 405 somni
1671 355 1715 417 45

380 432 697 482 Flammiferam
720 431 852 499 pleno
876 432 1054 482 reddere
1076 445 1224 482 ventre
1246 433 1393 482 facem.

316 508 487 556 Territa
509 509 763 571 consurgit3
787 509 1106 576 metuendaque
1128 509 1274 558 noctis
1298 527 1443 576 opacae

380 584 486 633 Visa
508 586 601 633 seni
624 586 798 634 Priamo
814 606 824 644 ;
843 586 1016 635 vatibus
1038 586 1111 635 ille
1134 586 1279 635 refert.

315 659 523 707 Arsuram
546 661 717 709 Paridis
740 673 858 710 vates
881 663 998 710 canit
1018 662 1132 710 Ilion
1153 663 1259 727 igni.

378 734 596 795 Pectoris,
619 749 671 785 ut
693 757 812 787 nunc
835 750 923 797 est,
947 739 1018 786 fax
1038 738 1124 786 fuit
1145 728 1221 786 illa
1244 738 1342 786 mei.
1673 751 1718 786 50

317 812 476 860 Forma
497 813 709 880 vigorque
732 815 887 873 animi,
914 815 1109 881 quamvis
1130 815 1183 863 de
1200 814 1330 881 plebe
1350 814 1551 873 videbar,
1702 812 1705 813 ⁷

380 891 598 939 Indicium
620 903 742 940 tectae
763 892 1009 941 nobilitatis
1032 903 1168 941 erant.
1210 914 1214 917 ·

315 967 399 1013 Est
420 965 544 1015 locus
568 967 615 1014 in
637 967 790 1015 mediae
811 969 1058 1016 nemorosis
1079 968 1266 1016 vallibus
1290 968 1377 1016 Idae

380 1044 567 1101 Devius,
592 1055 636 1092 et
657 1044 792 1110 piceis
815 1044 1076 1111 ilicibusque
1099 1046 1304 1112 frequens
1325 1065 1336 1104 3

319 1118 411 1181 Qui
434 1138 513 1167 nec
539 1120 631 1167 ovis
654 1119 853 1186 placidae,
877 1140 958 1170 nec
981 1122 1164 1169 amantis
1189 1140 1291 1170 saxa
1313 1121 1504 1188 capellae,
1678 1133 1721 1167 55

381 1195 472 1243 Nec
492 1195 645 1262 patulo
670 1197 803 1245 tardae
827 1198 1020 1264 carpitur
1043 1217 1117 1245 ore
1140 1198 1282 1248 bovis.

318 1270 434 1319 Hinc
458 1291 538 1334 ego
561 1273 793 1321 Dardaniae
815 1292 965 1322 muros
979 1312 991 1333 ,
1016 1274 1269 1341 excelsaque
1293 1285 1427 1332 tecta,

379 1350 439 1396 Et
460 1348 569 1397 freta
591 1350 885 1416 prospiciens,
912 1351 1068 1400 arbore
1092 1351 1223 1399 nixus
1246 1369 1390 1399 eramo
1439 1399 1447 1404 ,

358 1470 410 1511 45.
432 1470 501 1502 Illa
518 1471 587 1503 sibi
593 1473 760 1514 ingentem
770 1473 845 1505 visa
859 1474 916 1505 es!
924 1473 984 1505 sub

314 1523 459 1563 imagine
479 1524 590 1554 somni
604 1528 667 1556 etc.
696 1522 861 1557 Meminit
883 1523 986 1568 hujus

317 1583 453 1616 quoque
461 1572 512 1606 rei
520 1573 793 1619 Tryphiodorus,
802 1574 853 1609 his
860 1575 970 1608 verbis
979 1587 987 1609 :

386 1622 393 1626 s
685 1630 727 1661 Δι’
745 1628 777 1660 δέ
789 1642 844 1661 που
862 1630 920 1666 ἤδη

317 1680 477 1711 Τίκτουσιν
485 1669 847 1725 μσγερῆςῑῖἶκάὲηςὼδίνις
862 1679 986 1724 δνείρων.

318 1727 365 1761 Et
382 1728 629 1773 Apollodorus,
646 1740 712 1773 111,
732 1736 780 1764 ui.
806 1729 908 1765 Cmr.

359 1781 410 1825 47.
424 1781 667 1825 Metuendaque
679 1785 787 1816 noctis
798 1795 908 1826 opacoe
927 1784 988 1816 Vi-

316 1844 365 1865 sa.
378 1832 456 1866 Hoc
466 1839 516 1866 est
525 1859 533 1876 ,
542 1832 709 1867 visionem
719 1834 786 1868 sive
798 1834 985 1876 somnium,

317 1882 410 1927 quod
426 1897 488 1928 per
505 1891 645 1918 noctem
668 1897 809 1930 opacam
823 1912 832 1929 ,
850 1886 916 1920 hoc
937 1891 988 1919 est

316 1936 497 1969 obscuram
509 1962 518 1978 ,
535 1936 676 1971 viderat.
693 1938 830 1971 MICYL.

360 1987 411 2029 48.
442 1990 582 2022 Vatibus
605 1991 664 2022 ille
687 1989 796 2033 refi’rt.
828 1989 987 2028 Vatibus,

317 2037 352 2071 id
369 2045 439 2081 est,
461 2039 706 2085 interpretibus
728 2047 763 2074 et
784 2039 992 2085 conjectori-

317 2090 380 2124 bus
406 2092 622 2126 somniorum
641 2118 650 2135 ‚
677 2093 735 2137 qui
767 2092 872 2126 etiam
893 2095 992 2125 vales

319 2142 491 2177 dicuntur.

362 2196 413 2240 49.
437 2195 597 2228 Arsurum
618 2196 753 2229 Pan'dis·
771 2199 869 2228 vales
886 2198 989 2228 canit.

322 2244 360 2278 ld
374 2252 442 2288 est,
452 2253 544 2280 vates
555 2254 683 2281 canunt
694 2273 703 2290 ,
714 2247 782 2281 sive
793 2246 990 2292 praedicant,

324 2297 453 2331 Paridis
464 2297 535 2342 igni
544 2298 688 2343 Trojam
695 2297 993 2343 conflagraturam:

322 2349 387 2383 hoc
404 2356 476 2393 est,
499 2351 607 2384 sacem
622 2376 631 2393 ,
654 2350 696 2384 de
719 2362 785 2394 qua
807 2349 993 2384 somniarat

323 2400 468 2435 Hecuba
481 2427 490 2444 ,
508 2400 698 2446 significare
722 2401 923 2436 incendium
940 2407 993 2434 at-

319 2464 385 2495 que
398 2452 539 2486 exitium
551 2453 677 2497 patriae.
692 2453 754 2487 Est
767 2460 884 2487 autem
897 2453 987 2486 Pro-

320 2504 419 2549 lepsis
442 2516 450 2538 :
474 2504 633 2538 nondum
668 2504 763 2539 enim
790 2504 832 2539 de
862 2503 992 2539 Paridis

320 2557 464 2591 nomine
478 2583 487 2600 ,
505 2563 563 2590 aut
579 2569 696 2591 amore
708 2583 717 2600 ,
736 2569 840 2601 quem
857 2555 912 2590 hic
931 2568 994 2600 per

319 2609 438 2652 ignem
454 2608 607 2654 intelligo
619 2635 628 2652 ,
647 2609 830 2652 quicquam
851 2613 994 2641 consta-

323 2660 380 2692 bat
405 2672 413 2692 :
438 2667 477 2693 ut
503 2660 560 2704 qni
586 2659 747 2694 nondum
772 2665 873 2692 natus
898 2664 993 2692 esset.

322 2710 459 2744 MICYL.
495 2713 655 2747 Arsurum
692 2718 743 2748 est
771 2711 807 2746 in
843 2709 993 2744 editione

328 2761 416 2797 Aldi.
436 2762 564 2797 BunM.

1094 1473 1144 1505 51.
1168 1473 1288 1505 Forma
1305 1474 1459 1515 vigorque
1479 1473 1593 1505 animi.
1613 1470 1724 1506 Disti-

1049 1523 1139 1557 chon
1159 1523 1224 1557 hoc
1240 1523 1315 1557 loco
1335 1523 1486 1557 alienum
1503 1524 1651 1558 Heinsio
1671 1524 1725 1558 vi·-

1051 1573 1152 1608 detur
1168 1601 1177 1618 ,
1201 1581 1236 1608 et
1268 1574 1305 1608 in
1332 1581 1537 1619 sequentem
1563 1575 1724 1623 paginam

1050 1626 1281 1670 rejiciendum
1302 1626 1413 1671 aptius
1427 1652 1436 1669 ,
1454 1633 1531 1671 post
1545 1626 1620 1660 illa:

1080 1680 1178 1712 Regius
1189 1688 1314 1712 agnoscor
1324 1688 1370 1712 per
1383 1684 1438 1704 rau
1454 1680 1526 1711 sigua
1535 1688 1608 1713 puer.

1054 1726 1129 1762 Cur
1141 1735 1257 1762 autem
1268 1728 1343 1762 loco
1351 1734 1543 1772 moveatur,
1554 1728 1670 1763 nullus
1678 1727 1726 1762 vi-

1052 1779 1325 1825 dea—Scaliger
1337 1779 1392 1814 hic
1401 1779 1586 1814 desiderari
1596 1780 1726 1825 aliquot

1052 1838 1149 1876 putat
1166 1843 1282 1865 versus
1293 1856 1303 1873 ,
1327 1831 1449 1875 quibus
1472 1830 1704 1865 declararetur
1715 1856 1724 1874 ‚

1054 1882 1229 1927 quomodo
1266 1883 1457 1928 pastoribus
1491 1881 1533 1916 ad
1562 1881 1727 1916 alendum

1054 1935 1197 1969 traditus
1211 1960 1220 1977 ‚
1246 1935 1358 1968 satum
1386 1934 1554 1968 vitaverit.
1582 1933 1727 1969 Bnnsu.

1054 2003 1097 2014 ι-
1118 1985 1208 2020 Mihi
1229 1983 1369 2020 {videtur
1391 1985 1490 2020 Paris
1510 1984 1567 2019 illa
1590 1992 1728 2020 tantum

1055 2051 1095 2072 ex
1108 2037 1247 2072 historia
1266 2049 1327 2071 sua
1342 2049 1538 2071 memorare
1557 2037 1702 2071 voluisse
1716 2062 1727 2080 ,

1056 2102 1132 2134 quae
1164 2089 1278 2134 aliquo
1302 2088 1409 2123 modo
1443 2101 1525 2123 cum
1545 2088 1638 2125 fatali
1662 2089 1729 2123 isto

1055 2155 1171 2176 amore
1187 2154 1250 2175 suo
1268 2147 1326 2175 aut
1341 2146 1474 2184 essent,
1495 2147 1554 2174 aut
1574 2139 1637 2185 ipsi
1657 2152 1727 2174 esse

1054 2193 1259 2228 viderentur
1275 2192 1352 2237 conj
1358 2198 1472 2226 uncta.
1492 2191 1652 2226 LENNEP.
1660 2219 1667 2222 .

1100 2253 1151 2286 53.
1167 2254 1364 2287 Nemorosis.
1381 2250 1546 2285 Francius
1560 2250 1727 2293 malebat,

1055 2305 1173 2338 mediis
1198 2315 1374 2338 nemorose
1403 2304 1557 2343 vallffius,
1575 2303 1663 2346 Ida,
1690 2307 1729 2335 ut

1055 2355 1111 2390 lib.
1127 2367 1158 2399 1,
1179 2356 1274 2390 Artis
1294 2354 1411 2389 Amat.
1428 2353 1501 2400 289.

1100 2409 1150 2452 57.
1184 2409 1275 2441 Hinc
1304 2419 1365 2450 ego
1394 2406 1578 2439 Dardania
1610 2416 1727 2439 muros.

1056 2458 1242 2492 Dardaniae
1266 2469 1394 2491 muros
1411 2456 1603 2502 improprie
1624 2454 1707 2490 dixit
1719 2481 1728 2498 ,

1057 2523 1120 2555 pro
1135 2510 1244 2554 Troja
1254 2522 1262 2544 :
1272 2509 1335 2543 alia
1347 2508 1441 2543 enim
1454 2507 1630 2542 Dardania
1640 2532 1649 2549 ,
1667 2505 1731 2540 alia

1058 2562 1166 2606 Troja
1184 2561 1258 2595 suit.
1283 2559 1452 2595 Ceterum
1472 2558 1580 2593 multa
1600 2557 1730 2602 hujus-

1057 2612 1153 2647 modi
1171 2619 1252 2647 sunt
1279 2613 1316 2646 in
1341 2612 1394 2646 his
1415 2610 1565 2645 versibus
1589 2612 1730 2652 notata,

1058 2677 1099 2699 ex
1124 2664 1245 2708 quibus
1267 2663 1361 2697 facile
1384 2667 1543 2707 apparet,
1561 2673 1633 2694 non
1659 2672 1731 2694 esse

1058 2722 1196 2760 γνησίους
1208 2715 1333 2748 Ροὲῑᾶὲ.
1347 2714 1481 2748 MICYL.
1498 2711 1602 2746 Forte
1613 2737 1623 2755 ,
1636 2712 1732 2745 Dat-²

1059 2768 1178 2801 doulos
1194 2777 1311 2800 muros.
