1884 3112
0 512 31 686 ’κγ’-θ”ῗεξ-’ξε-ἰ
0 415 26 490 55⁴,-
11 373 14 375 ν
20 327 31 339 *v
3 180 33 283 „kim

0 946 21 975 ντ
0 804 30 939 εις-’τῇς

0 666 36 805 ΐὲέὶιῖέζ

621 238 805 283 neno
841 239 1183 286 LEANDRO.
1535 245 1622 308 357

254 327 357 397 *Aut
379 328 542 392 gemini
564 347 758 398 nequeas
781 330 895 381 ferre
918 331 1087 382 laboris
1112 352 1240 383 onus.

196 406 260 456 At
280 425 364 456 nos
388 406 549 458 diversi
567 409 763 459 medium
786 429 993 460 coeamus
1016 411 1065 460 in
1081 430 1242 479 *aequor
1258 450 1271 470 ‚

263 485 499 554 Obviaque
522 487 570 541 in
593 488 777 538 summis
803 488 954 538 oscula
976 488 1130 539 demus
1151 491 1305 558 aquis;

196 563 350 630 Atque
374 564 436 614 ita
458 565 648 633 quisque
672 585 775 616 suas
796 567 957 615 iterum
979 566 1209 617 redeamus
1233 569 1289 618 ad
1311 570 1459 620 urbes.

262 642 507 706 Exiguum!
532 644 610 693 sed
631 643 736 712 plus
755 664 887 712 quam
909 644 1023 693 nihil
1047 644 1159 694 illud
1182 646 1279 695 erit.
1566 677 1577 700 ι

1585 678 1628 700 '0

197 718 281 768 Vel
302 720 452 787 pudor
473 721 548 771 hic
569 722 765 782 utinam,
792 723 871 790 qui
893 741 979 771 nos
1000 721 1111 772 clam
1135 725 1258 788 cogit
1277 746 1441 786 amare,

260 795 346 845 Vel
367 797 549 847 timidus
568 797 694 847 famae
718 798 870 848 cedere
891 798 1024 849 vellet
1045 803 1193 849 amor!

195 876 327 925 Nunc
348 875 461 926 male
484 895 555 926 res
571 877 754 942 junctae,
780 877 902 926 calor
926 890 971 927 et
993 879 1258 938 reverentia,
1282 879 1500 947 pugnant.

261 951 386 1017 Quid
409 971 589 1020 sequar,
614 953 662 1002 in
686 953 828 1003 dubio
850 966 919 1004 est
938 975 949 1004 ε
967 955 1060 1005 haec
1085 956 1229 1016 decet3
1253 956 1327 1007 ille
1346 958 1482 1024 juvat.

195 1029 260 1077 Ut
279 1029 413 1079 semel
435 1030 618 1080 intravit
640 1031 836 1095 Colchos
859 1034 1092 1098 Pagasaeus
1116 1037 1248 1085 Iason
1261 1074 1274 1096 ,
1565 1054 1626 1099 175

260 1107 521 1173 Impositam
544 1108 676 1158 celeri
698 1110 891 1160 Phasida
910 1131 1062 1180 puppe
1086 1112 1202 1161 tulit.

194 1184 259 1232 Ut
279 1184 414 1234 semel
434 1185 578 1235 Idaeus
601 1187 915 1238 Lacedaemona
937 1190 1059 1239 venit
1079 1190 1274 1251 adulter,

261 1261 376 1311 Cum
396 1263 545 1330 praeda
562 1264 694 1313 rediit
715 1266 924 1333 protinus
945 1267 1019 1318 ille
1040 1287 1132 1318 sua.

191 1338 284 1397 Tu,
310 1358 444 1406 quam
464 1360 579 1409 saepe
601 1342 716 1410 petis
742 1345 866 1411 quod
890 1364 1033 1406 amas,
1058 1358 1147 1395 tam
1167 1365 1281 1413 saepe
1302 1345 1518 1414 relinquis
1536 1366 1547 1406 ;

257 1418 320 1466 Et
343 1419 520 1486 quoties
544 1440 674 1484 grave
696 1421 748 1470 fit
767 1424 1011 1491 puppibus*
1022 1425 1110 1485 ire,
1133 1436 1271 1474 natas.
1558 1442 1620 1476 180

194 1497 268 1547 Sic
292 1510 462 1558 tamen,
487 1519 515 1549 o
533 1501 728 1567 juvenis,
754 1494 1022 1552 tumidarum
1044 1504 1188 1552 vietor
1210 1523 1444 1571 aquarum,

259 1577 334 1628 Sic
354 1577 489 1628 facito
514 1598 696 1647 spernas
709 1618 722 1640 ‚
747 1592 800 1629 ut
820 1600 1016 1641 vereare,
1041 1581 1218 1631 fretum.

192 1685 282 1724 sint,
310 1681 442 1730 Regius
462 1682 571 1719 codex
592 1696 601 1719 :
624 1684 718 1730 quod
740 1685 769 1721 si
791 1698 873 1720 mox

191 1748 296 1782 queas
305 1743 421 1783 posset
428 1736 495 1784 legi
503 1763 514 1782 ‚
525 1737 581 1772 vel
590 1750 654 1784 pro
664 1751 707 1773 eo
718 1765 727 1782 ‚
737 1743 854 1783 possis
861 1766 870 1781 ‚

191 1787 343 1835 placeret
365 1802 374 1825 :
394 1790 570 1835 majorem
591 1791 689 1826 enim
711 1792 749 1827 in
766 1805 873 1828 com-

190 1841 344 1887 plexibus
353 1842 473 1878 amice
479 1855 618 1877 moram
625 1844 764 1879 trahere
773 1858 874 1880 coac-

191 1900 248 1928 tus
264 1918 275 1937 ,
310 1901 471 1930 metuere
489 1901 628 1941 poterat
650 1908 724 1931 non
748 1896 874 1932 ardens

193 1953 347 1991 amator,
369 1946 433 1982 sibi
448 1953 587 1994 tempus
603 1948 809 1984 defuturum
831 1949 875 1984 ad

191 1997 439 2042 redeundum3
467 2007 504 2035 et
522 2013 713 2037 sarcasmus
727 2002 876 2048 elegan-

192 2052 261 2088 tior
273 2052 412 2089 inesset.
428 2054 567 2089 Metuas
582 2061 700 2090 tamen
715 2062 819 2090 recte.
831 2055 873 2091 Β.

239 2106 311 2142 166.
333 2109 387 2142 Et
406 2120 551 2154 nequeas
563 2102 699 2153 gemini.
721 2109 798 2143 Aut
812 2122 876 2153 ge-

193 2159 593 2207 mininequeaesplexique
605 2160 740 2196 codices
750 2187 759 2205 ,
768 2161 874 2196 etiam

193 2211 365 2247 meliores.
381 2212 656 2256 Herus—Alii,
668 2226 712 2248 ac
718 2226 874 2259 nequeas.

193 2262 317 2310 Longe
339 2277 423 2300 vero
443 2265 530 2301 alius
549 2278 669 2301 sensus
687 2265 725 2301 in
744 2279 816 2301 una
839 2272 875 2301 et

193 2314 301 2360 altera
326 2315 476 2352 lectione
500 2327 509 2348 τ
530 2317 557 2352 si
583 2318 680 2353 enim
701 2322 737 2352 et
758 2318 873 2363 legas,

193 2367 249 2403 vel
262 2380 323 2409 ac,
350 2367 394 2403 de
409 2371 519 2404 reditu
539 2369 696 2404 lahorem
708 2374 874 2414 geminum

193 2433 277 2456 sane
290 2420 451 2467 intelligit
462 2422 563 2457 Hero
573 2436 582 2465 ς
596 2422 649 2457 sin
665 2429 784 2457 autem
795 2427 871 2464 aut,

194 2473 365 2519 respicere
381 2473 541 2508 videatur
556 2473 598 2508 ad
622 2476 768 2509 laborem
780 2501 790 2519 ,
814 2475 875 2521 qui

194 2525 414 2572 potissimum
428 2525 493 2562 viae
509 2526 589 2562 finis
605 2526 709 2562 simul
725 2533 760 2563 et
775 2540 874 2574 prae-

193 2578 318 2614 mium.

241 2630 314 2679 159.
326 2631 439 2677 Atque
453 2633 506 2666 ita
516 2635 652 2677 quisque
664 2644 745 2667 suas
758 2636 874 2669 iterum

194 2685 369 2718 redeamus
387 2686 440 2718 ud
454 2686 561 2719 urbes.
587 2684 794 2720 Notandum
818 2685 875 2722 hic

194 2736 342 2771 verbum
357 2739 508 2782 quisque,
529 2736 571 2772 de
588 2736 725 2772 duobus
739 2737 815 2772 dici.
832 2737 875 2773 C.

194 2786 250 2823 Ita
269 2798 306 2827 et
320 2788 466 2828 sueton.
493 2790 584 2836 Aug.
600 2790 653 2826 26.
666 2805 673 2826 :
687 2791 736 2825 Ut
759 2792 874 2828 Caium

937 1689 976 1721 et
995 1686 1240 1732 Luctumfilt'os
1250 1711 1259 1726 ‚
1285 1697 1347 1720 suo
1358 1697 1515 1730 quemque
1530 1690 1623 1733 tyro-

937 1739 1027 1771 cinio
1033 1738 1212 1771 deduceret
1218 1736 1383 1781 infor-um.
1397 1737 1548 1782 Quintil.
1560 1748 1618 1781 111,

938 1789 1053 1824 Instit.
1083 1788 1184 1836 Orat.
1201 1788 1222 1822 6
1240 1801 1248 1823 :
1266 1790 1337 1823 Sed
1354 1792 1390 1823 in
1410 1791 1475 1823 boc
1485 1791 1623 1834 pmpn‘a

937 1845 1073 1886 qutquue
1094 1854 1207 1876 eorum
1223 1844 1407 1886 questione
1423 1844 1557 1876 nitetur.
1581 1842 1623 1875 In

938 1897 1035 1929 urbes
1051 1895 1158 1928 etiam
1179 1894 1235 1928 alii
1252 1904 1260 1926 ε
1282 1896 1334 1928 ad
1344 1907 1442 1928 arces
1462 1893 1533 1927 duo
1550 1906 1558 1928 ς
1575 1895 1627 1927 ad

939 1960 1037 1989 oras,
1066 1946 1349 1981 Barberinianus.
1365 1946 1497 1981 Bunm.

990 2013 1060 2045 ¹7¹·
1085 2001 1183 2033 Clam
1209 2001 1310 2043 cogit.
1337 1997 1395 2033 Sic
1421 1996 1622 2044 legendum.

942 2050 1029 2086 Aliae
1045 2046 1216 2086 editiones
1228 2076 1238 2094 ,
1256 2055 1326 2085 tam
1342 2053 1441 2095 cogit.

988 2103 1060 2150 173.
1085 2105 1190 2138 Calor
1199 2110 1263 2138 etc.
1281 2103 1453 2148 Excerpta
1467 2102 1599 2138 Douzae
1611 2129 1621 2147 ‚

947 2157 1059 2190 Venus
1066 2160 1104 2190 el
1114 2169 1178 2190 rev.
1191 2155 1363 2190 Gronovii
1374 2154 1501 2200 codex,
1513 2157 1627 2200 pudor

939 2213 976 2243 et
988 2211 1182 2243 reverentia.

988 2262 1059 2305 174.
1084 2262 1126 2295 In
1147 2262 1251 2299 dubio.
1267 2265 1330 2296 est.
1358 2261 1460 2304 Quod
1476 2263 1629 2306 sequitur

939 2314 1073 2348 dubhtm
1096 2318 1168 2355 est,
1198 2314 1419 2357 Putamus,
1444 2326 1488 2347 an
1502 2339 1511 2356 ,
1537 2314 1630 2358 quod

938 2379 1063 2411 sequar
1070 2369 1107 2400 in
1118 2367 1252 2401 dubium
1266 2370 1346 2400 est:
1367 2364 1435 2399 vid.
1454 2364 1496 2398 ad
1514 2364 1623 2410 Epist.

940 2430 1038 2462 xvn,
1061 2419 1132 2453 138.
1156 2421 1198 2454 ln
1209 2431 1327 2464 pugna
1343 2422 1407 2453 est.
1424 2417 1564 2463 Regius.

988 2474 1058 2517 175.
1082 2473 1268 2516 Pagasaeus
1293 2472 1406 2506 Iason.
1429 2471 1621 2514 Pagare0s‚

939 2524 1142 2559 Puteaneus
1154 2538 1162 2566 ;
1177 2523 1271 2570 quod
1281 2531 1333 2559 est
1343 2525 1518 2568 Pagaseos
1530 2522 1625 2558 Grae-

938 2589 978 2611 ca
1001 2576 1243 2611 enuntiatione
1257 2602 1266 2620 ,
1293 2583 1333 2611 ut
1353 2588 1442 2621 saepe
1463 2575 1551 2610 alibi.
1574 2575 1623 2610 H.

988 2629 1061 2663 180.
1087 2630 1198 2663 Grave
1211 2632 1267 2663 sil.
1292 2628 1502 2674 Grave-filex
1513 2627 1622 2673 scrip-

939 2680 982 2714 tis
998 2679 1098 2714 multi
1116 2690 1123 2712 :
1141 2687 1179 2715 ut
1194 2680 1250 2715 lib.
1273 2694 1285 2715 ι
1299 2706 1308 2724 ,
1328 2679 1451 2714 Amor.
1467 2693 1485 2714 ιι
1500 2689 1510 2711 :

1056 2735 1127 2760 Leve
1139 2735 1167 2760 fit
1178 2754 1186 2767 ‚
1207 2735 1277 2769 quod
1289 2735 1352 2760 bene
1363 2734 1466 2766 serum,
1481 2742 1556 2760 onius.
1566 2734 1603 2759 H.

942 2784 1066 2820 Franc.
1083 2783 1240 2828 volebat,
1257 2789 1294 2819 et
1301 2787 1450 2830 quamvis
1460 2786 1623 2829 gravefil.
