1884 3112
508 293 864 340 DEJANIRA
907 294 1244 340 HERCULI.

1514 297 1589 339 181

233 387 454 455 Factaque
470 387 680 438 narrabas
700 385 1015 437 dissimulanda
1034 387 1134 437 tibi.

173 464 352 515 Scilicet
373 465 605 525 immanes,
629 465 750 515 elisis
770 465 996 523 faucibus,
1021 464 1192 532 hydros
1551 479 1595 514 35

236 542 458 592 Infantem
480 543 611 592 nodis
634 542 876 593 involuisse
899 541 1110 591 manum?

172 623 239 672 Ut
257 624 468 688 Tegeaeus
491 641 597 691 aper
619 620 919 690 cupressifero
936 618 1210 686 Erymantho

237 700 448 756 Incubet,
474 711 519 749 et
540 711 667 749 vasto
689 698 887 766 pondere
909 696 1040 745 laedat
1061 695 1282 744 humum?

173 777 279 827 Non
302 777 387 826 tibi
405 776 624 826 Threiciis
648 775 790 825 adfixa
811 773 1051 843 penatibus
1076 791 1178 831 ora,

172 891 292 927 omnia
307 884 475 938 eripienda
496 903 506 926 τ
527 896 569 926 tu
591 889 640 925 ita
662 888 852 925 instructus

170 942 318 979 lanifica
326 942 458 979 ancill:
470 941 595 978 habitu
603 941 767 977 narrabas
781 943 852 976 exi-

170 998 261 1031 nias
274 1007 434 1040 pompas,
464 995 479 1039 (
492 1007 557 1041 per
571 1007 657 1040 quas
671 995 854 1038 triumphos

170 1046 361 1093 intelligit),
379 1059 457 1093 quae
472 1045 607 1082 semina
620 1044 767 1080 laudum
781 1051 854 1080 tua·

170 1105 344 1135 rummnt
354 1125 365 1143 ,
382 1105 420 1134 et
433 1099 522 1136 sacta
533 1124 545 1143 ‚
562 1110 640 1144 quae
653 1110 777 1133 revera
791 1097 854 1133 tibi

171 1150 274 1187 nenti
285 1157 388 1186 erant
401 1152 657 1186 din-simulanda.

217 1204 271 1239 85.
282 1204 402 1239 Elaris.
412 1203 471 1239 sic
478 1202 651 1239 meliores.
664 1202 712 1237 H.
724 1201 833 1237 Recte
845 1214 856 1242 ;

173 1261 211 1292 et
225 1255 274 1291 ita
290 1255 399 1292 codex
413 1255 560 1300 Douzae,
573 1266 650 1299 x1v,
662 1254 752 1289 Met.
769 1253 831 1301 738
847 1264 856 1287 ι

174 1309 267 1346 Atque
278 1319 344 1337 onus
354 1311 446 1337 infelix
455 1311 519 1337 elisa
530 1310 604 1335 fauce
617 1309 749 1344 pependit.

176 1359 302 1396 senee.
318 1370 370 1396 vl.
390 1360 515 1398 Natur.
538 1359 674 1405 Quaest.
689 1358 732 1393 28
751 1369 761 1392 :
778 1358 858 1393 Non

175 1414 296 1455 aliter,
319 1424 418 1459 quam
439 1425 507 1459 pet
522 1415 591 1447 vim
619 1413 715 1446 elim
729 1410 856 1456 fauces

175 1469 315 1500 tument.
329 1465 454 1501 Senec.
467 1464 575 1500 Herc.
594 1465 678 1500 Fur.
692 1477 752 1498 221
766 1474 776 1497 t

208 1523 246 1549 Bt
253 1522 355 1549 tumida
365 1527 453 1548 tenen
462 1527 568 1556 guttura
578 1522 677 1548 elidem
688 1529 781 1545 manu.
788 1520 822 1545 Β.

221 1571 275 1606 86.
282 1571 454 1618 Infantem
462 1573 562 1606 nodet·-
568 1577 633 1606 etc.
639 1570 752 1605 Locus
759 1581 857 1604 men,-

176 1622 386 1660 desinimus.
400 1624 602 1672 Puteaneus
612 1623 765 1669 optimus
773 1633 856 1657 cum

174 1676 299 1711 ceteris
306 1675 478 1723 plerisque
489 1674 736 1723 prestantioris
746 1680 856 1709 notae:

173 1727 346 1773 Infantem
369 1730 489 1764 caudea-
506 1730 689 1764 muolutlrse
713 1740 856 1763 manum.

177 1779 272 1826 Qua
295 1780 466 1828 scriptura
485 1781 642 1828 proxima
665 1787 717 1816 est
739 1792 832 1815 verae
845 1806 856 1824 ‚

165 1833 228 1868 ‚uti
240 1845 323 1868 mox
333 1832 539 1869 videbimus.
551 1833 633 1878 Alii,
645 1839 751 1880 prout
762 1832 859 1878 quis-

174 1898 244 1932 que
255 1885 547 1932 interpolatorum
556 1885 733 1921 licentiam
748 1885 857 1931 magis

175 1938 354 1985 magisque
381 1938 463 1974 sunt'
488 1938 639 1985 experti,
665 1951 685 1972 a
708 1938 857 1983 vestigiis

175 1990 387 2027 Nasonianae
397 2004 522 2027 manus
531 1991 668 2038 longius
677 1990 857 2026 recedunt.

175 2043 348 2079 Nonnulli
357 2057 399 2079 ex
407 2044 555 2079 minime
569 2042 839 2079 contemnendis
849 2055 858 2078 :

176 2097 350 2143 Infantem
372 2101 469 2133 cunt&
493 2099 675 2132 involmhe
691 2110 823 2132 manum
841 2107 855 2139 ,⁵

178 2148 323 2194 quidam
338 2162 347 2185 ε
365 2150 537 2195 Infantem
550 2152 642 2184 nuda
651 2151 858 2184 ddacerasse

177 2213 288 2237 mann.
306 2202 408 2237 Alter
419 2202 657 2238 Mentelianus
667 2214 675 2235 :
686 2202 858 2247 Infantem

177 2255 313 2289 viduum
322 2256 529 2290 duacerasse
535 2268 646 2289 manu.
658 2254 858 2298 Alii7aliter.

178 2305 415 2342 scribendum
430 2320 439 2342 ε
455 2309 627 2354 Infantem
647 2311 747 2344 nodis
763 2312 858 2343 Inoa—

174 2360 283 2393 luaezese
298 2372 441 2396 manum.
466 2360 563 2396 Nihil
582 2361 698 2396 verius
713 2373 721 2395 ε
736 2361 772 2395 in
790 2374 858 2407 qua

178 2411 396 2446 correctione
414 2411 501 2446 nihil
519 2425 537 2446 a
558 2413 772 2448 membranis
788 2413 855 2449 de-

179 2462 260 2498 flexi
281 2464 552 2511 castigatioribus
565 2491 574 2508 ‚
598 2465 754 2511 nihilque
771 2480 860 2512 per-

178 2516 257 2551 misi
273 2516 382 2561 mihi,
404 2516 471 2552 nisi
491 2517 585 2563 quod
600 2520 699 2552 nodis
721 2520 859 2564 reposui

177 2581 244 2615 pro
253 2571 393 2611 caudis,·
407 2569 576 2604 nimirum
586 2571 681 2604 cod125
688 2583 752 2616 pro
763 2574 861 2606 nodis

179 2622 323 2668 antiqua
339 2622 468 2657 librarii
482 2621 626 2657 dederat
640 2636 775 2659 manus.
793 2626 860 2659 Co-

167 2676 244 2710 -das
257 2675 355 2710 enim
370 2682 406 2711 et
420 2677 549 2710 caudas
560 2676 755 2721 promiscue
765 2689 859 2711 con-

179 2728 385 2764 fundebant.
407 2729 455 2764 H.
469 2747 514 2756 —
530 2729 611 2764 Non
624 2742 715 2776 nego
724 2729 772 2764 ita
788 2729 865 2766 fieri

179 2780 331 2826 potuisse
344 2806 354 2824 ,
370 2794 437 2816 nec
454 2781 609 2827 apposite
621 2781 658 2815 in
672 2780 736 2816 hac
753 2782 866 2817 sabula

185 2834 353 2880 anguium
365 2834 556 2870 memorari
569 2837 675 2871 nodos
691 2845 703 2878 ;
724 2834 784 2871 sed
799 2835 866 2872 hoc

920 887 1012 933 dice,
1024 901 1100 923 non
1115 887 1194 924 satis
1206 886 1354 924 Heinsio
1363 898 1471 924 causae
1481 887 1597 932 fuisse,

918 954 982 977 cur
991 941 1027 976 h.
1040 941 1060 976 l.
1078 954 1097 976 a
1112 940 1475 988 praestantissimorum
1485 939 1597 975 Cod'd.

917 993 1067 1029 lectione
1079 993 1259 1028 recederet
1269 1019 1279 1037 ‚
1292 1005 1370 1039 quae
1382 1000 1418 1028 et
1434 993 1600 1039 ipsapro-

917 1045 1057 1090 babilis,
1077 1058 1144 1081 nec
1158 1045 1276 1080 minus
1292 1044 1336 1080 ad
1353 1045 1468 1080 locum
1485 1058 1600 1092 appo-

918 1098 993 1133 sita.
1006 1098 1079 1134 Nos
1093 1098 1199 1144 igitur
1207 1099 1326 1133 caudis
1334 1100 1515 1132 involuisse
1523 1110 1598 1132 non

921 1149 1145 1192 damnamus;
1162 1151 1200 1185 in
1211 1157 1376 1186 contextu
1386 1157 1504 1185 tamen
1519 1163 1601 1185 cum

921 1202 1063 1247 Burm.‚
1082 1204 1265 1250 probatam
1280 1203 1376 1249 prius
1391 1203 1433 1237 ab
1452 1203 1601 1238 Heinsio

920 1254 1111 1290 lectionem
1124 1258 1221 1290 cum}
1229 1282 1238 1298 ‚
1252 1254 1522 1301 relinquendam
1532 1268 1600 1302 pu—

922 1308 1080 1343 tavimus.
1102 1308 1267 1343 Lunum.

964 1360 1018 1407 87.
1043 1360 1093 1394 Ul
1118 1361 1266 1404 Tegaeus.
1292 1360 1346 1395 Ita
1367 1359 1452 1396 editi
1473 1359 1600 1397 multi:

921 1415 1020 1457 utque
1049 1413 1177 1457 Tegeus
1196 1413 1396 1448 Puteaneus
1412 1420 1447 1447 et
1471 1425 1601 1448 novem

922 1463 978 1498 alii
1001 1477 1010 1499 z
1031 1463 1092 1499 sed
1114 1463 1326 1510 legendum,
1350 1471 1390 1499 ut
1417 1465 1548 1513 Micylli
1565 1471 1600 1500 et

922 1513 1061 1552 Heinsii
1077 1515 1201 1561 editio,
1220 1521 1261 1551 ut
1281 1519 1447 1562 stgeaeus.
1467 1537 1513 1543 —
1534 1519 1602 1552 Cu-

915 1568 1109 1613 pressifem.
1123 1570 1165 1603 In
1179 1569 1409 1616 cypressfiro,
1427 1570 1499 1605 fere
1516 1583 1603 1605 om-

921 1633 984 1655 nes
1000 1621 1116 1666 scripti
1131 1648 1141 1666 ,
1163 1628 1199 1656 et
1214 1621 1322 1657 editio
1337 1622 1514 1668 princeps,
1538 1622 1601 1658 sed

921 1685 1117 1720 perperam.
1127 1674 1292 1721 Virgilius
1303 1688 1387 1711 vero
1403 1686 1440 1719 v,
1458 1674 1601 1710 AEneid.

922 1727 987 1771 448
1000 1753 1010 1771 ,
1040 1727 1165 1773 pinum
1186 1728 1280 1763 nasci
1308 1728 1346 1763 in
1379 1726 1601 1775 Erymantho

921 1778 1061 1814 indicat.
1092 1780 1218 1816 Nescio
1245 1793 1290 1815 an
1315 1787 1357 1816 et.
1375 1781 1426 1816 ob*
1449 1793 1599 1827 cupres-

921 1843 1001 1866 sum
1012 1832 1180 1867 Horatius
1189 1858 1200 1876 ‚
1214 1832 1271 1867 lib.
1282 1833 1315 1877 1,
1327 1832 1399 1868 Od.
1410 1834 1601 1878 2=,.Nigms

920 1886 1127 1931 Erymanthi
1157 1887 1263 1919 silvas
1299 1885 1426 1920 dixerit
1439 1912 1449 1928 ,
1481 1898 1600 1930 quam-

921 1936 972 1971 vis
988 1943 1024 1971 et
1043 1949 1108 1982 pro
1126 1936 1338 1972 densis.cum
1355 1937 1466 1972 veteri
1481 1937 1605 1972 Scho-

921 1988 1016 2024 liaste
1026 1989 1178 2035 accipere
1185 1989 1296 2024 liceat.
1323 1991 1483 2035 Cyllenen
1492 1990 1599 2025 etiam

921 2042 1177 2089 cypresstfemm
1188 2049 1288 2078 vocat
1304 2042 1443 2087 Noster,
1457 2053 1494 2086 v,
1510 2042 1600 2088 Fast.

922 2107 955 2128 v.
971 2095 1024 2140 87.
1040 2094 1169 2129 Bunm.

966 2146 1018 2180 88.
1028 2148 1170 2180 Incubet
1175 2149 1213 2180 et
1221 2150 1322 2181 vasto
1332 2148 1481 2192 pondere
1495 2148 1605 2182 laedat

922 2200 1063 2233 humum.
1077 2198 1135 2234 Sic
1148 2199 1348 2235 Puteaneus
1365 2212 1373 2234 :
1389 2200 1520 2246 optime
1531 2227 1541 2245 ‚
1562 2207 1603 2235 ut

923 2264 986 2296 per
1010 2251 1413 2297 interrogationem'haec
1433 2252 1602 2288 dicantur.

924 2303 1057 2338 sciolus
1069 2310 1188 2338 tamen
1202 2303 1322 2350 aliquis
1337 2303 1512 2341 deleverat
1527 2318 1602 2350 pos-

923 2362 979 2390 tea
995 2362 1195 2402 utrumque.
1213 2357 1339 2391 zoedat
1351 2357 1457 2391 etiam
1470 2357 1602 2392 Moreti

922 2407 1020 2442 liber.
1028 2407 1287 2453 Gronovianus,
1290 2411 1409 2453 pulset
1412 2422 1422 2443 :
1430 2421 1503 2443 non
1511 2410 1601 2444 male

923 2460 1161 2495 Scriverianus
1177 2473 1186 2495 z

924 2523 1081 2547 Incumbens
1090 2528 1164 2548 vnto
1177 2523 1288 2556 pondere
1298 2523 1371 2549 lad-1
1380 2523 1490 2548 bnmum
1499 2524 1514 2548 ⁴?

924 2572 1116 2618 Sequentia
1140 2571 1246 2606 etiam
1265 2585 1328 2618 per
1349 2572 1602 2619 interrogatIO-

923 2638 1008 2660 nem
1017 2631 1099 2659 sunt
1107 2624 1253 2670 legenda
1264 2637 1373 2670 usque
1382 2624 1425 2659 ad
1432 2626 1541 2659 v.103.
1558 2626 1606 2661 H.

971 2677 1023 2725 89.
1048 2677 1375 2723 Adfixapenatibus.
1390 2677 1443 2712 Ex
1458 2677 1604 2724 Virgilio

929 2736 1128 2775 sumptum,
1149 2739 1241 2773 vm,
1268 2729 1352 2778 196:

1169 2790 1333 2824 Foribusque
1346 2789 1429 2817 adfixa
1442 2789 1558 2822 superbis

931 2840 983 2866 Ora
998 2840 1092 2866 virum.
