1884 3112
337 287 390 329 52
789 285 1155 331 EPISTOLA
1192 288 1291 332 ΙΙΙ.

399 376 543 444 Culpa
565 388 639 424 tua
662 388 753 433 est3
781 377 977 441 quamvis
1001 377 1085 424 hoc
1111 396 1288 443 quoque
1314 379 1442 446 culpa
1463 392 1538 430 tua
1562 395 1640 431 est.

332 458 445 506 Nam
468 453 598 502 simul
622 453 868 519 Eurybates
893 472 961 501 me
984 452 1338 522 Talthybiusque
1359 470 1591 518 vocarunt,

397 531 613 597 Eurybati
636 530 735 578 data
758 549 854 578 sum
873 529 1202 597 Talthybioque
1227 550 1384 580 comes.
1714 561 1751 583 ιο

333 609 459 659 Alter
481 609 528 656 in
553 607 732 656 alterius
754 608 966 673 jactantes
989 606 1156 656 lumina
1178 607 1373 668 vultum,

398 679 670 748 Quaerebant
694 683 835 741 taciti,
860 695 1012 731 noster
1035 685 1115 732 ubi
1139 697 1254 733 esset
1275 705 1409 734 amor.

329 762 509 811 Differri
533 761 661 828 potui
688 777 697 805 :
722 777 863 826 poenae
889 779 1014 809 mora
1038 773 1160 824 grata
1182 762 1351 811 fuisset.

392 840 479 888 Hei
501 837 630 886 mihi!
657 837 887 885 discedens
914 836 1064 885 oscula
1087 837 1211 886 nulla
1235 838 1363 886 dedi:

327 918 391 965 At
410 916 617 982 lacrymas
640 914 733 963 sine
755 913 842 962 fine
867 913 988 972 dedi,
1015 914 1205 980 rupique
1229 914 1424 981 capillos.
1715 932 1752 965 ιε)

393 990 572 1039 Infelix!
598 991 756 1038 iterum
781 1009 877 1038 sum
900 990 1009 1037 mihi
1032 990 1123 1038 visa
1146 991 1255 1057 rapi.

328 1070 453 1136 Saepe
478 1087 560 1131 ego
587 1067 770 1134 decepto
795 1066 917 1114 volui
942 1067 1124 1115 custode
1147 1068 1329 1124 reverti;

392 1144 499 1202 Sed,
524 1163 592 1192 me
618 1144 695 1210 qui
724 1143 921 1191 timidam
946 1142 1202 1208 prenderet,
1227 1142 1372 1190 hostis
1395 1153 1498 1190 erat.

330 1221 379 1269 Si
400 1239 632 1288 progressa
654 1219 813 1277 forem,
840 1238 1016 1286 caperer
1036 1238 1091 1267 ne
1113 1218 1228 1267 forte
1253 1218 1480 1277 timebam,

395 1297 654 1362 Quamlibet
674 1297 728 1346 ad
752 1296 916 1345 Priami
938 1315 1100 1344 munus
1124 1295 1241 1344 itura
1263 1314 1437 1345 nurum.
1524 1354 1528 1358 ⁴
1707 1323 1749 1347 20

330 1457 410 1479 mox
433 1457 474 1479 ex
493 1443 626 1489 scriptis
641 1470 651 1488 ,
673 1445 736 1478 hoc
761 1456 885 1488 quoque
910 1445 1009 1487 culpa

329 1501 389 1530 lua
409 1499 471 1530 est.
496 1496 629 1530 HEINS.
653 1495 817 1541 Respexit
838 1497 928 1530 sorte
951 1495 1008 1530 illa

331 1547 478 1590 Catulli,
496 1546 614 1580 Carm.
627 1557 743 1581 LXVIII
756 1559 764 1581 ι

327 1608 389 1634 Non
401 1609 436 1632 ita
449 1607 551 1632 Caecilio
562 1606 687 1639 placeam,
697 1606 739 1630 eui
748 1606 846 1631 eredita
859 1615 927 1630 nunc
938 1614 1006 1636 sum,

363 1656 447 1689 Culpa
459 1664 515 1680 mea
527 1660 581 1687 est,
592 1664 751 1689 quamquam
763 1655 860 1680 dicitur
873 1663 927 1679 esse
940 1663 1005 1680 mea.

829 1697 928 1726 Burin.

373 1768 404 1802 9.
427 1755 515 1789 Nam
527 1755 631 1788 simul
637 1753 829 1799 Eurybates
843 1758 907 1786 etc.
919 1752 1007 1787 Nus-

332 1809 438 1852 quam
458 1806 547 1839 sorte
563 1804 765 1839 mirandum
780 1804 887 1849 magis
897 1829 906 1847 ‚
923 1817 1006 1837 ma—

332 1859 449 1903 gisque
460 1857 617 1892 laudibus
624 1856 860 1891 extollendum
875 1856 1008 1891 eminet

332 1911 514 1956 ingenium
522 1908 672 1943 Homeri
682 1934 691 1951 ,
707 1921 812 1953 quam
820 1921 929 1953 quum
936 1913 1009 1943 im-

330 1964 472 2003 cundus,
489 1963 724 2002 mexorabtm,
742 1973 825 1995 acer
837 1961 986 1996 Achilles
996 1989 1005 2006 ,

332 2014 390 2060 qui
405 2026 553 2048 manum
568 2013 622 2047 vix
638 2025 658 2047 a
671 2025 796 2058 regum
811 2025 891 2058 rege
910 2013 1008 2048 absti-

331 2072 468 2109 nuerat,
479 2065 635 2111 religiose
647 2065 735 2100 adeo
745 2073 780 2100 et
792 2065 939 2100 comiter
945 2079 1008 2112 pa-

328 2118 425 2153 vidos
437 2130 611 2163 praecones
623 2118 760 2163 excipit;
775 2125 810 2152 et
821 2117 928 2162 triste,
939 2115 1008 2164 quo

330 2170 484 2206 iuncturi
507 2169 671 2212 veniunt,
693 2169 924 2204 ministerium
946 2183 1008 2205 ve-

331 2229 474 2256 neratus
492 2247 501 2265 ,
529 2221 731 2256 Patroclum
756 2222 886 2268 placide
910 2223 1008 2267 jubet

333 2273 490 2309 Briseida
511 2273 590 2318 ipsis
614 2273 750 2308 tradere
765 2301 774 2318 ,
800 2287 876 2319 quae
901 2274 1007 2309 invita

331 2326 488 2371 sequitur
504 2324 547 2358 ad
566 2337 712 2360 navem:
734 2330 748 2367 ἧ
769 2321 793 2360 δ”
813 2325 928 2361 ‹z’ts'noue’
941 2327 1008 2370 ἅμα

329 2387 411 2414 τοῖσι
424 2383 496 2422 γυνὴ
513 2383 583 2412 κίεν,
597 2377 635 2411 Il.
649 2376 699 2420 A,
716 2377 922 2422 348.sqq.—
940 2380 1008 2412 Vo-

329 2434 457 2466 canent.
472 2429 642 2475 Exprimit
656 2428 820 2463 Graecum
834 2433 1006 2475 κηρύσσειν,

332 2481 427 2527 quod
460 2481 642 2527 proprium
670 2494 871 2526 praeconum
886 2494 893 2517 ε
912 2481 1006 2515 idem

328 2535 419 2568 sorte
430 2533 521 2578 quod
534 2532 662 2577 Caesar,
672 2545 705 2567 v.
714 2533 755 2568 de
764 2534 849 2568 Bell.
859 2533 945 2568 Gall.
955 2535 1006 2568 26.

329 2585 413 2632 dixit
427 2589 645 2620 conclamare.
662 2586 794 2621 HEINs.

378 2651 428 2671 12.
455 2640 657 2680 Quaerebant
674 2642 850 2673 tacilietc.
870 2638 1005 2673 RIirum

332 2689 457 2734 quippe
473 2689 536 2723 illis
550 2689 656 2723 videri
679 2689 844 2732 debebat,
862 2697 932 2724 tam
954 2692 1006 2724 sa—

330 2740 393 2776 cile
414 2741 587 2786 captivam
610 2740 781 2775 Achillem
805 2741 979 2776 dimittere
994 2769 1003 2785 ,

331 2805 438 2838 quam
450 2805 531 2827 mox
543 2799 764 2827 retenturum
776 2806 810 2827 se
824 2800 922 2827 tanto
935 2794 1005 2827 ani-

1074 1443 1123 1477 mi
1140 1443 1292 1489 impetu‚
1309 1449 1345 1478 et
1360 1437 1433 1478 tam
1447 1443 1654 1479 vehementi>
1665 1439 1750 1480 'ora-

1073 1496 1168 1530 tione
1182 1522 1192 1539 ,
1215 1496 1250 1529 in
1269 1495 1467 1542 principum
1486 1495 1636 1545 concilio
1644 1496 1751 1546 ‚dixe-

1071 1554 1136 1580 rat.
1145 1547 1168 1580 J
1172 1560 1232 1580 ure
1244 1547 1350 1591 igitur
1360 1550 1552 1592 quatiebant
1560 1560 1749 1593 praecones,

1071 1600 1132 1631 ubi
1142 1597 1301 1631 amorille
1317 1597 1459 1633 Achillis
1474 1599 1511 1633 in
1527 1599 1695 1635 Briseida.
1706 1619 1751 1626 -

1071 1650 1198 1683 Noster
1206 1650 1268 1683 ubi
1275 1653 1369 1683 esset
1380 1662 1482 1693 amor.
1493 1664 1516 1694 ,a
1529 1650 1608 1685 Imo
1623 1656 1748 1693 vester,

1073 1699 1188 1744 inquit
1215 1700 1380 1735 Heinsius
1391 1727 1400 1743 ‚
1422 1700 1478 1736 vel
1504 1700 1620 1738 invitis
1645 1702 1749 1740 libris.

1072 1751 1147 1786 Nisi
1163 1751 1401 1797 interpretaris
1421 1765 1566 1787 amorem
1583 1754 1643 1799 qui
1662 1757 1755 1789 inter

1073 1816 1134 1838 nos
1148 1803 1214 1843 suit
1228 1818 1255 1837 ».
1273 1803 1381 1848 Atqui
1398 1803 1473 1839 haec
1486 1805 1588 1846 unice
1603 1817 1686 1841 vera
1699 1813 1751 1842 est

1071 1855 1325 1901 interpretatio.
1350 1855 1512 1892 messl’.
1531 1890 1537 1896 ,

1125 1907 1175 1941 13.
1187 1909 1301 1942 Paenoe
1307 1908 1647 1953 moragmlafutirsel.
1659 1910 1750 1956 ὄζα-

1073 1964 1111 1993 ta
1125 1959 1211 1993 mihi
1225 1973 1328 2001 mota,
1343 1972 1420 2005 quae
1435 1967 1574 1995 tantum
1591 1960 1749 1996 dolorem

1072 2012 1242 2056 (poenam)
1260 2011 1362 2057 paulo
1375 2011 1497 2046 saltem
1512 2011 1707 2048 distulisset.

1120 2063 1169 2097 16.
1184 2064 1307 2098 Iterum
1317 2076 1390 2098 sum
1399 2065 1568 2098 me'hivisa
1578 2068 1660 2109 rapi.
1672 2065 1749 2100 Bri-

1073 2114 1205 2149 seidem
1220 2122 1356 2160 raptam
1371 2122 1454 2150 ante
1470 2115 1570 2150 fuisse
1583 2129 1658 2153 non
1671 2116 1747 2163 legi.

1076 2166 1197 2210 Quare
1211 2167 1336 2212 arripio
1345 2193 1354 2210 ,
1366 2166 1461 2212 quod
1471 2167 1507 2201 in
1521 2167 1676 2213 plurimis
1687 2181 1748 2203 co-

1073 2217 1202 2253 dicibus
1214 2225 1264 2252 est
1276 2225 1451 2253 exaratum
1462 2245 1471 2262 ,
1488 2223 1564 2254 visa
1577 2224 1659 2264 capi
1664 2231 1677 2263 ‚·
1693 2233 1746 2255 ex-

1072 2276 1223 2315 pugnata
1232 2269 1358 2304 scilicet
1370 2270 1411 2304 ab
1424 2270 1556 2305 Achille
1565 2271 1746 2319 Lyrnesso.

1073 2320 1202 2355 Briseis
1215 2321 1286 2366 ipsa
1300 2321 1364 2356 hac
1378 2321 1502 2356 eadem
1517 2322 1670 2367 Epistola
1683 2336 1692 2358 ι

1071 2380 1116 2406 An
1122 2381 1298 2413 tantum‚durn
1308 2390 1349 2406 me
1355 2382 1530 2416 capaeraexssen
1534 2382 1601 2407 beu-
1609 2381 1747 2415 prob-bns?

1120 2444 1168 2477 19.
1185 2431 1331 2474 Caperer
1337 2431 1485 2475 nefhrte.
1501 2429 1659 2475 Quidam
1671 2444 1746 2465 noc-

1072 2486 1125 2523 te‚·
1146 2482 1205 2516 sed
1222 2489 1359 2530 praestat
1374 2482 1468 2527 quod
1482 2489 1534 2518 est
1551 2482 1587 2516 in
1605 2482 1748 2528 Nauge-

1072 2533 1176 2568 rianis
1184 2534 1277 2569 libris
1285 2542 1320 2569 et
1330 2535 1484 2570 Francos
1480 2534 1609 2571 artensi
1621 2561 1630 2577 ‚
1638 2535 1745 2579 forte.

1074 2585 1206 2620 Hssms.
1222 2588 1320 2620 Forte
1336 2587 1405 2631 jam
1420 2586 1746 2630 conjeceratAaron

1071 2637 1264 2681 Battaleus,
1284 2639 1342 2683 qui
1358 2638 1507 2673 offensus
1528 2650 1611 2672 voce
1630 2644 1743 2681 nocte,

1071 2698 1220 2734 quatuor
1233 2690 1287 2725 hic
1304 2703 1418 2724 versus
1429 2717 1438 2734 ,
1454 2697 1492 2724 ut
1512 2691 1663 2735 spurios,
1680 2691 1745 2736 eji-

1069 2756 1147 2777 cere
1176 2743 1310 2778 volebat
1322 2768 1332 2786 ‚
1365 2742 1420 2777 vel
1448 2750 1597 2778 servatos
1621 2742 1743 2778 ordine

1069 2802 1213 2828 mutare.
