1884 3112
352 238 439 335 4'23

609 280 700 328 AD
738 282 998 332 LIVIAM
1037 286 1421 339 AUGUSTAM

415 372 560 436 Quam
581 374 618 422 si
642 377 850 426 Romanae
872 379 1082 446 principis
1108 382 1200 431 edis
1225 388 1368 451 opus?

347 450 454 499 Fata
474 464 649 500 manent
669 472 818 503 omnes
839 475 849 503 ε
874 474 1024 505 omnes
1047 472 1268 526 exspectat
1292 481 1443 512 avarus

411 528 627 587 Portitor3
648 542 692 578 et
715 532 854 579 turbae
875 532 946 580 vix
969 534 1073 582 satis
1097 554 1185 583 una
1207 537 1325 585 ratis.

346 604 586 653 Tendimus
606 606 693 655 huc
716 627 867 656 omnes
888 629 898 657 :
918 612 1076 658 metam
1098 630 1386 678 properamus
1409 614 1463 662 ad
1486 629 1637 666 unam:

413 680 574 729 Omnia
599 683 682 731 sub
706 683 824 747 leges
850 705 969 734 mors
991 699 1117 735 vocat
1140 699 1232 736 atra
1254 708 1367 737 suas.

1687 707 1752 743 360

345 757 458 805 Ecce
482 777 630 807 necem
652 761 864 810 intentam
888 762 1012 821 caelo,
1041 776 1271 831 terraeque,
1291 766 1512 834 fretoque,
1560 760 1563 763 Δ

410 834 708 904 Casurumque
731 839 889 905 triplex
910 841 1201 889 vaticinantur
1225 861 1350 908 opus.

344 909 365 955 I
389 928 526 970 nunc,
552 926 613 971 et,
640 915 772 964 rebus
797 928 916 965 tanta
941 918 1218 984 impendente
1239 920 1388 979 ruina,

406 986 460 1032 In
481 998 523 1035 te
547 988 685 1036 solam
707 990 858 1039 oculos
882 1004 925 1040 et
949 1005 1024 1040 tua
1047 993 1202 1042 damna
1221 996 1344 1044 refer.

344 1062 563 1112 Maximus
584 1065 656 1114 ille
679 1067 854 1132 quidem
872 1069 1104 1133 juvenum,
1129 1090 1228 1137 spes
1251 1073 1430 1138 publica
1449 1076 1576 1136 vixit3
1684 1093 1749 1128 365

407 1141 490 1198 Et,
517 1160 603 1206 qua
622 1154 752 1192 natus
774 1156 886 1203 erat,
910 1145 1050 1207 gloria
1067 1165 1235 1197 summa
1259 1149 1425 1199 domus.

386 1270 460 1305 356.
494 1273 601 1314 Quam
623 1276 660 1307 si
677 1275 837 1309 Romane
852 1279 1017 1321 μήνιε-ἡνῶ-

343 1322 414 1355 edis
424 1335 515 1366 opus.
535 1323 655 1368 Quam
668 1325 695 1359 si
705 1329 888 1371 principem
904 1335 938 1362 te
952 1354 961 1372 ,
980 1334 1015 1362 et

342 1374 531 1408 Romanam
547 1376 688 1420 quidem
704 1378 909 1422 praestiteris.
926 1415 927 1419 ,

385 1425 460 1460 358.
489 1428 603 1461 Turba·
628 1432 688 1462 viz·
714 1433 801 1463 satis
828 1444 897 1465 una
921 1435 1015 1466 ralis.

343 1475 486 1512 Petron.
503 1478 652 1524 Specim.
671 1480 758 1515 Belli
774 1481 877 1516 civilis
888 1508 898 1527 ,
920 1495 977 1527 117
991 1492 1000 1514 :

611 1548 663 1574 Vix
673 1548 790 1582 squalida
800 1549 951 1574 Porthmeus

342 1593 453 1618 Sufficiet
463 1594 601 1620 simulacra
610 1597 696 1621 virum
706 1597 838 1623 traducere
851 1598 958 1632 cymha:

343 1641 428 1665 classe
438 1651 502 1675 opus
513 1649 561 1668 est.

384 1692 458 1727 362.
485 1695 703 1740 Casurumque
734 1699 854 1741 inple-x
883 1701 1014 1732 vatici·-

340 1747 466 1778 nanlur
483 1759 574 1789 opus.
606 1747 722 1781 Editio
743 1749 844 1792 prim.
864 1762 1015 1782 casurum

340 1798 463 1838 triplex
476 1801 684 1832 valet-enatat·
692 1811 783 1842 opus.
805 1798 907 1833 Unde
929 1812 1014 1844 pas—

339 1847 410 1882 sive
430 1848 642 1883 sumendum
657 1853 879 1890 vaticinatur,
902 1851 1015 1895 conji-

340 1898 452 1933 ciebat
476 1899 646 1947 Micyllus.
682 1900 769 1936 Aliae
796 1913 918 1935 omnes
931 1928 940 1945 ,
974 1909 1014 1936 ut

342 1949 536 1993 edidimus;
558 1958 592 1986 et
617 1952 757 1997 accipias
779 1952 822 1987 de
848 1952 1015 1987 Philoso-

341 2001 436 2047 phis‚
464 2003 519 2038 vel
543 2003 717 2051 Sibyllinis
736 2005 880 2039 oraculis
898 2031 907 2048 ,
937 2017 1013 2050 quae

338 2058 500 2089 intentam
520 2058 608 2090 hanc
623 2069 736 2091 necem
754 2060 884 2101 lnplt'ci
899 2061 1011 2101 operi,

339 2106 374 2140 id
392 2114 465 2150 est,
490 2108 572 2142 caelo
588 2135 597 2151 ,
622 2109 720 2143 terris
741 2116 776 2143 et
789 2109 898 2151 freto,
923 2112 1014 2143 vati-

339 2161 546 2195 cinabantur.
562 2160 725 2206 Respexit
734 2161 863 2196 Noster
880 2159 923 2194 ad
941 2160 1014 2194 Lu·-

338 2211 485 2245 cretium
496 2237 505 2255 ,
526 2223 550 2246 v
561 2238 570 2256 ,
594 2214 635 2259 95
649 2223 658 2244 :

337 2271 483 2304 Principio,
495 2271 575 2296 maria
586 2281 613 2296 ae
625 2277 705 2297 terras
715 2271 858 2305 caelumque
868 2276 954 2297 tuere:

338 2320 442 2345 Horum
460 2325 579 2345 naturam
607 2320 761 2355 triplicem,
787 2321 841 2346 tria
869 2329 975 2354 corpora
985 2339 995 2353 ,

435 2368 563 2399 Memmi,
614 2394 621 2400 ,

339 2420 402 2444 Tres
414 2420 511 2452 species
523 2425 575 2444 tam
588 2420 727 2446 dissimiles
738 2440 746 2452 ‚
762 2422 815 2447 tria
824 2421 886 2446 talin
895 2426 965 2447 texta

338 2468 399 2493 Una
412 2469 467 2493 dies
481 2469 559 2494 dabit
570 2469 662 2494 nitio.

335 2520 459 2564 Neque
488 2519 572 2553 illud
605 2532 679 2554 non
711 2520 1007 2555 animadversione

334 2570 481 2616 dignum
494 2598 504 2615 ,
523 2571 615 2616 quod
633 2585 749 2607 versus
766 2573 821 2607 ille
838 2586 1009 2607 casurum-

334 2636 395 2667 que
418 2630 504 2667 etc.,
542 2623 688 2658 totidem
714 2625 826 2659 verbis
852 2631 1010 2659 occurrat

333 2687 508 2719 expressus
519 2701 528 2718 ‚
542 2676 646 2710 Trist.
658 2685 687 2709 11
699 2702 708 2719 ,
719 2676 793 2719 426.
804 2675 1007 2710 Secundum

333 2732 451 2760 autem
473 2726 567 2761 hunc
593 2727 697 2762 Trist.
721 2727 848 2762 librum
874 2734 1007 2763 constat

330 2777 497 2822 scripsisse
510 2777 692 2822 Ovidium,
708 2785 743 2814 et
755 2779 796 2814 ad
808 2779 1005 2825 Augustum

1079 1278 1229 1323 misisse,
1255 1280 1371 1315 statim
1393 1286 1432 1316 ut
1455 1281 1490 1315 in
1509 1282 1663 1317 Pontum
1679 1282 1749 1318 ad·-

1079 1331 1234 1374 venerit,
1257 1330 1399 1367 ineunte
1427 1333 1552 1368 scilicet
1574 1332 1708 1370 decimo
1729 1346 1751 1370 a

1082 1380 1211 1417 Christi
1222 1384 1398 1419 nativitate
1411 1396 1513 1419 anno.
1528 1384 1654 1430 Quum
1664 1398 1749 1420 vero

1079 1432 1186 1468 Drusi
1213 1447 1306 1469 mors
1331 1436 1368 1469 in
1389 1448 1521 1470 annum
1542 1437 1748 1482 praeceden-

1078 1491 1152 1519 tem
1173 1485 1355 1530 inciderit,
1379 1487 1523 1522 minime
1544 1487 1655 1534 potuit
1677 1488 1749 1523 Al-

1078 1537 1271 1573 binovanus
1282 1565 1292 1583 ‚
1317 1552 1379 1574 seu
1395 1540 1504 1585 quivis
1529 1548 1648 1576 auctor
1664 1541 1749 1576 alius

1078 1588 1182 1634 hujus
1203 1590 1330 1636 Elegiae
1349 1617 1375 1643 ‚s
1383 1604 1521 1626 versum
1544 1592 1638 1627 hunc
1658 1591 1750 1627 Ovi-

1079 1640 1137 1674 dio
1153 1642 1325 1687 surripere
1340 1657 1348 1685 ;
1371 1655 1438 1677 nec
1451 1644 1624 1688 probabile
1640 1644 1749 1690 magis

1078 1705 1220 1726 carmen
1245 1693 1288 1727 de
1315 1701 1428 1728 morte
1454 1694 1561 1729 Drusi
1585 1701 1656 1729 tam
1679 1695 1748 1730 cito

1078 1743 1121 1774 ad
1145 1743 1314 1778 Ovidium
1344 1746 1381 1779 in
1407 1745 1590 1780 exilio'suo
1616 1759 1747 1791 perve-

1077 1793 1175 1827 nisse.
1189 1794 1361 1829 Praeterea
1371 1822 1380 1839 ,
1398 1797 1473 1841 quis
1483 1796 1600 1831 credat
1607 1804 1748 1843 poetam

1078 1846 1237 1884 omnium
1258 1847 1498 1892 uberrimum,
1525 1860 1568 1882 eo
1592 1849 1747 1894 penuria

1077 1896 1188 1930 subito
1205 1896 1380 1932 devenisse
1394 1924 1403 1941 ,
1427 1906 1465 1933 ut
1485 1899 1638 1934 alienum
1652 1899 1747 1936 hunc

1077 1948 1113 1981 in
1129 1961 1190 1983 sua
1204 1949 1400 1995 reciperet?
1421 1949 1494 1995 Qui
1509 1964 1544 1985 se
1557 1951 1670 1997 ipsum
1683 1958 1746 1987 to-

1077 2001 1140 2035 ties
1153 2027 1162 2043 ,
1189 2014 1252 2036 cur
1267 2002 1372 2036 alium
1387 2001 1443 2037 hic
1456 2003 1703 2049 compilasset?

1119 2053 1193 2096 364.
1216 2055 1257 2087 In
1273 2058 1306 2087 te
1315 2055 1422 2087 solam
1436 2057 1550 2088 oculos
1566 2061 1630 2090 etc.
1652 2054 1745 2100 Qun

1074 2104 1118 2138 sis
1128 2105 1211 2149 ipsa,
1224 2112 1259 2139 et
1269 2118 1375 2152 quem
1389 2105 1540 2141 amiseris
1548 2106 1746 2142 considera:

1075 2160 1240 2191 maximus
1259 2159 1318 2191 ille
1331 2159 1462 2202 quidem
1481 2164 1564 2201 etc.;
1580 2158 1639 2193 sed
1655 2171 1745 2194 mot-

1074 2211 1156 2242 lalis
1178 2215 1273 2250 erat;
1301 2215 1337 2243 et
1361 2222 1470 2254 quum
1494 2221 1534 2243 ea
1559 2210 1602 2245 sit
1622 2223 1743 2246 rerum

1074 2260 1233 2294 omnium
1249 2260 1402 2295 conditio
1413 2288 1421 2302 ,
1439 2268 1480 2295 ut
1494 2261 1683 2306 intereant,
1700 2275 1743 2298 eo

1073 2312 1189 2347 minus
1205 2325 1322 2347 secura
1335 2313 1430 2347 suisti
1443 2338 1452 2356 ,
1477 2325 1547 2358 quo
1560 2326 1621 2348 sua
1635 2313 1743 2349 Dru·-

1071 2378 1150 2400 sum
1166 2365 1201 2399 in
1210 2365 1335 2400 certius
1351 2366 1543 2410 periculum
1558 2366 1664 2401 virtus
1679 2366 1742 2400 im-

1071 2417 1236 2451 mitteret.
1263 2418 1410 2451 Poetatn
1432 2417 1488 2452 hic
1508 2417 1628 2452 rhetor
1648 2418 1741 2453 male

1071 2475 1214 2514 occupat
1228 2494 1236 2512 ,
1255 2475 1290 2503 et
1305 2469 1476 2511 Senecam
1491 2470 1598 2515 magis
1610 2496 1619 2514 ‚
1635 2483 1741 2516 quam

1071 2521 1249 2556 Nasonem
1261 2521 1330 2566 agit
1343 2535 1351 2562 ;
1369 2521 1428 2555 sed
1441 2521 1512 2566 ipsa
1525 2521 1598 2556 haec
1607 2522 1739 2556 verbo-—

1070 2585 1150 2607 rum
1173 2573 1394 2618 intemperies
1415 2572 1582 2608 Ovidium
1601 2574 1712 2620 arguit
1728 2587 1740 2615 ;

1070 2625 1127 2669 qui
1150 2625 1186 2659 in
1225 2632 1402 2670 patentem
1431 2625 1518 2660 adeo
1552 2625 1739 2660 adulationi

1068 2688 1230 2721 campum
1241 2677 1348 2711 semel
1357 2677 1572 2722 exspatiatus,
1580 2689 1653 2710 non
1663 2682 1738 2710 erat

1067 2728 1095 2762 is
1116 2728 1174 2772 qui
1195 2734 1283 2762 stare
1305 2734 1440 2773 posset,
1465 2727 1524 2763 ubi
1546 2726 1737 2764 sistendum

1067 2787 1163 2817 recto
1181 2780 1309 2825 judicio
1325 2780 1488 2827 oportuit.
1700 2795 1701 2798 ¹
