1884 3112
619 283 862 328 MEDEA
907 281 1176 328 JASONI.
1518 283 1599 327 231

176 375 320 413 testibus
332 403 343 421 ‚
365 374 507 412 Medea
522 376 679 423 pepercit
693 403 703 422 ,
721 376 909 424 nupsitque
926 376 965 411 in
980 374 1150 411 Colchide
1178 373 1268 410 Haec
1282 373 1436 421 quidam.
1446 374 1603 411 Narrant

178 444 264 468 vero
279 431 335 468 alii
350 431 491 468 Medea
506 431 596 467 filios
607 439 720 468 vestes
743 432 911 479 quasdam
934 431 1080 466 venenis
1101 430 1252 466 imbutas
1263 457 1274 475 ,
1297 431 1442 476 jubente
1469 436 1581 465 matre
1597 457 1606 474 ,

180 486 225 524 ad
244 485 418 524 Creusam
432 487 528 523 dono
541 486 723 530 detulisse;
742 487 866 534 quibus
874 487 929 522 vix
940 485 1089 530 indutis,
1105 492 1179 521 tota
1198 485 1442 532 conflagravit,
1463 486 1607 531 ipseque

179 554 329 590 parens,
356 542 418 589 qui
437 541 480 578 ad
504 555 610 589 opem
638 542 823 578 serendam
851 542 1078 577 advolaverat.
1116 542 1240 587 Neque
1266 541 1346 577 satis
1369 540 1444 576 haec
1469 540 1610 576 Medeae

182 597 298 644 majus
319 597 448 644 aliquid
468 599 589 633 animo
605 599 763 633 moventi
778 611 787 633 :
804 611 890 644 quos
905 611 923 633 e
938 598 1068 633 Jasone
1084 605 1280 644 susceperat
1297 597 1386 632 filios
1405 596 1611 640 trucidavit,

182 666 253 700 quo
269 661 407 700 patrem
417 655 588 690 miserum
601 654 724 690 acriori
739 653 868 690 doloris
880 667 984 689 sensu
1000 661 1199 700 torqueret;
1221 653 1418 699 deindeque
1432 652 1588 688 Athenas
1601 679 1610 696 ,

181 707 226 744 ad
252 708 408 756 AEgeum
424 709 551 745 Thesei
568 716 705 756 patrem
719 709 876 756 confugit
887 736 897 754 ,
925 709 980 744 cui
995 710 1150 756 nupsisse
1166 709 1292 745 dicitur
1303 736 1313 754 ,
1338 716 1442 755 atque
1459 708 1612 743 Medum

180 775 223 800 ex
237 776 282 799 eo
297 764 483 811 suscepisse
497 791 508 810 ,
536 765 596 810 qui
611 777 715 800 suum
728 764 859 800 Mediae
873 764 1028 811 regioni,
1044 765 1100 801 cui
1117 765 1303 811 imperavit
1313 791 1323 809 ‚
1341 777 1474 800 nornen
1493 772 1613 811 postea

181 818 291 855 dedit.
306 819 379 856 Sed
396 833 509 866 quum
529 821 666 856 nonita
681 821 794 856 multo
811 827 889 867 post
903 821 997 856 viam
1012 828 1167 856 tentaret
1182 820 1340 856 Theseus
1353 848 1363 865 ‚
1390 834 1458 867 qua
1478 835 1497 855 a
1514 828 1613 867 patre

182 883 431 924 agnosceretur
442 903 452 921 ‚
484 877 600 924 ipsum
627 890 767 912 veneno
794 877 916 913 tollere
941 863 1073 912 Medea
1096 877 1267 919 decrevit;
1294 890 1364 923 quo
1382 904 1392 921 ,
1422 884 1612 923 antequam

180 939 392 979 patraretur,
406 940 589 980 comperto
604 933 747 978 scelere,
765 933 925 970 Athenas
933 946 1054 970 rursus
1063 934 1187 981 sugere
1197 941 1316 969 coacta
1329 941 1382 969 est
1393 960 1403 978 ,
1421 941 1462 969 ut
1473 933 1617 969 instanti

180 987 317 1025 sceleris
328 1001 441 1036 poenae
450 1001 525 1026 sese
535 989 687 1036 eriperet
699 1003 708 1032 ;
722 990 808 1025 etin
825 990 1044 1026 Phoeniciam
1060 989 1173 1026 delata
1184 1017 1193 1034 ‚
1208 989 1304 1024 unde
1319 989 1505 1036 superioris
1523 989 1615 1023 Asiae

180 1050 296 1091 partes
317 1046 430 1081 fertur
454 1059 665 1093 peragrasse.
689 1045 729 1081 Si
747 1053 865 1081 tamen
886 1047 1011 1082 Solino
1034 1047 1140 1091 fides,
1164 1046 1330 1081 Buthroti
1349 1060 1369 1081 a
1394 1046 1523 1081 Jasone
1547 1046 1614 1080 suit

179 1098 337 1146 sepulta:
353 1099 382 1136 si
397 1100 422 1135 J
425 1101 540 1136 ustino
552 1128 562 1147 ,
592 1102 630 1136 in
647 1102 758 1148 patria
773 1115 836 1138 sua
853 1102 961 1147 obiit,
988 1102 1026 1137 in
1045 1103 1191 1151 gratiam
1209 1129 1219 1147 ,
1245 1114 1327 1137 cum
1349 1109 1447 1148 patre
1474 1101 1614 1147 suisque

182 1155 368 1200 omnibus,
386 1163 572 1203 postquam
585 1156 754 1193 rediisset.
787 1157 888 1195 Illam
908 1172 927 1193 a
952 1159 1127 1206 parricidii
1148 1159 1295 1195 crimine
1315 1166 1441 1205 purgat
1466 1158 1614 1193 omnino

181 1210 356 1256 AElianus,
373 1219 410 1247 et
421 1224 548 1259 parum
564 1213 660 1249 abest
669 1240 679 1258 ,
695 1213 781 1259 quin
795 1215 965 1261 optimam
978 1215 1122 1262 effingat
1133 1215 1334 1251 mulierum.
1346 1214 1471 1249 Tradit
1486 1214 1614 1262 quippe

185 1265 327 1302 saonis
343 1265 433 1303 filios
448 1280 468 1302 a
488 1266 681 1303 Corinthiis
703 1268 805 1314 ipsis,
829 1282 904 1305 non
927 1283 947 1306 a
966 1271 1098 1306 Medea
1120 1270 1310 1307 trucidatos
1335 1270 1459 1314 fuisse,
1491 1270 1616 1316 quibus

183 1335 258 1358 nec·
267 1322 449 1369 profuerat
464 1323 610 1370 quidem
619 1324 656 1359 in
668 1324 823 1360 Junonis
833 1325 947 1361 aedem
958 1326 1163 1374 confugisse.
1175 1326 1297 1372 Quam
1307 1325 1424 1361 labem
1440 1324 1619 1361 Corinthii

185 1384 228 1414 nt
252 1378 452 1424 diluerent,
477 1392 589 1427 quum
622 1381 834 1426 accepissent
862 1382 1069 1428 Euripidem
1100 1389 1242 1429 poetam
1269 1388 1521 1429 argumentum*
1550 1381 1618 1417 boc

187 1437 421 1486 Τραγαώτατον
437 1435 662 1471 tractandum
678 1437 863 1484 suscepisse
876 1464 887 1482 ‚
909 1438 1065 1484 quinque
1083 1438 1147 1485 ipsi
1174 1438 1304 1473 talenta
1325 1437 1530 1472 obtulerunt
1544 1462 1554 1480 ‚
1580 1443 1621 1471 ut

189 1490 271 1527 ficta
290 1504 348 1527 res
362 1491 414 1528 rei
430 1492 615 1528 veritatem
630 1493 823 1540 exciperet,
845 1501 881 1529 et
894 1494 1061 1541 suosipsa
1077 1494 1165 1530 filios
1178 1490 1309 1530 Medea
1322 1494 1359 1529 in
1375 1493 1490 1529 sabula
1506 1494 1620 1540 jugu-

186 1547 285 1584 laret.
314 1549 392 1585 Nec
406 1549 535 1585 certior
553 1549 597 1585 de
614 1550 745 1585 Jasone
761 1550 973 1597 scriptorum
994 1551 1088 1586 inter
1114 1565 1150 1587 se
1169 1563 1369 1586 consensus.
1405 1549 1546 1585 Dicitur
1570 1549 1619 1584 illi

185 1604 381 1650 praedixisse
403 1604 534 1641 Medea
546 1631 556 1650 ‚
578 1606 655 1641 sore
671 1605 852 1651 quondam
865 1633 877 1651 ,
899 1613 942 1643 ut
960 1608 1059 1643 omni
1079 1608 1317 1644 calamitatum
1333 1620 1460 1656 genere
1478 1613 1619 1643 vexatus

187 1660 409 1706 fractusque,
426 1660 532 1707 ipsius
557 1661 654 1697 navis
668 1688 678 1706 ,
702 1675 780 1709 quae
806 1663 850 1698 ad
879 1662 1009 1698 Phasin
1037 1663 1259 1710 Argonautas
1288 1663 1490 1708 devexerat,
1517 1663 1620 1698 ruina

185 1715 342 1762 periret,·
368 1715 485 1762 sicque
508 1717 636 1753 evenit.
664 1717 793 1764 Quum
813 1719 911 1755 enim
927 1719 1018 1754 sorte
1046 1719 1083 1754 in
1107 1719 1213 1755 maris
1228 1719 1329 1756 litore
1348 1720 1466 1766 jacens
1489 1719 1621 1756 obdor-

186 1770 294 1806 miret
310 1796 322 1815 ,
345 1783 366 1806 e
396 1771 487 1807 dicta
512 1785 602 1808 nave
630 1774 723 1809 trabs
748 1775 839 1810 sorte
872 1775 1007 1822 elapsa,
1044 1776 1081 1810 in
1109 1775 1316 1811 dormientis
1341 1783 1445 1822 caput
1474 1775 1597 1811 incidit
1610 1801 1619 1818 ,

186 1827 346 1874 illiusque
373 1828 476 1864 ruina
501 1842 685 1876 oppressus
707 1831 820 1877 periit.
850 1831 944 1867 Sunt
966 1838 1086 1867 autem
1111 1831 1172 1878 qui
1196 1832 1234 1867 in
1266 1830 1435 1867 Colchida
1451 1832 1621 1866 Jasonem

187 1884 379 1930 reducant,
398 1885 456 1920 ubi
466 1912 477 1931 ,
495 1894 682 1933 postquam
692 1887 754 1922 diu
770 1888 985 1934 feliciterque
1007 1901 1159 1935 regnum
1183 1889 1410 1934 obtinuisset,
1428 1888 1621 1924 honoribus

190 1948 270 1989 post
299 1949 455 1978 mortem
480 1944 678 1979 cumulatus
695 1950 767 1988 est,
794 1945 854 1990 qui
880 1944 1046 1980 heroibus
1062 1946 1177 1980 solent
1192 1946 1351 1991 persolvi.
1381 1946 1454 1981 Tot
1472 1946 1624 1992 denique

189 2000 265 2036 sere
281 2013 402 2036 sensus
413 2027 423 2045 ,
448 2007 535 2047 quot
549 2001 675 2047 scripta
695 2008 731 2036 et
746 2001 992 2048 scriptores.-
1004 2001 1120 2037 Adeas
1131 2027 1141 2046 ,
1159 2013 1247 2048 quos
1262 2001 1442 2038 adeundos
1458 2001 1495 2037 in
1511 2014 1624 2048 argu-

193 2064 317 2095 mento
339 2064 498 2097 auctores
512 2057 752 2094 indicavimus.
