1884 3112
317 248 375 291 60

773 247 1130 292 EPISTOLA
1165 251 1265 293 III.

372 340 436 388 At
457 357 552 388 mea
573 358 656 406 pro
681 339 806 387 nullo
830 339 1027 406 pondere
1049 340 1184 389 verba
1205 340 1379 388 cadunt.

310 411 570 465 Nee‘tamen
593 416 805 480 indignor
829 431 839 460 t
865 434 946 464 nec
968 434 1037 464 me
1059 434 1147 482 pro
1169 417 1355 481 conjuge
1380 417 1515 479 gessi,

375 494 545 560 Saepius
569 494 617 540 in
642 493 809 540 domini
833 511 955 541 serva
979 504 1133 542 vocata
1156 505 1314 541 torum.

1667 521 1730 544 loo

311 571 386 619 Me
411 571 628 637 quaedam‚
654 570 854 628 memini,
881 571 1120 619 Dominam
1144 571 1317 637 captiva
1339 570 1524 620 vocabat
1545 586 1557 616 :

373 649 582 707 servitio,
610 649 722 708 dixi,
749 649 944 697 nominis
970 649 1095 697 addis
1120 667 1246 696 onus.

310 725 396 773 Per
418 738 564 775 tamen
589 745 689 775 ossa
707 727 810 784 viri,
838 726 988 774 subito
1012 724 1123 773 male
1148 736 1261 779 tecta
1283 724 1506 792 sepulcro,

373 805 555 871 Semper
573 805 751 870 judiciis
776 824 876 853 ossa
897 802 1088 852 verenda
1111 802 1240 859 meis3

310 882 480 948 Perque
506 883 639 930 trium
656 882 794 931 fortes
818 882 1005 939 animas,
1032 899 1128 928 mea
1150 879 1356 936 numina,
1380 879 1585 938 fratrum,

1641 915 1644 918 ·
1673 890 1733 930 10'5

375 958 468 1021 Qui
491 959 605 1007 bene
627 979 710 1025 pro
735 959 898 1025 patria,
925 976 1025 1022 cum
1048 957 1276 1024 patriaque
1298 957 1464 1021 jacent3

311 1035 484 1100 Perque
509 1047 634 1083 tuum
657 1047 949 1101 nostrumque
972 1046 1124 1101 caput,
1152 1053 1248 1101 quae
1269 1035 1494 1099 junximus
1515 1054 1627 1093 una3

373 1112 547 1178 Perque
572 1124 674 1160 tuos
699 1131 849 1170 enses,
874 1112 1053 1174 cognita
1076 1110 1162 1160 tela
1181 1111 1311 1160 meis!

309 1187 443 1236 Nulla
466 1189 743 1253 Mycenaeum
766 1188 955 1236 sociasse
980 1187 1144 1236 cubilia
1160 1206 1331 1236 mecum

311 1335 364 1380 gri
380 1341 534 1369 mortem
549 1347 621 1370 sese
636 1334 709 1380 ipsa
729 1334 919 1369 interemit.
942 1334 990 1369 H.

308 1403 352 1411 —-
364 1383 549 1431 Cleopatra
564 1397 697 1419 nomen
713 1392 805 1428 erat,
820 1385 875 1419 cui
891 1391 989 1430 pater

306 1445 343 1472 et
355 1445 469 1473 mater
484 1438 661 1483 Alcyonen
676 1450 874 1483 cognomen
892 1436 992 1471 addi-

309 1482 632 1530 derantx'Azxuo'um
657 1492 812 1525 καλέεσκον
830 1491 991 1533 ἐπώνυμον.

310 1543 350 1576 11.
367 1550 403 1586 Ι,
423 1543 497 1577 558.

352 1594 405 1640 98.
418 1593 472 1628 At
477 1606 554 1627 mea
558 1606 621 1637 pm
633 1594 725 1627 nullo
731 1594 879 1636 pondere
888 1593 991 1625 verba

309 1648 446 1680 cadunt.
468 1644 644 1679 Gruterus
660 1671 670 1688 ,
686 1646 772 1689 prob
793 1647 885 1678 nullo
903 1656 993 1687 pon-

310 1699 388 1731 dere
402 1698 412 1731 !
442 1697 514 1732 Sed
541 1698 667 1731 frustra
681 1723 690 1740 ,
710 1703 748 1731 ut
780 1703 873 1731 recte
906 1694 993 1729 vidit

311 1750 619 1795 perspicacissimus
630 1750 843 1792 Gronovius,
853 1748 895 1783 ad
905 1748 992 1782 Livii

310 1802 367 1836 lib.
387 1816 413 1836 1.
430 1816 502 1848 cap.
516 1814 579 1836 xxl
592 1816 599 1837 :
610 1816 672 1846 pm
684 1805 776 1837 nullo
783 1804 940 1847 pondere,
955 1800 992 1834 id

311 1861 362 1889 est
371 1881 380 1898 ‚
391 1862 558 1900 tanquam
570 1856 643 1890 sine
657 1855 824 1900 pondere.
835 1855 926 1889 Fast.
935 1866 993 1889 lv:

483 1934 490 1941 .
500 1934 507 1940 .
516 1933 523 1941 .
542 1915 592 1941 Pro
604 1924 695 1948 magna
707 1920 771 1941 teste
784 1920 899 1941 vetustas
963 1941 967 1946 .

379 1965 509 1990 Creditur.
530 1966 637 1990 Hznzs.

359 2036 370 2056 1
378 2035 431 2056 oo.
444 2024 486 2055 In
497 2023 628 2056 domini
633 2034 729 2055 serva
741 2026 866 2056 vocata
878 2025 992 2056 lorum.

312 2076 492 2109 Dominum
502 2079 608 2109 torum
616 2101 625 2118 ,
644 2074 764 2109 Codex
775 2075 994 2109 Lincolnien-

312 2126 356 2161 sis
376 2139 384 2160 :
405 2126 525 2171 placet:
546 2126 604 2161 Sic
619 2129 770 2161 dominos
790 2128 886 2161 Deos
910 2126 995 2160 dixit

313 2179 378 2224 Ep.
395 2190 435 2213 1v
446 2205 456 2223 ,
478 2193 514 2213 12
530 2194 538 2221 ;
555 2181 709 2213 dominas
718 2193 853 2222 manus,
871 2180 994 2214 Amor.

312 2232 368 2266 lib.
384 2243 423 2266 11.
441 2232 494 2266 El.
507 2243 549 2280 y,
570 2232 623 2265 30.
644 2232 778 2268 HEms.

361 2296 435 2318 102.
449 2285 605 2324 Servilio,
622 2285 771 2319 dixietc.
787 2284 842 2319 Eo
855 2285 928 2331 ipso
943 2285 994 2319 in-

314 2335 446 2370 cumbit
463 2335 597 2381 gravius
626 2348 714 2370 onus
735 2341 880 2378 servitii,
901 2337 995 2382 quod

315 2400 372 2421 me
388 2389 570 2421 Dominam
584 2414 592 2428 ,
617 2400 727 2432 quum
748 2389 814 2423 sim
835 2393 970 2433 captiva
983 2415 993 2432 ,

314 2451 428 2483 vocas,
442 2438 588 2474 molesta
601 2440 791 2474 verborum
800 2454 881 2476 cum
892 2441 995 2475 rebus

316 2491 548 2536 oppositione.
770 2535 772 2537 Ι

364 2543 436 2576 103.
464 2545 583 2577 Ossa...
599 2546 710 2579 subilo
724 2547 812 2579 male
830 2550 923 2580 tecla
938 2558 995 2579 se·-

310 2595 438 2637 pulcro.
459 2595 527 2628 Vix
540 2595 629 2630 bene
643 2597 843 2641 composita,
859 2597 995 2631 tumulo

317 2657 465 2690 propere
479 2647 628 2681 nimium
645 2655 775 2693 parato.

364 2698 436 2739 104.
447 2699 604 2732 Judiciis.
615 2700 639 2733 J
642 2713 749 2734 anum
759 2701 910 2735 Ulitium
919 2703 993 2735 ‘ma-

315 2748 416 2784 luisse
439 2753 633 2795 suppliciis,
659 2754 793 2788 notavit
809 2754 992 2799 Francius;

1054 1332 1116 1368 sed
1142 1333 1229 1367 nihil
1255 1331 1473 1368 movendum
1497 1332 1625 1368 dooent
1649 1333 1734 1369 loca.

1056 1385 1112 1420 De
1130 1386 1235 1421 Pont.
1252 1396 1309 1420 111.
1326 1399 1357 1420 v.
1371 1388 1427 1420 52:

1106 1446 1221 1472 candida
1230 1446 1339 1480 judiciis
1350 1446 1395 1471 iun
1407 1446 1440 1471 sit
1451 1446 1514 1472 hom
1527 1446 1602 1472 meis.

1058 1493 1237 1537 Et1v‚3:

1107 1554 1155 1579 1110,
1168 1563 1214 1587 ego
1225 1554 1333 1587 judiciis
1345 1555 1422 1579 unica
1429 1563 1504 1580 musa
1516 1555 1580 1580 tuis.

1057 1603 1105 1639 Et
1120 1603 1215 1649 Eleg.
1233 1614 1275 1637 x:

1139 1711 1247 1737 Talibus
1257 1711 1371 1744 Augusti
1379 1716 1481 1744 tempu·
1490 1712 1517 1736 in
1529 1719 1604 1736 omne
1615 1711 1678 1736 frui.
1698 1713 1730 1737 B.

1105 1761 1176 1795 106.
1198 1762 1265 1804 Qui
1278 1762 1361 1794 bene
1369 1773 1434 1804 pro
1442 1763 1575 1804 patria,
1589 1773 1664 1794 cum
1671 1773 1734 1805 pa-

1058 1817 1185 1858 lriaque
1207 1813 1342 1858 jacent.
1386 1811 1485 1857 Quid
1518 1812 1615 1847 enim
1648 1812 1733 1858 pul-

1058 1867 1172 1901 chrius
1197 1873 1232 1901 et
1257 1864 1438 1911 optabilius
1452 1890 1461 1908 ,
1484 1877 1590 1910 quam
1620 1865 1734 1910 jacere

1058 1932 1130 1953 cum
1138 1922 1254 1962 patria
1263 1945 1272 1961 ,
1285 1918 1344 1952 ubi
1353 1931 1416 1962 pm
1423 1921 1541 1961 patria
1551 1918 1641 1953 bene
1648 1944 1658 1962 ,
1671 1918 1739 1952 sed

1047 1972 1183 2016 frustra
1197 1970 1486 2016 propugnaveris!

1105 2036 1177 2069 107·
1196 2024 1322 2068 Perque
1336 2026 1426 2056 tuum
1441 2026 1551 2066 capul.
1566 2021 1733 2057 Solemne

1059 2075 1150 2121 apud
1162 2087 1202 2110 ve
1207 2083 1296 2110 teres
1304 2088 1412 2121 genus
1420 2075 1486 2110 hoc
1497 2075 1733 2121 jurisjurandi.

1059 2129 1118 2164 Sic
1138 2128 1228 2174 apud
1245 2128 1400 2173 Euripid.
1423 2128 1562 2163 Helena
1575 2155 1586 2173 ,
1603 2129 1640 2163 in
1655 2141 1734 2163 car-

1058 2180 1153 2214 mine
1177 2181 1305 2226 tragico
1318 2206 1328 2224 ‚
1346 2178 1441 2225 quod
1462 2179 1566 2225 ipsius
1587 2179 1733 2215 nomine

1057 2233 1256 2268 inscribitur
1267 2246 1276 2267 :

1096 2277 1183 2320 'AM’
1197 2286 1284 2329 ἄγνὲν
1299 2287 1382 2329 ἕρκον
1400 2287 1451 2320 σῦν
1462 2285 1544 2330 κάρα
1557 2287 1732 2329 aem-caifan«.

1059 2334 1106 2368 Et
1121 2334 1214 2368 Dido
1231 2334 1420 2380 Virgiliana
1430 2361 1440 2378 ,
1457 2334 1540 2368 AEn.
1554 2345 1592 2369 lv
1602 2360 1612 2378 ‚
1626 2336 1687 2381 492
1701 2346 1710 2368 t

1090 2396 1182 2420 Testor
1197 2404 1255 2419 carn
1267 2396 1350 2426 Deos,
1362 2399 1389 2419 ει
1400 2399 1426 2419 te
1438 2402 1555 2427 german·
1561 2413 1572 2426 ,
1588 2399 1716 2426 tuumque

1090 2444 1178 2469 Dulce
1191 2450 1279 2478 caput.

1112 2493 1184 2527 108.
1217 2494 1359 2536 Cognita
1384 2494 1455 2526 tela
1477 2491 1584 2526 metir!
1611 2490 1732 2535 Quam

1059 2543 1193 2578 modice
1207 2570 1218 2587 ‚
1236 2557 1341 2589 quam
1361 2544 1526 2579 decenter
1542 2555 1582 2576 ea
1598 2542 1708 2588 tangit
1720 2569 1731 2586 ,

1059 2609 1135 2640 quae
1149 2610 1282 2639 gravem
1300 2598 1430 2631 Pelidae
1443 2596 1647 2630 stomachum
1653 2607 1732 2638 pos-

1057 2652 1135 2684 sent
1147 2661 1368 2684 commovere
1383 2650 1390 2683 !

1105 2714 1176 2748 109.
1205 2703 1309 2736 Nulla
1330 2702 1536 2747 stlycenoeum
1561 2706 1625 2734 etc.
1651 2698 1731 2733 Hoc

1057 2754 1150 2788 idem
1168 2754 1318 2789 affirmat
1333 2754 1577 2800 Agamemnon
1591 2779 1600 2796 ‚
1619 2754 1731 2792 intere
