1884 3112
618 280 867 324 MEDEA
896 279 1158 326 JASONI.
1524 299 1612 345 229

249 370 336 420 Per
352 370 586 430 meritum,
611 383 657 421 et
677 384 831 432 natos,
857 372 1049 440 pignora
1069 386 1247 435 nostra,
1274 374 1418 426 duos:

185 447 340 498 Redde
365 460 534 509 torum,
558 469 644 517 pro
670 470 760 518 quo
786 463 856 500 tot
876 471 946 502 res
969 453 1124 502 insana
1145 453 1320 522 reliqui.

246 526 376 576 Adde
396 526 528 577 fidem
553 527 684 577 dictis
701 566 713 587 ,
739 528 1038 597 auxiliumque
1062 531 1187 581 refer.

185 606 291 655 Non
314 625 398 669 ego
422 617 464 656 te
487 605 680 674 imploro
702 619 856 658 contra
879 619 1119 676 taurosque
1142 610 1371 678 virosque;
1554 629 1616 674 195

251 689 404 756 thue
425 700 502 738 tua
525 707 706 757 serpens
729 690 844 739 victa
869 690 1068 757 quiescat
1091 710 1190 758 ope.

186 765 250 815 Te
270 777 401 833 pet0,
423 785 554 833 quem
576 767 739 825 merui,
767 787 898 834 quem
917 768 1049 816 nobis
1073 768 1168 835 ipse
1192 768 1374 829 dedisti;

251 844 366 892 Cum
391 862 482 911 quo
506 856 604 916 snm
627 845 794 911 pariter
816 845 931 895 facta
953 859 1135 914 parente
1160 867 1332 915 parens.

185 921 283 970 Dos
305 920 387 971 ubi
407 922 488 982 sit,
514 922 709 989 quaeris?
735 941 891 991 campo
917 925 1244 975 numeravimus
1268 925 1371 987 illo,

250 997 344 1063 Qui
369 998 479 1059 tibi,
505 999 652 1050 laturo
677 1001 841 1060 vellus,
869 1002 1059 1051 arandus
1085 1014 1190 1051 erat.
1556 1030 1621 1054 200

182 1077 363 1143 Aureus
383 1076 458 1128 ille
480 1079 616 1139 aries,
641 1078 748 1128 villo
771 1078 1027 1147 spectabilis
1051 1099 1206 1138 aureo,

250 1155 348 1204 Dos
369 1174 467 1206 mea
484 1176 495 1206 :
513 1176 672 1224 quam,
696 1157 838 1207 dicam
861 1158 899 1207 si
924 1158 1029 1216 tibi,
1051 1158 1212 1217 redde;
1233 1178 1381 1222 neges.

185 1234 284 1283 Dos
305 1253 424 1294 mea,
449 1247 499 1284 tu
524 1255 679 1304 sospes
699 1256 710 1285 :
734 1235 817 1285 dos
840 1247 909 1285 est
929 1255 1045 1295 mea,
1073 1237 1205 1304 Graja
1223 1238 1444 1304 juventus.

252 1312 276 1359 Ι
298 1330 445 1372 nunc,
470 1312 725 1381 Sisyphia&
748 1313 974 1381 improbe,
1000 1314 1153 1363 confer
1177 1334 1300 1383 opes.

189 1389 329 1454 Quod
341 1390 473 1451 vivis,
491 1391 614 1459 quod
626 1391 765 1441 habes
779 1403 967 1460 nuptam
981 1411 1270 1460 socerumque
1286 1404 1537 1460 potentem,
1558 1408 1622 1444 205

254 1468 355 1517 Hoc
376 1467 547 1541 ipsum,
573 1468 777 1532 ingratus
800 1469 923 1540 qnod
943 1481 1072 1536 potes
1096 1489 1214 1529 esse,
1238 1489 1386 1519 meum
1410 1482 1488 1519 est.

188 1544 320 1610 Quos
344 1545 551 1614 equidem
575 1541 860 1595 actutumw]
888 1547 968 1596 sed
991 1547 1100 1614 quid
1121 1547 1358 1615 praedicere
1381 1567 1558 1615 poenam

234 1663 248 1686 1
253 1663 307 1698 92.
317 1651 484 1694 Elaealos,
489 1654 635 1698 pignam
643 1655 771 1693 nostra,
779 1653 874 1686 duos.

185 1703 335 1748 Plenam
344 1714 428 1738 cam
437 1731 447 1746 ‚
473 1703 546 1748 duo
560 1704 688 1750 scripti.
701 1703 773 1739 Sed
789 1704 874 1739 Au-

185 1755 304 1791 sonius
319 1755 461 1792 videtur
484 1755 642 1792 imitatus
662 1756 700 1791 in
728 1757 874 1792 Paren—

186 1808 329 1855 talibus,
347 1820 407 1854 rx,
427 1809 493 1844 26:

218 1864 335 1898 Liquist'·
347 1869 420 1890 nanos
430 1883 440 1896 ,
459 1864 567 1898 pignora
580 1869 668 1889 nostru
678 1884 687 1896 ‚
702 1864 779 1890 duos.

186 1913 231 1948 In
245 1913 318 1949 aliis
329 1917 420 1956 tuos,
435 1913 529 1960 quod
547 1919 589 1962 τῷ
605 1917 875 1959 noslmpignora

185 1964 328 2001 videtur
335 1966 467 2013 opponi
478 1980 486 2009 ;
507 1973 543 2001 et
554 1967 711 2013 profecto
721 1967 870 2011 Seneca,

184 2018 226 2054 in
241 2017 392 2064 Medea,
410 2019 475 2066 478
490 2045 500 2064 ,
521 2020 666 2054 Tuomm
686 2032 873 2066 agnoscere

188 2070 351 2107 videtur:

187 2133 238 2158 Per
251 2141 310 2166 spes
323 2137 430 2158 tuorum
442 2131 571 2164 liberum,
583 2138 610 2157 et
623 2137 723 2157 eertum
735 2132 826 2158 larem.

188 2182 264 2219 Nisi
279 2184 416 2218 duorum
432 2181 500 2217 illic
515 2181 717 2228 legendum.
738 2182 874 2218 HRINS.

238 2236 310 2282 194.
327 2236 443 2269 H'dem
459 2236 573 2269 dictis.
589 2236 709 2269 Paetis
723 2234 876 2270 malebat

191 2285 276 2320 olim
294 2286 460 2321 Heinsius
474 2299 482 2321 :
499 2285 559 2321 sed
577 2299 774 2332 perperam.
791 2286 876 2321 Ter.

190 2337 292 2373 Adel.
306 2349 344 2382 v,
354 2349 380 2379 Ι,
395 2350 452 2373 10:
462 2339 602 2373 Dt'clum
612 2342 704 2373 inter
710 2338 874 2383 nosfu1'l,·

190 2391 286 2426 etita
297 2390 427 2426 Noster
437 2403 538 2437 saepe.
555 2389 639 2425 vid.
655 2402 708 2435 ιν,
721 2391 811 2426 Met.
822 2393 877 2439 95.

190 2442 287 2479 Male
297 2442 403 2478 etiam
412 2443 555 2490 Regius,
566 2445 770 2490 exiliumque
780 2444 878 2489 mser.

191 2495 317 2531 Senec.
345 2494 444 2531 Med.
470 2496 534 2539 482
559 2508 567 2530 :
591 2498 713 2531 Redde
735 2498 883 2541 supplici

182 2549 279 2594 file&
294 2551 415 2583 wie-em.
438 2547 570 2583 Eunu.

240 2614 312 2650 ¹99·
329 2602 407 2636 Dos
429 2603 491 2636 ubi
505 2605 570 2642 sit,
595 2605 725 2647 quatit.
744 2601 852 2637 Forte
866 2628 877 2646 ‚

192 2655 270 2689 Dos
275 2655 339 2688 ubi
343 2657 526 2699 siquaems.
542 2654 684 2697 (luoems
694 2655 792 2690 enim
801 2654 879 2690 Μο-

194 2705 272 2742 reti.
290 2706 401 2753 Epist.
418 2718 473 2742 vu
484 2732 494 2751 ,
512 2707 575 2741 83:

192 2762 221 2788 ei
233 2771 349 2796 qums,
365 2763 409 2788 ubi
422 2763 454 2787 sit
468 2762 575 2788 formosi
587 2769 668 2789 mter
680 2764 742 2789 Iuli.
761 2765 861 2791 ΒιτιΙι.

195 2827 240 2839 -·
260 2813 386 2859 Campo
400 2816 640 2850 numeravimus
651 2815 722 2849 illo.
747 2815 880 2852 Manc-

938 1665 1052 1686 ramus
1066 1655 1103 1686 in
1118 1654 1180 1686 illo
1196 1652 1313 1698 scripti
1328 1651 1485 1699 plerique
1501 1680 1510 1697 ,
1527 1654 1622 1700 quod

940 1703 1123 1739 Gronovio
1137 1730 1147 1748 ,
1170 1704 1228 1740 lib.
1241 1715 1283 1740 lv
1294 1731 1304 1749 ,
1321 1704 1470 1741 Observ.
1483 1719 1527 1740 20
1538 1733 1547 1750 ,
1566 1720 1625 1742 ar-

939 1756 1085 1792 ridebat.
1097 1757 1278 1802 Quatuor,
1287 1771 1494 1793 numeremus
1504 1762 1541 1794 in
1550 1761 1622 1799 illo,

939 1809 1047 1845 etiam
1060 1817 1154 1846 recte
1166 1824 1174 1847 ε
1186 1810 1247 1847 sed
1260 1818 1337 1846 tum
1349 1812 1511 1858 sequenti
1521 1825 1624 1848 versu

938 1863 1135 1908 scripserim
1151 1876 1159 1899 :

970 1921 1026 1954 Qui
1039 1920 1086 1946 tibi
1101 1922 1185 1947 inturo
1200 1922 1283 1946 venus
1296 1922 1407 1947 nundus
1420 1923 1479 1948 erit.
1495 1924 1602 1949 Hnnts.

982 1969 1059 2004 203.
1078 1971 1157 2005 Dos
1169 1974 1225 2005 est
1238 1983 1313 2005 mea
1333 1972 1444 2018 Grqja
1450 1972 1625 2017 juventus.

940 2022 1033 2058 Socii
1044 2023 1109 2067 tui,
1122 2036 1209 2070 quos
1220 2036 1344 2058 omnes
1355 2023 1397 2058 ab
1412 2023 1622 2060 imminente

940 2082 975 2111 et
984 2083 1077 2110 certa
1087 2076 1240 2123 pernicie
1248 2077 1438 2111 servavi.—-
1447 2077 1627 2113 Incalescit

940 2128 1088 2163 tandem
1103 2135 1138 2164 et
1154 2129 1266 2164 servet
1278 2128 1390 2164 oratio
1401 2156 1412 2173 ‚
1433 2142 1512 2175 quae
1524 2129 1628 2175 paulo

940 2180 1054 2216 adhuc
1064 2181 1234 2228 frigidior,
1242 2194 1303 2216 seu
1315 2182 1379 2225 rei,
1393 2195 1453 2216 seu
1463 2194 1621 2228 personae

939 2240 1101 2279 respectu
1113 2232 1192 2268 :sed
1205 2233 1373 2268 Medeam
1383 2234 1439 2269 hic
1449 2247 1624 2281 agnoscas,

942 2296 1019 2329 quae
1036 2290 1146 2318 totam
1160 2297 1195 2318 se
1211 2284 1355 2330 explicat
1366 2285 1403 2319 in
1418 2285 1543 2320 ultimo
1557 2285 1620 2330 Ep.

942 2349 1065 2372 versu:
1078 2338 1203 2372 Nescio
1218 2339 1302 2382 quid
1308 2344 1372 2380 etc.

987 2390 1063 2433 2⁰4·
1077 2390 1198 2424 Inunc
1210 2417 1218 2431 ,
1249 2391 1427 2438 Stkyphias
1439 2397 1503 2425 etc.
1521 2389 1629 2437 Enu—

942 2442 1085 2477 meratis
1103 2454 1180 2487 (χιιι-
1193 2441 1316 2478 Jasoni
1333 2443 1542 2489 praestiterat
1556 2442 1630 2476 offi-

943 2496 1015 2540 ciis,
1027 2507 1105 2541 quae
1114 2497 1226 2530 dotem
1237 2508 1337 2530 suam
1348 2495 1442 2530 haud
1451 2495 1629 2530 immerito

943 2549 1048 2594 jactat
1062 2574 1071 2592 ,
1102 2547 1263 2583 hortatur
1289 2548 1421 2583 ironice
1438 2575 1447 2592 ,
1481 2554 1520 2582 ut
1546 2561 1631 2594 quas

944 2615 1028 2648 opes
1053 2601 1174 2636 Creon
1189 2627 1199 2646 ‚
1229 2601 1371 2649 Sisyphi
1397 2601 1488 2636 filius
1502 2627 1512 2643 ,
1540 2607 1632 2636 natae

947 2656 985 2691 in
1002 2655 1123 2690 dotem
1138 2655 1297 2700 confert,
1311 2667 1395 2691 cum
1412 2653 1553 2690 Medeae
1566 2656 1637 2698 opi-

946 2712 1007 2744 bus
1020 2714 1210 2754 comparet.

991 2774 1066 2807 ²⁰7·
1094 2763 1185 2805 (laos
1198 2762 1350 2806 equidem
1366 2763 1550 2795 actutum...
1568 2758 1637 2793 1η--

950 2813 1126 2859 dignantis
1143 2820 1192 2848 est
1208 2839 1216 2856 ,
1232 2826 1298 2848 nec
1312 2824 1391 2847 raro
1403 2820 1641 2847 contemnen-
