1884 3112
201 1593 231 1615 ι.
259 1581 336 1625 Qua
344 1607 354 1622 ‚
377 1583 452 1615 miri
460 1585 499 1616 tu
518 1583 662 1616 deden's.
684 1582 815 1629 Regius
827 1608 838 1628 ,

154 1638 192 1667 et
207 1631 280 1667 duo
295 1631 351 1668 alii
366 1632 502 1669 codices
517 1646 526 1669 t

154 1693 245 1725 Quam
255 1692 307 1718 nisi
316 1698 347 1717 tu
356 1693 470 1725 dederis,
481 1702 533 1719 non
538 1699 576 1719 est
582 1693 840 1725 habitura,salutem.

156 1741 268 1788 Quod
291 1741 379 1777 mihi
403 1742 542 1778 mollius
563 1743 676 1779 fluere
691 1743 841 1784 videtur,

152 1795 251 1830 Huic
263 1794 428 1842 Epistolae
438 1795 576 1842 egregie
592 1796 774 1842 respondit
789 1797 840 1832 Si-

153 1847 300 1883 dronius
317 1846 507 1883 Hosschius
522 1874 532 1892 ,
550 1847 638 1882 nulli
656 1855 840 1894 poetarum

152 1900 394 1936 recentiorum
407 1899 564 1935 inferior.
582 1900 716 1935 Bunm.

198 1967 231 1988 2.
253 1953 446 1989 Amazonio
456 1955 540 1987 vt'tv.
557 1952 752 2000 Hippolyto
767 1953 841 1988 sci-

153 2005 256 2050 licet,
280 2005 409 2042 Thesei
425 2005 518 2050 filio,
541 2011 580 2040 ut
595 2013 729 2041 constat
746 2006 840 2042 inter

155 2071 280 2094 omnes
294 2086 304 2104 ,
324 2058 384 2104 qui
399 2057 443 2094 de
460 2070 504 2093 eo
520 2056 661 2093 fabulati
672 2064 754 2092 sunt
768 2085 778 2103 ,
803 2065 840 2094 et

156 2110 366 2158 Amazonis,
389 2110 489 2157 cujus
511 2121 645 2145 nomen
669 2123 743 2144 non
760 2110 840 2146 satis

155 2169 303 2198 certum.
350 2162 421 2198 Alii
449 2163 547 2198 enim
579 2161 810 2212 Hippolytam
830 2178 839 2206 ;

156 2215 340 2262 Antiopen
362 2215 419 2251 alii
439 2223 565 2251 vocant
584 2242 593 2260 ‚
634 2227 712 2261 quae
740 2227 840 2251 soror

158 2267 360 2315 Hippolyte
374 2294 384 2311 ,
406 2267 502 2313 juxta
517 2268 745 2311 Pausaniam;
769 2267 840 2303 filia

157 2333 242 2356 vero
253 2346 264 2364 ,
280 2319 308 2354 si
319 2319 406 2354 fides
422 2319 574 2355 Isocrati.
593 2320 840 2365 Quaecumque

157 2379 278 2408 autem
294 2371 399 2407 suerit
414 2398 424 2414 ,
448 2371 544 2406 dono
559 2372 659 2407 cessit
675 2372 813 2408 Theseo
828 2399 838 2416 ‚

156 2424 201 2460 ab
219 2423 373 2460 Hercule
396 2436 575 2468 concessa,
601 2437 708 2469 quem
723 2437 840 2460 comes

156 2476 307 2523 impiger
329 2483 365 2511 et
385 2483 547 2511 strenuus
567 2482 734 2521 sequutus
754 2477 839 2512 sue—

156 2535 213 2564 rat
244 2528 402 2563 Theseus
428 2529 466 2563 in
493 2527 584 2562 bello
615 2528 840 2564 Amazonico,

157 2581 282 2617 Testes
295 2581 428 2628 Hygia.
440 2592 512 2615 xxx
525 2593 533 2615 ι
546 2579 652 2615 Diod.
663 2580 766 2615 Sicul.
779 2591 838 2626 1v,

157 2639 195 2669 et
217 2633 377 2668 thetzes
393 2633 435 2667 ad
459 2632 630 2680 Lycophr.
658 2650 702 2661 ·—-
719 2634 841 2668 Cressa

152 2671 290 2731 μικθαῖ
304 2685 473 2729 Phaedra,
493 2697 568 2730 quae
577 2685 709 2720 Minois
722 2685 791 2720 filia
805 2692 841 2720 et

158 2737 364 2784 Padphaes3
379 2737 421 2772 de
437 2750 504 2784 qua
515 2738 614 2783 plura
631 2736 721 2783 apud
737 2737 841 2783 Apol-

159 2788 229 2830 lod.
245 2789 333 2828 Bibl.
350 2801 396 2826 111
410 2818 419 2836 ,
442 2805 468 2825 ι.
484 2809 527 2817 ·—
542 2792 674 2826 Puella.
701 2789 840 2836 Duplex

509 435 1042 509 EPISTOLA
1105 441 1237 512 IV.

397 910 771 969 PHAEDRA
826 912 1340 981 HIPPOLYTO,

159 1107 314 1193 QUA‚
337 1122 426 1172 nisi
449 1135 499 1173 tu
523 1123 717 1185 dederis,
745 1126 935 1177 caritura
958 1140 1027 1178 est
1048 1129 1168 1197 ipsa,
1195 1130 1383 1180 salutem

220 1201 368 1249 Mittit
388 1202 636 1252 Amazonio
660 1204 818 1254 Cressa
840 1204 989 1272 puella
1010 1207 1119 1255 viro.

153 1276 338 1342 Perlege
363 1279 663 1347 quodcunque
687 1293 755 1330 est
779 1299 790 1327 :
816 1282 925 1349 quid
947 1282 1135 1350 epistola
1158 1282 1271 1333 lecta
1293 1286 1507 1336 nocebit?

220 1355 286 1403 Te
311 1375 509 1424 quoque,
534 1357 582 1404 in
602 1357 686 1406 hac
710 1357 901 1426 aliquid,
929 1359 1053 1426 quod
1071 1359 1213 1426 juvet,
1239 1379 1335 1411 esse
1354 1375 1518 1430 potest.

156 1432 242 1482 His
265 1452 421 1483 arcana
442 1434 563 1483 notis
587 1445 704 1484 terra
724 1435 974 1504 pelagoque
996 1436 1202 1488 feruntur
1225 1458 1237 1487 :
1567 1454 1589 1491 5

903 1583 961 1619 hic
974 1584 1130 1620 notanda
1141 1592 1253 1632 poetae
1265 1586 1403 1623 solertia
1413 1614 1424 1632 ‚
1446 1589 1506 1634 qui
1521 1601 1590 1624 no-

904 1646 989 1671 men
1006 1637 1158 1672 invisum
1177 1651 1336 1674 novercae
1362 1640 1450 1675 dum
1477 1643 1588 1688 sugit,

899 1691 1050 1733 puellam
1068 1690 1169 1737 fingit
1191 1690 1378 1726 Phaedram
1390 1719 1400 1736 ‚
1425 1700 1465 1727 ut
1482 1694 1590 1729 adul—

907 1741 985 1775 terii
998 1742 1132 1776 crimen
1146 1743 1302 1786 minuat,
1321 1750 1357 1779 et
1371 1745 1510 1781 intactae
1525 1747 1591 1781 vir-

907 1793 995 1838 ginis
1018 1794 1130 1840 specie
1152 1794 1321 1840 juvenem
1351 1796 1455 1832 simul
1479 1799 1592 1844 capiat

905 1845 1056 1890 facilius,
1074 1847 1101 1881 si
1117 1847 1316 1892 capiendus.

950 1897 980 1931 3.
993 1900 1142 1944 Perlege.
1158 1899 1325 1935 Hominis
1335 1901 1461 1946 quippe
1474 1915 1593 1938 mores

905 1957 1054 1985 noverat
1070 1977 1080 1994 ,
1133 1951 1192 1996 qui
1223 1964 1298 1986 non
1330 1952 1373 1987 ad
1404 1953 1591 2000 legendam

906 2002 1032 2046 modo,
1056 2002 1116 2037 sed
1133 2003 1175 2037 ad
1187 2006 1427 2049 perlegendum
1443 2006 1591 2042 allicien-

906 2054 971 2089 dus
987 2062 1062 2090 erat
1080 2055 1292 2101 Epistolam,
1310 2068 1417 2102 quam
1432 2058 1591 2095 mitteret

905 2106 1055 2142 Phaedra
1065 2134 1075 2152 ,
1092 2107 1191 2153 cujus
1204 2121 1303 2143 amor
1319 2110 1421 2145 certis
1432 2110 1590 2147 adeo‘si—

907 2158 982 2205 gnis
995 2159 1198 2195 innotuerat
1210 2161 1417 2210 Hippolyto,
1429 2170 1468 2198 ut
1479 2163 1591 2210 ipsam

905 2212 1026 2258 sugere
1059 2211 1262 2248 decreverit.
1302 2213 1413 2259 Quod
1446 2216 1590 2261 quidem

905 2263 1062 2310 impulit,
1082 2271 1122 2299 ut
1139 2277 1215 2310 quae
1236 2278 1303 2301 nec
1318 2273 1434 2312 posset
1450 2267 1564 2304 dicere
1579 2297 1588 2313 ‚

906 2328 972 2352 nec
983 2316 1139 2360 auderet,
1151 2317 1318 2364 scriptum
1326 2321 1589 2356 transmitteret.

950 2371 981 2413 4.
1003 2371 1103 2413 Quod
1106 2370 1230 2414 juvet,
1254 2384 1330 2406 esse
1350 2377 1477 2416 potest.
1500 2373 1587 2419 Quo

905 2421 988 2456 velit
1004 2421 1176 2458 adducere
1190 2449 1199 2467 ,
1217 2436 1290 2458 non
1317 2424 1392 2459 sine
1413 2432 1486 2460 arte
1503 2426 1590 2461 insi-

905 2482 1002 2509 nuat.
1021 2490 1039 2506 (ε
1057 2475 1251 2510 Insinuatio
1265 2484 1424 2523 surrepat
1440 2478 1564 2513 animis
1579 2506 1588 2524 ,

906 2528 1056 2562 maxime
1080 2528 1140 2562 ubi
1163 2528 1260 2563 srons
1283 2542 1393 2564 causae
1412 2542 1486 2564 non
1509 2531 1590 2566 satis

906 2579 1052 2615 honesta
1066 2587 1129 2624 est,
1139 2580 1195 2615 vel
1207 2581 1287 2626 quia
1295 2594 1352 2616 res
1360 2582 1403 2616 sit
1413 2581 1586 2628 improba,

906 2632 961 2667 vel
978 2632 1058 2678 quia
1072 2633 1114 2667 ab
1130 2632 1330 2669 hominibus
1352 2647 1478 2680 parum
1497 2647 1588 2681 pro-

905 2685 1019 2720 batur.
1037 2700 1053 2715 n
1072 2684 1219 2730 Quinct.
1235 2696 1288 2730 lv,
1306 2699 1333 2721 1.

951 2740 982 2772 5.
1021 2739 1088 2772 llis
1117 2751 1245 2772 arcana
1274 2743 1374 2775 nolis.
1417 2740 1588 2786 Sequenti

904 2803 1007 2825 versu
1024 2791 1195 2837 repetitur
1212 2795 1328 2835 notas,
1344 2793 1417 2828 sine
1429 2793 1497 2828 ulla
1508 2806 1588 2838 spe.-
