1884 3112
640 246 1036 293 PRAEFATIO.
1450 262 1561 294 xxm

126 346 386 412 elegantiori
412 358 622 415 typorum
649 347 792 397 forma
823 349 1043 416 exciperet
1066 346 1384 401 adornandum.
1427 348 1562 399 Hunc

128 456 232 487 vero
253 455 545 496 consensum,
570 456 666 486 non
688 438 848 488 criticae
870 438 959 496 rei,
993 455 1125 505 quam
1150 435 1329 501 longius
1350 436 1424 486 ille
1455 456 1566 505 pro-

126 538 320 591 vexerat,
341 525 496 575 utilem
507 526 680 585 minus,
705 545 838 593 quam
854 526 943 592 ipsi
960 526 1137 593 Heynio
1154 525 1420 589 gloriosum,
1439 543 1565 576 exor-⁴

127 627 224 664 tum
243 615 363 664 unde
379 614 617 665 credideris
631 651 644 673 ‚
669 614 756 662 nisi
776 633 829 662 ex
846 633 900 662 eo
920 613 1042 680 quod
1064 613 1234 663 nullius
1253 633 1298 663 se
1318 613 1564 681 disciplinae

125 705 414 772 potissimum
429 703 647 754 addixerit
663 721 674 762 ;
702 722 783 752 nec
804 722 889 770 pro
911 702 1144 752 Germanis
1162 714 1241 751 aut
1253 704 1431 752 Batavis
1447 741 1460 762 ‚
1485 703 1565 752 sed

126 792 257 842 unice
288 811 373 860 pro
395 790 589 855 Virgilio
614 803 660 841 et
681 791 877 850 ratione,
901 790 971 840 vel
992 802 1149 839 contra
1169 791 1363 839 Batavos
1386 802 1430 839 et
1457 791 1567 840 Ger-

126 899 304 940 manos,
330 879 419 929 sibi
440 879 647 930 standum
671 898 766 929 esse
791 879 1140 929 existimaverit?

191 969 340 1018 Tanto
360 967 494 1027 duce,
516 980 561 1017 et
579 968 758 1035 auspice
781 979 871 1016 tam
889 965 1100 1035 praeclaro
1113 1004 1125 1026 ‚
1146 967 1261 1016 viam
1280 986 1365 1031 ego
1386 986 1567 1034 quoque

128 1076 229 1106 sum
244 1057 471 1120 ingressus
484 1094 497 1115 ,
522 1075 656 1124 quam
674 1068 797 1106 tanta
818 1076 919 1105 cum
936 1056 1066 1105 laude
1084 1056 1256 1123 primus
1271 1055 1454 1114 inierat;
1478 1055 1566 1103 mi-

126 1145 264 1213 hique
282 1157 574 1213 praeeuntem‚
593 1145 802 1212 passibus
819 1144 988 1194 aemulis
1002 1183 1013 1204 ‚
1034 1144 1138 1194 licet
1153 1145 1319 1211 iniquis
1332 1182 1344 1203 ‚
1365 1144 1567 1193 conabor

128 1233 283 1300 sequi,
307 1231 499 1300 amplam
516 1232 624 1281 satis
647 1251 791 1299 operae
810 1233 1054 1282 mercedem
1068 1232 1289 1281 relaturus
1304 1269 1316 1290 ,
1340 1232 1379 1281 si
1392 1252 1487 1281 non
1503 1233 1568 1281 ita

127 1321 290 1390 procul
323 1341 349 1370 a
377 1321 592 1384 magistro
625 1320 768 1369 lassus
800 1321 918 1370 inter
949 1321 1146 1370 eundum
1176 1322 1480 1382 subsfflerim,
1520 1333 1567 1371 et

128 1410 282 1459 locum
308 1410 544 1459 meruerim
567 1408 795 1476 quondam
820 1410 1050 1468 obtinere,
1088 1409 1204 1458 inter
1227 1410 1342 1459 fama
1367 1410 1457 1476 jam
1483 1429 1569 1458 no-

131 1499 329 1549 tissimos
353 1499 466 1547 tanti
495 1498 578 1546 viri
613 1496 871 1563 discipulos.
905 1498 1054 1562 Quem
1082 1498 1221 1561 igitur
1249 1498 1572 1565 interpretandi

130 1586 331 1643 Maronis
341 1585 524 1635 modum
541 1597 631 1634 tam
645 1584 833 1634 feliciter
845 1585 1110 1635 adhibuerat
1123 1624 1135 1646 ‚
1158 1586 1278 1635 hunc
1293 1606 1376 1650 ego
1394 1586 1568 1635 Nasoni

128 1676 291 1744 partim
311 1674 467 1725 saltem
489 1674 913 1724 accommodandum
936 1675 1112 1734 curavi,
1140 1675 1245 1742 quia
1268 1674 1436 1724 scilicet
1451 1674 1567 1723 nihil

129 1765 416 1824 occurrebat,
451 1764 574 1832 quod
595 1763 755 1813 melius
785 1783 886 1834 cum
908 1764 1146 1832 proposito
1169 1784 1268 1813 meo
1295 1764 1562 1813 conveniret.

129 1854 286 1919 Quum
303 1852 426 1902 enim
449 1871 499 1901 ea
519 1852 631 1901 mihi
653 1871 778 1902 mens
802 1852 982 1911 fuisset,
1008 1864 1060 1901 ut
1082 1853 1301 1920 quidquid
1325 1852 1568 1919 deliquisse

131 1941 243 1992 alios
263 1941 661 2009 deprehenderam,
682 1941 865 1989 vitarem
883 1940 1087 2000 sedulus,
1106 1941 1401 2008 faceremque,
1426 1960 1568 2007 quan-

130 2043 226 2080 tum
244 2031 292 2080 in
314 2050 385 2080 me
406 2042 522 2080 esset
540 2068 552 2089 ‚
581 2030 706 2097 quod
727 2029 868 2079 facere
895 2029 963 2077 illi
983 2028 1293 2092 neglexerant,
1327 2028 1568 2092 Virgiliani

128 2118 383 2186 interpretis
414 2117 604 2168 consilio
631 2118 792 2166 ductus
817 2130 862 2166 et
890 2116 1094 2184 exemplo
1108 2155 1120 2176 ‚
1155 2115 1366 2166 Oraliom's
1390 2117 1564 2183 poeticae

129 2206 304 2256 indolem
322 2226 372 2256 ac
387 2226 531 2257 causas
551 2207 735 2274 inprimis
757 2206 967 2255 enucleare
988 2205 1124 2254 volui.
1151 2234 1203 2242 —
1234 2207 1287 2256 A
1308 2206 1565 2255 cumulandis

129 2295 326 2362 exemplis
354 2295 540 2346 abstinui.
566 2299 590 2323 *
623 2324 677 2332 —
704 2295 763 2344 In
786 2294 987 2362 elegantia
1006 2304 1141 2343 autem
1163 2304 1205 2342 et
1235 2304 1381 2343 ornatu
1401 2295 1564 2361 poetico

173 2415 192 2436 ’³
208 2418 244 2453 A
259 2418 472 2452 cumulandis
492 2416 657 2463 quidem3
675 2416 735 2453 sed
746 2417 881 2452 nonita
896 2423 1016 2452 tamen
1029 2443 1038 2461 ,
1057 2423 1099 2451 ut
1109 2416 1231 2452 lectori
1248 2415 1342 2451 locos
1357 2415 1565 2462 inviderim,

131 2478 256 2524 quibus
268 2504 278 2523 ,
299 2484 338 2512 ut
353 2477 400 2512 ita
418 2475 532 2511 dicam
544 2504 554 2522 ,
570 2478 769 2513 innuebant
786 2477 852 2513 loci
870 2477 1056 2519 Ovidiani;
1073 2477 1190 2523 sicque
1208 2490 1282 2512 non
1298 2489 1407 2523 pauca
1426 2490 1468 2511 ex
1490 2476 1568 2512 Eu-

130 2537 242 2584 ripide
255 2565 264 2582 ,
283 2537 426 2584 Sappho
439 2564 449 2580 ,
478 2536 665 2583 Apollonio
676 2565 684 2579 ‚
707 2536 863 2573 Colutho
876 2564 886 2582 ,
904 2538 1042 2573 Musaeo
1060 2545 1124 2572 etc.
1136 2564 1146 2583 ,
1166 2537 1209 2572 ad
1227 2537 1398 2583 Epistulas
1415 2536 1565 2583 adduxi,

130 2599 317 2634 Pmoun:
325 2607 376 2633 An
390 2599 658 2643 Hmonwm,
672 2597 824 2634 Mamm:
841 2608 890 2633 An
906 2598 1096 2642 JAsonnm,
1111 2597 1278 2633 Sumus
1293 2606 1342 2631 An
1361 2598 1566 2640 Pnaomzm,

131 2659 292 2695 Pmums
308 2668 357 2694 An
375 2659 567 2694 Humum
585 2665 650 2694 etc.
688 2659 813 2705 Neque
838 2659 906 2694 hoc
935 2658 978 2695 ad
1007 2666 1260 2694 ornamentum
1287 2657 1417 2700 modo,
1442 2657 1504 2693 sed
1526 2664 1568 2693 ut

133 2726 256 2754 munia
271 2719 348 2755 luce
364 2733 438 2755 sese
455 2732 511 2755 res
526 2719 609 2765 ipsae
624 2718 859 2766 illustrarent,
877 2733 1008 2766 suaque
1027 2719 1138 2767 poetis
1154 2716 1351 2770 laus'staret
1367 2719 1540 2767 praecipua
1553 2743 1566 2763 ,

128 2781 292 2825 prodesse
308 2781 436 2818 scilicet
451 2785 489 2817 et
503 2782 682 2817 delectare.
