<?xml version="1.0" encoding="UTF-8"?>
<!DOCTYPE html PUBLIC "-//W3C//DTD XHTML 1.0 Transitional//EN"
    "http://www.w3.org/TR/xhtml1/DTD/xhtml1-transitional.dtd">
<html xmlns="http://www.w3.org/1999/xhtml" xml:lang="en" lang="en">
 <head>
  <title>
</title>
<meta http-equiv="Content-Type" content="text/html;charset=utf-8" />
  <meta name='ocr-system' content='tesseract 3.04.00' />
  <meta name='ocr-capabilities' content='ocr_page ocr_carea ocr_par ocr_line ocrx_word'/>
</head>
<body>
  <div class='ocr_page' id='page_1' title='image "./quaeextantomniao01oviduoft_0181.png"; bbox 0 0 1884 3112; ppageno 0'>
   <div class='ocr_carea' id='block_1_1' title="bbox 157 257 1587 493">
    <p class='ocr_par' dir='ltr' id='par_1_1' title="bbox 157 257 1587 493">
     <span class='ocr_line' id='line_1_1' title="bbox 647 257 1586 320; baseline -0.002 -16"><span class='ocrx_word' id='word_1_1' title='bbox 647 257 1073 305; x_wconf 54' lang='lat' dir='ltr'><strong>nmo‘AENEAE.</strong></span> <span class='ocrx_word' id='word_1_2' title='bbox 1506 258 1586 320; x_wconf 67' lang='lat'><strong>149</strong></span> 
     </span>
     <span class='ocr_line' id='line_1_2' title="bbox 222 349 1174 420; baseline 0.002 -22"><span class='ocrx_word' id='word_1_3' title='bbox 222 349 426 417; x_wconf 83' lang='lat' dir='ltr'><strong>Expertae</strong></span> <span class='ocrx_word' id='word_1_4' title='bbox 449 349 582 399; x_wconf 88' lang='lat' dir='ltr'><strong>toties</strong></span> <span class='ocrx_word' id='word_1_5' title='bbox 605 362 694 400; x_wconf 90' lang='lat' dir='ltr'><strong>tam</strong></span> <span class='ocrx_word' id='word_1_6' title='bbox 714 351 826 402; x_wconf 88' lang='lat' dir='ltr'><strong>male</strong></span> <span class='ocrx_word' id='word_1_7' title='bbox 851 353 991 401; x_wconf 90' lang='lat' dir='ltr'><strong>credis</strong></span> <span class='ocrx_word' id='word_1_8' title='bbox 1017 353 1174 420; x_wconf 81' lang='lat' dir='ltr'><strong>aquae?</strong></span> 
     </span>
     <span class='ocr_line' id='line_1_3' title="bbox 157 425 1587 493; baseline 0.001 -19"><span class='ocrx_word' id='word_1_9' title='bbox 157 427 222 474; x_wconf 87' lang='lat' dir='ltr'><strong>Ut</strong></span> <span class='ocrx_word' id='word_1_10' title='bbox 241 425 402 493; x_wconf 82' lang='lat' dir='ltr'><strong>pelago</strong></span> <span class='ocrx_word' id='word_1_11' title='bbox 425 426 636 477; x_wconf 84' lang='lat' dir='ltr'><strong>suadente</strong></span> <span class='ocrx_word' id='word_1_12' title='bbox 661 429 791 478; x_wconf 88' lang='lat' dir='ltr'><strong>etiam</strong></span> <span class='ocrx_word' id='word_1_13' title='bbox 814 429 1054 479; x_wconf 89' lang='lat' dir='ltr'><strong>retinacula</strong></span> <span class='ocrx_word' id='word_1_14' title='bbox 1076 428 1244 488; x_wconf 84' lang='lat' dir='ltr'><strong>solvas,·</strong></span> <span class='ocrx_word' id='word_1_15' title='bbox 1544 442 1587 476; x_wconf 78' lang='grc'><strong>55</strong></span> 
     </span>
    </p>
   </div>
   <div class='ocr_carea' id='block_1_2' title="bbox 153 502 1588 1574">
    <p class='ocr_par' dir='ltr' id='par_1_2' title="bbox 153 502 1588 1574">
     <span class='ocr_line' id='line_1_4' title="bbox 223 502 1205 574; baseline 0 -21"><span class='ocrx_word' id='word_1_16' title='bbox 223 502 372 553; x_wconf 87' lang='lat' dir='ltr'><strong>Multa</strong></span> <span class='ocrx_word' id='word_1_17' title='bbox 395 515 540 554; x_wconf 90' lang='lat' dir='ltr'><strong>tamen</strong></span> <span class='ocrx_word' id='word_1_18' title='bbox 562 505 678 555; x_wconf 90' lang='lat' dir='ltr'><strong>latus</strong></span> <span class='ocrx_word' id='word_1_19' title='bbox 703 507 845 556; x_wconf 87' lang='lat' dir='ltr'><strong>tristia</strong></span> <span class='ocrx_word' id='word_1_20' title='bbox 866 518 1033 574; x_wconf 91' lang='lat' dir='ltr'><strong>pontus</strong></span> <span class='ocrx_word' id='word_1_21' title='bbox 1056 506 1205 554; x_wconf 88' lang='lat' dir='ltr'><strong>habet.</strong></span> 
     </span>
     <span class='ocr_line' id='line_1_5' title="bbox 157 579 1352 649; baseline 0.002 -21"><span class='ocrx_word' id='word_1_22' title='bbox 157 579 250 629; x_wconf 88' lang='lat' dir='ltr'><strong>Nec</strong></span> <span class='ocrx_word' id='word_1_23' title='bbox 272 579 459 630; x_wconf 82' lang='lat' dir='ltr'><strong>violasse</strong></span> <span class='ocrx_word' id='word_1_24' title='bbox 481 581 614 631; x_wconf 87' lang='lat' dir='ltr'><strong>fidem</strong></span> <span class='ocrx_word' id='word_1_25' title='bbox 639 583 916 632; x_wconf 84' lang='lat' dir='ltr'><strong>tentantibus</strong></span> <span class='ocrx_word' id='word_1_26' title='bbox 940 602 1120 649; x_wconf 87' lang='lat' dir='ltr'><strong>aequora</strong></span> <span class='ocrx_word' id='word_1_27' title='bbox 1140 581 1322 649; x_wconf 87' lang='lat' dir='ltr'><strong>prodest</strong></span> <span class='ocrx_word' id='word_1_28' title='bbox 1342 603 1352 630; x_wconf 92' lang='lat'>:</span> 
     </span>
     <span class='ocr_line' id='line_1_6' title="bbox 222 656 1335 726; baseline 0.004 -22"><span class='ocrx_word' id='word_1_29' title='bbox 222 656 424 706; x_wconf 74' lang='lat' dir='ltr'><strong>Perfidiae</strong></span> <span class='ocrx_word' id='word_1_30' title='bbox 446 677 599 726; x_wconf 88' lang='lat' dir='ltr'><strong>poenas</strong></span> <span class='ocrx_word' id='word_1_31' title='bbox 624 660 762 722; x_wconf 84' lang='lat' dir='ltr'><strong>exigit</strong></span> <span class='ocrx_word' id='word_1_32' title='bbox 784 658 858 707; x_wconf 90' lang='lat' dir='ltr'><strong>ille</strong></span> <span class='ocrx_word' id='word_1_33' title='bbox 883 658 1021 708; x_wconf 85' lang='lat' dir='ltr'><strong>locus.</strong></span> <span class='ocrx_word' id='word_1_34' title='bbox 1333 706 1335 709; x_wconf 15' lang='grc' dir='ltr'><em>Α</em></span> 
     </span>
     <span class='ocr_line' id='line_1_7' title="bbox 158 731 1388 802; baseline 0.002 -22"><span class='ocrx_word' id='word_1_35' title='bbox 158 731 384 800; x_wconf 85' lang='lat' dir='ltr'><strong>Praecipue</strong></span> <span class='ocrx_word' id='word_1_36' title='bbox 410 753 547 802; x_wconf 89' lang='lat' dir='ltr'><strong>quum</strong></span> <span class='ocrx_word' id='word_1_37' title='bbox 572 734 702 784; x_wconf 85' lang='lat' dir='ltr'><strong>laesus</strong></span> <span class='ocrx_word' id='word_1_38' title='bbox 726 735 891 793; x_wconf 87' lang='lat' dir='ltr'><strong>Amor·,</strong></span> <span class='ocrx_word' id='word_1_39' title='bbox 919 735 1024 801; x_wconf 89' lang='lat' dir='ltr'><strong>quia</strong></span> <span class='ocrx_word' id='word_1_40' title='bbox 1046 746 1186 784; x_wconf 90' lang='lat' dir='ltr'><strong>mater</strong></span> <span class='ocrx_word' id='word_1_41' title='bbox 1207 732 1388 783; x_wconf 86' lang='lat' dir='ltr'><strong>Amoris</strong></span> 
     </span>
     <span class='ocr_line' id='line_1_8' title="bbox 176 810 1588 879; baseline 0 -20"><span class='ocrx_word' id='word_1_42' title='bbox 176 860 180 865; x_wconf 72' lang='grc'><strong>,</strong></span> <span class='ocrx_word' id='word_1_43' title='bbox 221 810 354 860; x_wconf 89' lang='lat' dir='ltr'><strong>Nuda</strong></span> <span class='ocrx_word' id='word_1_44' title='bbox 377 812 647 879; x_wconf 79' lang='lat' dir='ltr'><strong>Cytheriacis</strong></span> <span class='ocrx_word' id='word_1_45' title='bbox 672 812 790 861; x_wconf 88' lang='lat' dir='ltr'><strong>edita</strong></span> <span class='ocrx_word' id='word_1_46' title='bbox 810 812 951 860; x_wconf 89' lang='lat' dir='ltr'><strong>fertur</strong></span> <span class='ocrx_word' id='word_1_47' title='bbox 974 811 1114 878; x_wconf 89' lang='lat' dir='ltr'><strong>aquis.</strong></span> <span class='ocrx_word' id='word_1_48' title='bbox 1543 827 1588 860; x_wconf 82' lang='lat'><strong>60</strong></span> 
     </span>
     <span class='ocr_line' id='line_1_9' title="bbox 157 886 1326 956; baseline 0.001 -21"><span class='ocrx_word' id='word_1_49' title='bbox 157 886 334 936; x_wconf 86' lang='lat' dir='ltr'><strong>Perdita</strong></span> <span class='ocrx_word' id='word_1_50' title='bbox 357 907 413 937; x_wconf 90' lang='lat' dir='ltr'><strong>ne</strong></span> <span class='ocrx_word' id='word_1_51' title='bbox 435 889 616 956; x_wconf 89' lang='lat' dir='ltr'><strong>perdam</strong></span> <span class='ocrx_word' id='word_1_52' title='bbox 640 889 799 948; x_wconf 89' lang='lat' dir='ltr'><strong>timeo,</strong></span> <span class='ocrx_word' id='word_1_53' title='bbox 826 909 1060 938; x_wconf 86' lang='lat' dir='ltr'><strong>noceamve</strong></span> <span class='ocrx_word' id='word_1_54' title='bbox 1083 889 1290 946; x_wconf 90' lang='lat' dir='ltr'><strong>nocenti;</strong></span> <span class='ocrx_word' id='word_1_55' title='bbox 1324 916 1326 919; x_wconf 94' lang='lat'>·</span> 
     </span>
     <span class='ocr_line' id='line_1_10' title="bbox 219 965 1327 1033; baseline -0.002 -19"><span class='ocrx_word' id='word_1_56' title='bbox 219 965 319 1014; x_wconf 85' lang='lat' dir='ltr'><strong>Neu</strong></span> <span class='ocrx_word' id='word_1_57' title='bbox 341 965 472 1014; x_wconf 89' lang='lat' dir='ltr'><strong>bibat</strong></span> <span class='ocrx_word' id='word_1_58' title='bbox 491 986 718 1033; x_wconf 82' lang='lat' dir='ltr'><strong>aequoreas</strong></span> <span class='ocrx_word' id='word_1_59' title='bbox 741 966 982 1029; x_wconf 87' lang='lat' dir='ltr'><strong>naufragus</strong></span> <span class='ocrx_word' id='word_1_60' title='bbox 1006 965 1153 1013; x_wconf 87' lang='lat' dir='ltr'><strong>hostis</strong></span> <span class='ocrx_word' id='word_1_61' title='bbox 1177 983 1327 1032; x_wconf 88' lang='lat' dir='ltr'><strong>aquas.</strong></span> 
     </span>
     <span class='ocr_line' id='line_1_11' title="bbox 154 1041 1450 1111; baseline 0 -22"><span class='ocrx_word' id='word_1_62' title='bbox 154 1041 288 1100; x_wconf 83' lang='lat' dir='ltr'><strong>Vive,</strong></span> <span class='ocrx_word' id='word_1_63' title='bbox 314 1061 500 1109; x_wconf 87' lang='lat' dir='ltr'><strong>precor:</strong></span> <span class='ocrx_word' id='word_1_64' title='bbox 521 1044 583 1092; x_wconf 88' lang='lat' dir='ltr'><strong>sic</strong></span> <span class='ocrx_word' id='word_1_65' title='bbox 609 1055 651 1092; x_wconf 91' lang='lat' dir='ltr'><strong>te</strong></span> <span class='ocrx_word' id='word_1_66' title='bbox 674 1043 859 1103; x_wconf 90' lang='lat' dir='ltr'><strong>melius,</strong></span> <span class='ocrx_word' id='word_1_67' title='bbox 886 1063 1019 1111; x_wconf 88' lang='lat' dir='ltr'><strong>quam</strong></span> <span class='ocrx_word' id='word_1_68' title='bbox 1042 1043 1224 1102; x_wconf 85' lang='lat' dir='ltr'><strong>funere,</strong></span> <span class='ocrx_word' id='word_1_69' title='bbox 1250 1041 1450 1110; x_wconf 88' lang='lat' dir='ltr'><strong>perdam:</strong></span> 
     </span>
     <span class='ocr_line' id='line_1_12' title="bbox 217 1121 1006 1188; baseline 0 -21"><span class='ocrx_word' id='word_1_70' title='bbox 217 1121 290 1168; x_wconf 91' lang='lat' dir='ltr'><strong>Tu</strong></span> <span class='ocrx_word' id='word_1_71' title='bbox 313 1121 465 1188; x_wconf 89' lang='lat' dir='ltr'><strong>potius</strong></span> <span class='ocrx_word' id='word_1_72' title='bbox 488 1121 567 1170; x_wconf 89' lang='lat' dir='ltr'><strong>leti</strong></span> <span class='ocrx_word' id='word_1_73' title='bbox 590 1141 721 1171; x_wconf 88' lang='lat' dir='ltr'><strong>causa</strong></span> <span class='ocrx_word' id='word_1_74' title='bbox 743 1121 882 1171; x_wconf 87' lang='lat' dir='ltr'><strong>ferare</strong></span> <span class='ocrx_word' id='word_1_75' title='bbox 905 1121 1006 1169; x_wconf 85' lang='lat' dir='ltr'><strong>mei.</strong></span> 
     </span>
     <span class='ocr_line' id='line_1_13' title="bbox 153 1196 1587 1266; baseline -0.001 -21"><span class='ocrx_word' id='word_1_76' title='bbox 153 1197 314 1261; x_wconf 88' lang='lat' dir='ltr'><strong>Finge,</strong></span> <span class='ocrx_word' id='word_1_77' title='bbox 335 1218 437 1262; x_wconf 86' lang='lat' dir='ltr'><strong>age,</strong></span> <span class='ocrx_word' id='word_1_78' title='bbox 464 1211 506 1249; x_wconf 89' lang='lat' dir='ltr'><strong>te</strong></span> <span class='ocrx_word' id='word_1_79' title='bbox 526 1200 708 1266; x_wconf 84' lang='lat' dir='ltr'><strong>rapido,</strong></span> <span class='ocrx_word' id='word_1_80' title='bbox 731 1199 928 1263; x_wconf 91' lang='lat' dir='ltr'><strong>(nullum</strong></span> <span class='ocrx_word' id='word_1_81' title='bbox 946 1197 1064 1246; x_wconf 86' lang='lat' dir='ltr'><strong>sitin</strong></span> <span class='ocrx_word' id='word_1_82' title='bbox 1083 1197 1229 1246; x_wconf 86' lang='lat' dir='ltr'><strong>omi-ne</strong></span> <span class='ocrx_word' id='word_1_83' title='bbox 1246 1196 1423 1264; x_wconf 89' lang='lat' dir='ltr'><strong>pondus</strong></span> <span class='ocrx_word' id='word_1_84' title='bbox 1437 1197 1478 1257; x_wconf 83' lang='lat'><strong>!)</strong></span> <span class='ocrx_word' id='word_1_85' title='bbox 1541 1211 1587 1244; x_wconf 83' lang='lat'><strong>65</strong></span> 
     </span>
     <span class='ocr_line' id='line_1_14' title="bbox 218 1274 1261 1344; baseline 0.001 -21"><span class='ocrx_word' id='word_1_86' title='bbox 218 1275 422 1326; x_wconf 87' lang='lat' dir='ltr'><strong>Turbine</strong></span> <span class='ocrx_word' id='word_1_87' title='bbox 447 1277 661 1344; x_wconf 79' lang='lat' dir='ltr'><strong>deprendi</strong></span> <span class='ocrx_word' id='word_1_88' title='bbox 682 1297 696 1326; x_wconf 77' lang='lat'>2</span> <span class='ocrx_word' id='word_1_89' title='bbox 721 1277 828 1344; x_wconf 90' lang='lat' dir='ltr'><strong>quid</strong></span> <span class='ocrx_word' id='word_1_90' title='bbox 852 1276 936 1324; x_wconf 89' lang='lat' dir='ltr'><strong>tibi</strong></span> <span class='ocrx_word' id='word_1_91' title='bbox 957 1274 1119 1324; x_wconf 88' lang='lat' dir='ltr'><strong>mentis</strong></span> <span class='ocrx_word' id='word_1_92' title='bbox 1144 1274 1261 1324; x_wconf 79' lang='lat' dir='ltr'><strong>erit?</strong></span> 
     </span>
     <span class='ocr_line' id='line_1_15' title="bbox 154 1351 1186 1420; baseline 0.001 -22"><span class='ocrx_word' id='word_1_93' title='bbox 154 1351 369 1400; x_wconf 88' lang='lat' dir='ltr'><strong>Protinus</strong></span> <span class='ocrx_word' id='word_1_94' title='bbox 394 1365 626 1401; x_wconf 90' lang='lat' dir='ltr'><strong>occurrent</strong></span> <span class='ocrx_word' id='word_1_95' title='bbox 642 1352 761 1402; x_wconf 87' lang='lat' dir='ltr'><strong>falsae</strong></span> <span class='ocrx_word' id='word_1_96' title='bbox 783 1353 978 1420; x_wconf 86' lang='lat' dir='ltr'><strong>perjuria</strong></span> <span class='ocrx_word' id='word_1_97' title='bbox 998 1351 1161 1414; x_wconf 85' lang='lat' dir='ltr'><strong>linguae</strong></span> <span class='ocrx_word' id='word_1_98' title='bbox 1174 1389 1186 1410; x_wconf 90' lang='lat'>,</span> 
     </span>
     <span class='ocr_line' id='line_1_16' title="bbox 219 1428 1138 1496; baseline 0 -20"><span class='ocrx_word' id='word_1_99' title='bbox 219 1428 281 1476; x_wconf 87' lang='lat' dir='ltr'><strong>Et</strong></span> <span class='ocrx_word' id='word_1_100' title='bbox 302 1428 496 1496; x_wconf 87' lang='lat' dir='ltr'><strong>Phrygia</strong></span> <span class='ocrx_word' id='word_1_101' title='bbox 518 1429 640 1478; x_wconf 90' lang='lat' dir='ltr'><strong>Dido</strong></span> <span class='ocrx_word' id='word_1_102' title='bbox 664 1429 817 1479; x_wconf 85' lang='lat' dir='ltr'><strong>fraude</strong></span> <span class='ocrx_word' id='word_1_103' title='bbox 840 1442 989 1479; x_wconf 87' lang='lat' dir='ltr'><strong>coacta</strong></span> <span class='ocrx_word' id='word_1_104' title='bbox 1011 1429 1138 1478; x_wconf 91' lang='lat' dir='ltr'><strong>mori.</strong></span> 
     </span>
     <span class='ocr_line' id='line_1_17' title="bbox 157 1505 1227 1574; baseline -0.001 -20"><span class='ocrx_word' id='word_1_105' title='bbox 157 1505 373 1572; x_wconf 81' lang='lat' dir='ltr'><strong>Conjugis</strong></span> <span class='ocrx_word' id='word_1_106' title='bbox 395 1517 496 1555; x_wconf 87' lang='lat' dir='ltr'><strong>ante</strong></span> <span class='ocrx_word' id='word_1_107' title='bbox 518 1505 675 1555; x_wconf 92' lang='lat' dir='ltr'><strong>oculos</strong></span> <span class='ocrx_word' id='word_1_108' title='bbox 700 1507 894 1574; x_wconf 84' lang='lat' dir='ltr'><strong>deceptae</strong></span> <span class='ocrx_word' id='word_1_109' title='bbox 915 1507 1053 1556; x_wconf 75' lang='lat' dir='ltr'><strong>stab-it</strong></span> <span class='ocrx_word' id='word_1_110' title='bbox 1076 1507 1227 1568; x_wconf 86' lang='lat' dir='ltr'><strong>imago·</strong></span> 
     </span>
    </p>
   </div>
   <div class='ocr_carea' id='block_1_3' title="bbox 152 1673 838 2823">
    <p class='ocr_par' dir='ltr' id='par_1_3' title="bbox 152 1673 837 1983">
     <span class='ocr_line' id='line_1_18' title="bbox 155 1673 837 1724; baseline 0.004 -15"><span class='ocrx_word' id='word_1_111' title='bbox 155 1673 304 1710; x_wconf 86' lang='lat' dir='ltr'><strong>Gerard.</strong></span> <span class='ocrx_word' id='word_1_112' title='bbox 311 1675 468 1721; x_wconf 77' lang='lat' dir='ltr'><strong>Vossius,</strong></span> <span class='ocrx_word' id='word_1_113' title='bbox 480 1676 540 1723; x_wconf 89' lang='lat' dir='ltr'><strong>qui</strong></span> <span class='ocrx_word' id='word_1_114' title='bbox 549 1676 587 1712; x_wconf 91' lang='lat' dir='ltr'><strong>in</strong></span> <span class='ocrx_word' id='word_1_115' title='bbox 595 1689 701 1724; x_wconf 88' lang='lat' dir='ltr'><strong>opere</strong></span> <span class='ocrx_word' id='word_1_116' title='bbox 712 1677 837 1713; x_wconf 88' lang='lat' dir='ltr'><strong>Gram-</strong></span> 
     </span>
     <span class='ocr_line' id='line_1_19' title="bbox 154 1727 834 1775; baseline 0.003 -13"><span class='ocrx_word' id='word_1_117' title='bbox 154 1727 282 1763; x_wconf 80' lang='lat' dir='ltr'><strong>matico</strong></span> <span class='ocrx_word' id='word_1_118' title='bbox 302 1728 482 1774; x_wconf 87' lang='lat' dir='ltr'><strong>complura</strong></span> <span class='ocrx_word' id='word_1_119' title='bbox 506 1729 664 1775; x_wconf 87' lang='lat' dir='ltr'><strong>exempla</strong></span> <span class='ocrx_word' id='word_1_120' title='bbox 683 1729 775 1764; x_wconf 90' lang='lat' dir='ltr'><strong>hanc</strong></span> <span class='ocrx_word' id='word_1_121' title='bbox 796 1730 834 1764; x_wconf 92' lang='lat' dir='ltr'><strong>in</strong></span> 
     </span>
     <span class='ocr_line' id='line_1_20' title="bbox 153 1778 835 1828; baseline 0.004 -15"><span class='ocrx_word' id='word_1_122' title='bbox 153 1792 231 1814; x_wconf 83' lang='lat' dir='ltr'><strong>rem</strong></span> <span class='ocrx_word' id='word_1_123' title='bbox 237 1778 361 1815; x_wconf 80' lang='lat' dir='ltr'><strong>adfert.</strong></span> <span class='ocrx_word' id='word_1_124' title='bbox 368 1781 504 1816; x_wconf 71' lang='lat' dir='ltr'><strong>Hums.</strong></span> <span class='ocrx_word' id='word_1_125' title='bbox 509 1783 686 1816; x_wconf 76' lang='lat' dir='ltr'><strong>—Jnsana</strong></span> <span class='ocrx_word' id='word_1_126' title='bbox 693 1795 835 1828; x_wconf 84' lang='lat' dir='ltr'><strong>oequora.</strong></span> 
     </span>
     <span class='ocr_line' id='line_1_21' title="bbox 154 1831 837 1879; baseline 0.003 -13"><span class='ocrx_word' id='word_1_127' title='bbox 154 1831 295 1867; x_wconf 87' lang='lat' dir='ltr'><strong>Eodem</strong></span> <span class='ocrx_word' id='word_1_128' title='bbox 309 1831 436 1877; x_wconf 88' lang='lat' dir='ltr'><strong>modo,</strong></span> <span class='ocrx_word' id='word_1_129' title='bbox 454 1832 520 1879; x_wconf 85' lang='lat' dir='ltr'><strong>Ep.</strong></span> <span class='ocrx_word' id='word_1_130' title='bbox 535 1845 550 1868; x_wconf 89' lang='lat'><em>1</em></span> <span class='ocrx_word' id='word_1_131' title='bbox 566 1859 576 1877; x_wconf 92' lang='lat'>,</span> <span class='ocrx_word' id='word_1_132' title='bbox 598 1833 683 1868; x_wconf 83' lang='lat' dir='ltr'><strong>dixit</strong></span> <span class='ocrx_word' id='word_1_133' title='bbox 694 1837 837 1868; x_wconf 81' lang='lat' dir='ltr'><strong>insanas</strong></span> 
     </span>
     <span class='ocr_line' id='line_1_22' title="bbox 152 1883 836 1930; baseline 0.001 -12"><span class='ocrx_word' id='word_1_134' title='bbox 152 1897 270 1930; x_wconf 80' lang='lat' dir='ltr'><strong>aquas.</strong></span> <span class='ocrx_word' id='word_1_135' title='bbox 295 1883 399 1920; x_wconf 75' lang='lat' dir='ltr'><strong>Clor.</strong></span> <span class='ocrx_word' id='word_1_136' title='bbox 432 1887 571 1921; x_wconf 68' lang='lat' dir='ltr'><strong>Vesana</strong></span> <span class='ocrx_word' id='word_1_137' title='bbox 586 1892 639 1921; x_wconf 84' lang='lat' dir='ltr'><strong>est</strong></span> <span class='ocrx_word' id='word_1_138' title='bbox 665 1886 703 1920; x_wconf 91' lang='lat' dir='ltr'><strong>in</strong></span> <span class='ocrx_word' id='word_1_139' title='bbox 721 1885 836 1921; x_wconf 84' lang='lat' dir='ltr'><strong>vossii</strong></span> 
     </span>
     <span class='ocr_line' id='line_1_23' title="bbox 153 1936 331 1983; baseline -0.006 -12"><span class='ocrx_word' id='word_1_140' title='bbox 153 1936 331 1983; x_wconf 82' lang='lat' dir='ltr'><strong>excerptis.</strong></span> 
     </span>
    </p>

    <p class='ocr_par' dir='ltr' id='par_1_4' title="bbox 153 1990 838 2296">
     <span class='ocr_line' id='line_1_24' title="bbox 198 1990 837 2033; baseline 0 -10"><span class='ocrx_word' id='word_1_141' title='bbox 198 1990 251 2033; x_wconf 79' lang='grc'><strong>54.</strong></span> <span class='ocrx_word' id='word_1_142' title='bbox 273 1990 357 2024; x_wconf 85' lang='lat' dir='ltr'><strong>Tam</strong></span> <span class='ocrx_word' id='word_1_143' title='bbox 375 1992 474 2025; x_wconf 84' lang='lat' dir='ltr'><strong>male.</strong></span> <span class='ocrx_word' id='word_1_144' title='bbox 493 1991 685 2025; x_wconf 86' lang='lat' dir='ltr'><strong>Vaticanus</strong></span> <span class='ocrx_word' id='word_1_145' title='bbox 703 1996 739 2024; x_wconf 79' lang='lat' dir='ltr'><strong>et</strong></span> <span class='ocrx_word' id='word_1_146' title='bbox 756 1990 837 2023; x_wconf 87' lang='lat' dir='ltr'><strong>Lo-</strong></span> 
     </span>
     <span class='ocr_line' id='line_1_25' title="bbox 153 2040 838 2089; baseline 0.001 -15"><span class='ocrx_word' id='word_1_147' title='bbox 153 2040 343 2089; x_wconf 81' lang='lat' dir='ltr'><strong>vaniensis,</strong></span> <span class='ocrx_word' id='word_1_148' title='bbox 360 2053 458 2086; x_wconf 79' lang='lat' dir='ltr'><strong>quam</strong></span> <span class='ocrx_word' id='word_1_149' title='bbox 470 2044 577 2083; x_wconf 86' lang='lat' dir='ltr'><strong>male,</strong></span> <span class='ocrx_word' id='word_1_150' title='bbox 595 2048 635 2076; x_wconf 86' lang='lat' dir='ltr'><strong>ut</strong></span> <span class='ocrx_word' id='word_1_151' title='bbox 652 2054 715 2087; x_wconf 84' lang='lat' dir='ltr'><strong>per</strong></span> <span class='ocrx_word' id='word_1_152' title='bbox 730 2041 838 2075; x_wconf 89' lang='lat' dir='ltr'><strong>inter-</strong></span> 
     </span>
     <span class='ocr_line' id='line_1_26' title="bbox 154 2092 837 2140; baseline 0.001 -14"><span class='ocrx_word' id='word_1_153' title='bbox 154 2092 375 2138; x_wconf 78' lang='lat' dir='ltr'><strong>rogationem</strong></span> <span class='ocrx_word' id='word_1_154' title='bbox 397 2093 543 2140; x_wconf 82' lang='lat' dir='ltr'><strong>legatur.</strong></span> <span class='ocrx_word' id='word_1_155' title='bbox 566 2093 741 2128; x_wconf 80' lang='lat' dir='ltr'><strong>Francius</strong></span> <span class='ocrx_word' id='word_1_156' title='bbox 758 2106 837 2127; x_wconf 82' lang='lat' dir='ltr'><strong>ma-</strong></span> 
     </span>
     <span class='ocr_line' id='line_1_27' title="bbox 154 2144 836 2192; baseline 0 -13"><span class='ocrx_word' id='word_1_157' title='bbox 154 2144 248 2179; x_wconf 80' lang='lat' dir='ltr'><strong>lebat</strong></span> <span class='ocrx_word' id='word_1_158' title='bbox 270 2144 344 2180; x_wconf 84' lang='lat' dir='ltr'><strong>sine</strong></span> <span class='ocrx_word' id='word_1_159' title='bbox 365 2145 640 2192; x_wconf 79' lang='lat' dir='ltr'><strong>interrogatione</strong></span> <span class='ocrx_word' id='word_1_160' title='bbox 653 2171 662 2189; x_wconf 92' lang='lat'><em>,</em></span> <span class='ocrx_word' id='word_1_161' title='bbox 688 2149 836 2189; x_wconf 74' lang='lat' dir='ltr'><strong>experte</strong></span> 
     </span>
     <span class='ocr_line' id='line_1_28' title="bbox 154 2198 836 2244; baseline 0.003 -14"><span class='ocrx_word' id='word_1_162' title='bbox 154 2199 258 2231; x_wconf 80' lang='lat' dir='ltr'><strong>toties</strong></span> <span class='ocrx_word' id='word_1_163' title='bbox 267 2200 302 2231; x_wconf 73' lang='lat' dir='ltr'><strong>le</strong></span> <span class='ocrx_word' id='word_1_164' title='bbox 309 2199 398 2232; x_wconf 80' lang='lat' dir='ltr'><strong>male</strong></span> <span class='ocrx_word' id='word_1_165' title='bbox 402 2200 513 2233; x_wconf 67' lang='lat' dir='ltr'><strong>cudis·</strong></span> <span class='ocrx_word' id='word_1_166' title='bbox 521 2211 617 2244; x_wconf 83' lang='lat' dir='ltr'><strong>aquoe</strong></span> <span class='ocrx_word' id='word_1_167' title='bbox 626 2211 638 2242; x_wconf 91' lang='lat'><strong>‚·</strong></span> <span class='ocrx_word' id='word_1_168' title='bbox 650 2198 705 2233; x_wconf 85' lang='lat' dir='ltr'><strong>vel</strong></span> <span class='ocrx_word' id='word_1_169' title='bbox 714 2224 724 2241; x_wconf 90' lang='lat'>‚</span> <span class='ocrx_word' id='word_1_170' title='bbox 738 2211 836 2243; x_wconf 82' lang='lat' dir='ltr'><strong>quam</strong></span> 
     </span>
     <span class='ocr_line' id='line_1_29' title="bbox 155 2249 630 2296; baseline 0.004 -14"><span class='ocrx_word' id='word_1_171' title='bbox 155 2249 240 2283; x_wconf 73' lang='lat' dir='ltr'><strong>bene</strong></span> <span class='ocrx_word' id='word_1_172' title='bbox 254 2251 365 2284; x_wconf 72' lang='lat' dir='ltr'><strong>cudis</strong></span> <span class='ocrx_word' id='word_1_173' title='bbox 377 2262 483 2296; x_wconf 64' lang='lat' dir='ltr'><strong>aquo.</strong></span> <span class='ocrx_word' id='word_1_174' title='bbox 498 2249 630 2286; x_wconf 73' lang='lat' dir='ltr'><strong>Buam.</strong></span> 
     </span>
    </p>

    <p class='ocr_par' dir='ltr' id='par_1_5' title="bbox 155 2302 837 2449">
     <span class='ocr_line' id='line_1_30' title="bbox 199 2302 837 2348; baseline 0.003 -13"><span class='ocrx_word' id='word_1_175' title='bbox 199 2302 253 2348; x_wconf 82' lang='lat'><strong>⁵9·</strong></span> <span class='ocrx_word' id='word_1_176' title='bbox 271 2302 361 2345; x_wconf 71' lang='lat' dir='ltr'><strong>Quia</strong></span> <span class='ocrx_word' id='word_1_177' title='bbox 369 2306 480 2336; x_wconf 76' lang='lat' dir='ltr'><strong>mater</strong></span> <span class='ocrx_word' id='word_1_178' title='bbox 490 2303 636 2343; x_wconf 68' lang='lat' dir='ltr'><strong>Amasis,</strong></span> <span class='ocrx_word' id='word_1_179' title='bbox 653 2303 756 2336; x_wconf 87' lang='lat' dir='ltr'><strong>Nuda</strong></span> <span class='ocrx_word' id='word_1_180' title='bbox 769 2303 837 2348; x_wconf 78' lang='lat' dir='ltr'><strong>Cy-</strong></span> 
     </span>
     <span class='ocr_line' id='line_1_31' title="bbox 155 2353 837 2399; baseline 0.003 -13"><span class='ocrx_word' id='word_1_181' title='bbox 155 2354 318 2387; x_wconf 76' lang='lat' dir='ltr'><strong>theriacis</strong></span> <span class='ocrx_word' id='word_1_182' title='bbox 327 2353 540 2398; x_wconf 70' lang='lat' dir='ltr'><strong>edilasedur</strong></span> <span class='ocrx_word' id='word_1_183' title='bbox 549 2357 656 2399; x_wconf 76' lang='lat' dir='ltr'><strong>aquis.</strong></span> <span class='ocrx_word' id='word_1_184' title='bbox 671 2354 714 2388; x_wconf 91' lang='lat' dir='ltr'><strong>ln</strong></span> <span class='ocrx_word' id='word_1_185' title='bbox 727 2353 837 2399; x_wconf 83' lang='lat' dir='ltr'><strong>Epist.</strong></span> 
     </span>
     <span class='ocr_line' id='line_1_32' title="bbox 155 2403 496 2449; baseline 0.003 -10"><span class='ocrx_word' id='word_1_186' title='bbox 155 2403 200 2439; x_wconf 87' lang='lat' dir='ltr'><strong>ad</strong></span> <span class='ocrx_word' id='word_1_187' title='bbox 216 2404 395 2440; x_wconf 88' lang='lat' dir='ltr'><strong>Helenam</strong></span> <span class='ocrx_word' id='word_1_188' title='bbox 407 2430 417 2448; x_wconf 87' lang='lat'>,</span> <span class='ocrx_word' id='word_1_189' title='bbox 435 2406 496 2449; x_wconf 80' lang='lat'><strong>24:</strong></span> 
     </span>
    </p>

    <p class='ocr_par' dir='ltr' id='par_1_6' title="bbox 153 2464 836 2601">
     <span class='ocr_line' id='line_1_33' title="bbox 171 2464 738 2498; baseline 0.004 -10"><span class='ocrx_word' id='word_1_190' title='bbox 171 2465 176 2467; x_wconf 64' lang='grc'><strong><em>’</em></strong></span> <span class='ocrx_word' id='word_1_191' title='bbox 186 2464 219 2488; x_wconf 87' lang='lat' dir='ltr'><strong>In</strong></span> <span class='ocrx_word' id='word_1_192' title='bbox 231 2472 301 2488; x_wconf 71' lang='lat' dir='ltr'><strong>mare</strong></span> <span class='ocrx_word' id='word_1_193' title='bbox 313 2464 440 2489; x_wconf 79' lang='lat' dir='ltr'><strong>nimirum</strong></span> <span class='ocrx_word' id='word_1_194' title='bbox 452 2465 495 2498; x_wconf 74' lang='lat' dir='ltr'><strong>jus</strong></span> <span class='ocrx_word' id='word_1_195' title='bbox 508 2464 585 2490; x_wconf 70' lang='lat' dir='ltr'><strong>habet</strong></span> <span class='ocrx_word' id='word_1_196' title='bbox 597 2470 653 2490; x_wconf 71' lang='lat' dir='ltr'><strong>orta</strong></span> <span class='ocrx_word' id='word_1_197' title='bbox 664 2466 738 2490; x_wconf 82' lang='lat' dir='ltr'><strong>mari.</strong></span> 
     </span>
     <span class='ocr_line' id='line_1_34' title="bbox 155 2512 836 2559; baseline 0.004 -12"><span class='ocrx_word' id='word_1_198' title='bbox 155 2512 332 2548; x_wconf 76' lang='lat' dir='ltr'><strong>Ausonius</strong></span> <span class='ocrx_word' id='word_1_199' title='bbox 347 2526 356 2548; x_wconf 91' lang='lat'><strong>:</strong></span> <span class='ocrx_word' id='word_1_200' title='bbox 376 2514 461 2548; x_wconf 73' lang='lat' dir='ltr'><strong>ona</strong></span> <span class='ocrx_word' id='word_1_201' title='bbox 480 2517 582 2555; x_wconf 80' lang='lat' dir='ltr'><strong>mari,</strong></span> <span class='ocrx_word' id='word_1_202' title='bbox 600 2518 758 2559; x_wconf 81' lang='lat' dir='ltr'><strong>suscepta</strong></span> <span class='ocrx_word' id='word_1_203' title='bbox 776 2528 836 2550; x_wconf 86' lang='lat' dir='ltr'><strong>so-</strong></span> 
     </span>
     <span class='ocr_line' id='line_1_35' title="bbox 153 2563 389 2601; baseline -0.004 -1"><span class='ocrx_word' id='word_1_204' title='bbox 153 2566 190 2600; x_wconf 81' lang='lat' dir='ltr'><strong>lo</strong></span> <span class='ocrx_word' id='word_1_205' title='bbox 201 2571 265 2600; x_wconf 83' lang='lat' dir='ltr'><strong>etc.</strong></span> <span class='ocrx_word' id='word_1_206' title='bbox 282 2563 389 2601; x_wconf 79' lang='lat' dir='ltr'><strong>Cror.</strong></span> 
     </span>
    </p>

    <p class='ocr_par' dir='ltr' id='par_1_7' title="bbox 156 2617 837 2823">
     <span class='ocr_line' id='line_1_36' title="bbox 198 2617 835 2664; baseline 0.005 -12"><span class='ocrx_word' id='word_1_207' title='bbox 198 2617 254 2652; x_wconf 79' lang='lat'><strong>61.</strong></span> <span class='ocrx_word' id='word_1_208' title='bbox 269 2619 411 2653; x_wconf 67' lang='lat' dir='ltr'><strong>Perdita</strong></span> <span class='ocrx_word' id='word_1_209' title='bbox 426 2631 469 2654; x_wconf 83' lang='lat' dir='ltr'><strong>ne</strong></span> <span class='ocrx_word' id='word_1_210' title='bbox 477 2620 618 2664; x_wconf 77' lang='lat' dir='ltr'><strong>perdam</strong></span> <span class='ocrx_word' id='word_1_211' title='bbox 630 2622 731 2654; x_wconf 72' lang='lat' dir='ltr'><strong>timeo</strong></span> <span class='ocrx_word' id='word_1_212' title='bbox 742 2646 752 2662; x_wconf 87' lang='lat'><em>‚</em></span> <span class='ocrx_word' id='word_1_213' title='bbox 771 2633 835 2655; x_wconf 80' lang='lat' dir='ltr'><strong>no-</strong></span> 
     </span>
     <span class='ocr_line' id='line_1_37' title="bbox 156 2671 835 2707; baseline 0.004 -3"><span class='ocrx_word' id='word_1_214' title='bbox 156 2681 290 2705; x_wconf 67' lang='lat' dir='ltr'><strong>ceamve</strong></span> <span class='ocrx_word' id='word_1_215' title='bbox 317 2674 462 2706; x_wconf 78' lang='lat' dir='ltr'><strong>nocenti.</strong></span> <span class='ocrx_word' id='word_1_216' title='bbox 487 2671 624 2706; x_wconf 84' lang='lat' dir='ltr'><strong>Excidit</strong></span> <span class='ocrx_word' id='word_1_217' title='bbox 646 2684 729 2706; x_wconf 82' lang='lat' dir='ltr'><strong>vere</strong></span> <span class='ocrx_word' id='word_1_218' title='bbox 750 2672 835 2707; x_wconf 82' lang='lat' dir='ltr'><strong>cala—</strong></span> 
     </span>
     <span class='ocr_line' id='line_1_38' title="bbox 157 2722 835 2762; baseline 0.007 -6"><span class='ocrx_word' id='word_1_219' title='bbox 157 2733 236 2757; x_wconf 83' lang='lat' dir='ltr'><strong>mus</strong></span> <span class='ocrx_word' id='word_1_220' title='bbox 253 2722 355 2758; x_wconf 85' lang='lat' dir='ltr'><strong>toties</strong></span> <span class='ocrx_word' id='word_1_221' title='bbox 369 2723 550 2758; x_wconf 89' lang='lat' dir='ltr'><strong>adnotanti</strong></span> <span class='ocrx_word' id='word_1_222' title='bbox 572 2724 715 2760; x_wconf 87' lang='lat' dir='ltr'><strong>inanem</strong></span> <span class='ocrx_word' id='word_1_223' title='bbox 739 2724 835 2762; x_wconf 84' lang='lat' dir='ltr'><strong>hunc</strong></span> 
     </span>
     <span class='ocr_line' id='line_1_39' title="bbox 158 2776 837 2823; baseline 0.009 -15"><span class='ocrx_word' id='word_1_224' title='bbox 158 2776 392 2812; x_wconf 64' lang='lat' dir='ltr'><strong>cataractarum</strong></span> <span class='ocrx_word' id='word_1_225' title='bbox 404 2777 577 2822; x_wconf 82' lang='lat' dir='ltr'><strong>fragorem</strong></span> <span class='ocrx_word' id='word_1_226' title='bbox 585 2802 596 2821; x_wconf 90' lang='lat'><em>,</em></span> <span class='ocrx_word' id='word_1_227' title='bbox 619 2777 742 2823; x_wconf 81' lang='lat' dir='ltr'><strong>quibus</strong></span> <span class='ocrx_word' id='word_1_228' title='bbox 756 2777 837 2814; x_wconf 86' lang='lat' dir='ltr'><strong>ubi·-</strong></span> 
     </span>
    </p>
   </div>
   <div class='ocr_carea' id='block_1_4' title="bbox 899 1676 1586 2821">
    <p class='ocr_par' dir='ltr' id='par_1_8' title="bbox 900 1676 1586 1882">
     <span class='ocr_line' id='line_1_40' title="bbox 902 1676 1585 1724; baseline -0.001 -12"><span class='ocrx_word' id='word_1_229' title='bbox 902 1690 970 1724; x_wconf 90' lang='lat' dir='ltr'><strong>que</strong></span> <span class='ocrx_word' id='word_1_230' title='bbox 980 1677 1141 1714; x_wconf 84' lang='lat' dir='ltr'><strong>scintillat</strong></span> <span class='ocrx_word' id='word_1_231' title='bbox 1153 1676 1329 1713; x_wconf 80' lang='lat' dir='ltr'><strong>Ovidiana</strong></span> <span class='ocrx_word' id='word_1_232' title='bbox 1338 1677 1449 1712; x_wconf 86' lang='lat' dir='ltr'><strong>oratio</strong></span> <span class='ocrx_word' id='word_1_233' title='bbox 1463 1692 1471 1719; x_wconf 89' lang='lat'>;</span> <span class='ocrx_word' id='word_1_234' title='bbox 1490 1677 1585 1712; x_wconf 85' lang='lat' dir='ltr'><strong>unde</strong></span> 
     </span>
     <span class='ocr_line' id='line_1_41' title="bbox 902 1729 1586 1777; baseline -0.001 -12"><span class='ocrx_word' id='word_1_235' title='bbox 902 1730 964 1774; x_wconf 83' lang='lat' dir='ltr'><strong>fit,</strong></span> <span class='ocrx_word' id='word_1_236' title='bbox 989 1737 1028 1765; x_wconf 93' lang='lat' dir='ltr'><strong>ut</strong></span> <span class='ocrx_word' id='word_1_237' title='bbox 1057 1730 1193 1777; x_wconf 84' lang='lat' dir='ltr'><strong>fulgore</strong></span> <span class='ocrx_word' id='word_1_238' title='bbox 1218 1729 1361 1775; x_wconf 89' lang='lat' dir='ltr'><strong>quidem</strong></span> <span class='ocrx_word' id='word_1_239' title='bbox 1386 1730 1586 1776; x_wconf 83' lang='lat' dir='ltr'><strong>perstrictus</strong></span> 
     </span>
     <span class='ocr_line' id='line_1_42' title="bbox 901 1782 1586 1828; baseline 0 -11"><span class='ocrx_word' id='word_1_240' title='bbox 901 1782 1011 1818; x_wconf 86' lang='lat' dir='ltr'><strong>lector</strong></span> <span class='ocrx_word' id='word_1_241' title='bbox 1023 1789 1161 1828; x_wconf 85' lang='lat' dir='ltr'><strong>stupeat</strong></span> <span class='ocrx_word' id='word_1_242' title='bbox 1177 1782 1383 1828; x_wconf 88' lang='lat' dir='ltr'><strong>aliquando;</strong></span> <span class='ocrx_word' id='word_1_243' title='bbox 1404 1782 1586 1818; x_wconf 85' lang='lat' dir='ltr'><strong>incalescat</strong></span> 
     </span>
     <span class='ocr_line' id='line_1_43' title="bbox 900 1835 1180 1882; baseline 0.004 -13"><span class='ocrx_word' id='word_1_244' title='bbox 900 1848 985 1870; x_wconf 87' lang='lat' dir='ltr'><strong>vero</strong></span> <span class='ocrx_word' id='word_1_245' title='bbox 997 1835 1180 1882; x_wconf 75' lang='lat' dir='ltr'><strong>rarissime.</strong></span> 
     </span>
    </p>

    <p class='ocr_par' dir='ltr' id='par_1_9' title="bbox 901 1886 1585 2130">
     <span class='ocr_line' id='line_1_44' title="bbox 931 1886 1584 1932; baseline -0.006 -8"><span class='ocrx_word' id='word_1_246' title='bbox 931 1887 994 1931; x_wconf 82' lang='grc'><strong>164.</strong></span> <span class='ocrx_word' id='word_1_247' title='bbox 1008 1887 1246 1932; x_wconf 77' lang='lat' dir='ltr'><strong>Causasen’re.</strong></span> <span class='ocrx_word' id='word_1_248' title='bbox 1259 1890 1393 1927; x_wconf 78' lang='lat' dir='ltr'><strong>Ferare,</strong></span> <span class='ocrx_word' id='word_1_249' title='bbox 1407 1887 1431 1921; x_wconf 90' lang='lat' dir='ltr'>J</span> <span class='ocrx_word' id='word_1_250' title='bbox 1435 1886 1584 1921; x_wconf 87' lang='lat' dir='ltr'><strong>unianus</strong></span> 
     </span>
     <span class='ocr_line' id='line_1_45' title="bbox 902 1938 1585 1985; baseline -0.003 -12"><span class='ocrx_word' id='word_1_251' title='bbox 902 1945 937 1973; x_wconf 91' lang='lat' dir='ltr'><strong>et</strong></span> <span class='ocrx_word' id='word_1_252' title='bbox 967 1939 1100 1974; x_wconf 84' lang='lat' dir='ltr'><strong>Douzae</strong></span> <span class='ocrx_word' id='word_1_253' title='bbox 1123 1939 1252 1984; x_wconf 88' lang='lat' dir='ltr'><strong>codex,</strong></span> <span class='ocrx_word' id='word_1_254' title='bbox 1280 1946 1321 1974; x_wconf 86' lang='lat' dir='ltr'><strong>ut</strong></span> <span class='ocrx_word' id='word_1_255' title='bbox 1345 1940 1388 1974; x_wconf 88' lang='lat' dir='ltr'><strong>sit</strong></span> <span class='ocrx_word' id='word_1_256' title='bbox 1409 1938 1585 1985; x_wconf 87' lang='lat' dir='ltr'><strong>optantis:</strong></span> 
     </span>
     <span class='ocr_line' id='line_1_46' title="bbox 901 1990 1584 2036; baseline 0 -12"><span class='ocrx_word' id='word_1_257' title='bbox 901 2004 983 2025; x_wconf 87' lang='lat' dir='ltr'><strong>mox</strong></span> <span class='ocrx_word' id='word_1_258' title='bbox 1003 2004 1066 2036; x_wconf 85' lang='lat' dir='ltr'><strong>pro</strong></span> <span class='ocrx_word' id='word_1_259' title='bbox 1082 1993 1200 2036; x_wconf 76' lang='lat' dir='ltr'><strong>rapido</strong></span> <span class='ocrx_word' id='word_1_260' title='bbox 1213 2019 1222 2033; x_wconf 90' lang='lat'>,</span> <span class='ocrx_word' id='word_1_261' title='bbox 1256 1990 1522 2036; x_wconf 86' lang='lat' dir='ltr'><strong>Argentinensis</strong></span> <span class='ocrx_word' id='word_1_262' title='bbox 1548 1997 1584 2024; x_wconf 91' lang='lat' dir='ltr'><strong>et</strong></span> 
     </span>
     <span class='ocr_line' id='line_1_47' title="bbox 901 2041 1581 2088; baseline 0 -12"><span class='ocrx_word' id='word_1_263' title='bbox 901 2055 993 2078; x_wconf 89' lang='lat' dir='ltr'><strong>unus</strong></span> <span class='ocrx_word' id='word_1_264' title='bbox 1007 2043 1195 2078; x_wconf 81' lang='lat' dir='ltr'><strong>Patavinus</strong></span> <span class='ocrx_word' id='word_1_265' title='bbox 1205 2045 1349 2088; x_wconf 76' lang='lat' dir='ltr'><strong>trepido,</strong></span> <span class='ocrx_word' id='word_1_266' title='bbox 1369 2049 1409 2076; x_wconf 89' lang='lat' dir='ltr'><strong>ut</strong></span> <span class='ocrx_word' id='word_1_267' title='bbox 1418 2041 1462 2077; x_wconf 89' lang='lat' dir='ltr'><strong>ad</strong></span> <span class='ocrx_word' id='word_1_268' title='bbox 1475 2054 1581 2077; x_wconf 87' lang='lat' dir='ltr'><strong>omen</strong></span> 
     </span>
     <span class='ocr_line' id='line_1_48' title="bbox 901 2095 1233 2130; baseline 0.003 -1"><span class='ocrx_word' id='word_1_269' title='bbox 901 2096 1082 2129; x_wconf 87' lang='lat' dir='ltr'><strong>reseratur.</strong></span> <span class='ocrx_word' id='word_1_270' title='bbox 1100 2095 1233 2130; x_wconf 77' lang='lat' dir='ltr'><strong>HEINS.</strong></span> 
     </span>
    </p>

    <p class='ocr_par' dir='ltr' id='par_1_10' title="bbox 899 2147 1582 2402">
     <span class='ocr_line' id='line_1_49' title="bbox 944 2147 1581 2192; baseline -0.002 -11"><span class='ocrx_word' id='word_1_271' title='bbox 944 2147 998 2181; x_wconf 80' lang='lat'><strong>65.</strong></span> <span class='ocrx_word' id='word_1_272' title='bbox 1028 2148 1164 2182; x_wconf 85' lang='lat' dir='ltr'><strong>Nullum</strong></span> <span class='ocrx_word' id='word_1_273' title='bbox 1185 2150 1235 2182; x_wconf 78' lang='lat' dir='ltr'><strong>sil</strong></span> <span class='ocrx_word' id='word_1_274' title='bbox 1254 2150 1291 2181; x_wconf 79' lang='lat' dir='ltr'><strong>in</strong></span> <span class='ocrx_word' id='word_1_275' title='bbox 1312 2149 1422 2182; x_wconf 80' lang='lat' dir='ltr'><strong>omine</strong></span> <span class='ocrx_word' id='word_1_276' title='bbox 1437 2148 1581 2192; x_wconf 78' lang='lat' dir='ltr'><strong>pondus.</strong></span> 
     </span>
     <span class='ocr_line' id='line_1_50' title="bbox 902 2198 1580 2247; baseline 0 -14"><span class='ocrx_word' id='word_1_277' title='bbox 902 2199 988 2247; x_wconf 84' lang='lat' dir='ltr'><strong>Vim</strong></span> <span class='ocrx_word' id='word_1_278' title='bbox 1013 2199 1146 2234; x_wconf 89' lang='lat' dir='ltr'><strong>nullam</strong></span> <span class='ocrx_word' id='word_1_279' title='bbox 1177 2212 1283 2234; x_wconf 90' lang='lat' dir='ltr'><strong>omen</strong></span> <span class='ocrx_word' id='word_1_280' title='bbox 1306 2198 1398 2234; x_wconf 85' lang='lat' dir='ltr'><strong>istud</strong></span> <span class='ocrx_word' id='word_1_281' title='bbox 1428 2198 1553 2234; x_wconf 87' lang='lat' dir='ltr'><strong>habeat</strong></span> <span class='ocrx_word' id='word_1_282' title='bbox 1571 2226 1580 2243; x_wconf 95' lang='lat'>,</span> 
     </span>
     <span class='ocr_line' id='line_1_51' title="bbox 900 2250 1582 2298; baseline 0 -12"><span class='ocrx_word' id='word_1_283' title='bbox 900 2251 1049 2297; x_wconf 89' lang='lat' dir='ltr'><strong>ideoque</strong></span> <span class='ocrx_word' id='word_1_284' title='bbox 1054 2253 1152 2298; x_wconf 76' lang='lat' dir='ltr'><strong>finge</strong></span> <span class='ocrx_word' id='word_1_285' title='bbox 1164 2250 1257 2286; x_wconf 82' lang='lat' dir='ltr'><strong>dixit.</strong></span> <span class='ocrx_word' id='word_1_286' title='bbox 1269 2251 1394 2286; x_wconf 86' lang='lat' dir='ltr'><strong>AEneae</strong></span> <span class='ocrx_word' id='word_1_287' title='bbox 1409 2251 1454 2286; x_wconf 87' lang='lat' dir='ltr'><strong>ob</strong></span> <span class='ocrx_word' id='word_1_288' title='bbox 1465 2252 1582 2286; x_wconf 85' lang='lat' dir='ltr'><strong>oculos</strong></span> 
     </span>
     <span class='ocr_line' id='line_1_52' title="bbox 900 2303 1582 2350; baseline 0 -12"><span class='ocrx_word' id='word_1_289' title='bbox 900 2304 1071 2350; x_wconf 81' lang='lat' dir='ltr'><strong>naufragii</strong></span> <span class='ocrx_word' id='word_1_290' title='bbox 1091 2303 1178 2338; x_wconf 86' lang='lat' dir='ltr'><strong>sistit</strong></span> <span class='ocrx_word' id='word_1_291' title='bbox 1194 2303 1382 2350; x_wconf 87' lang='lat' dir='ltr'><strong>imaginem</strong></span> <span class='ocrx_word' id='word_1_292' title='bbox 1398 2330 1407 2348; x_wconf 88' lang='lat'>,</span> <span class='ocrx_word' id='word_1_293' title='bbox 1427 2316 1494 2349; x_wconf 91' lang='lat' dir='ltr'><strong>qua</strong></span> <span class='ocrx_word' id='word_1_294' title='bbox 1508 2311 1582 2339; x_wconf 89' lang='lat' dir='ltr'><strong>ter-</strong></span> 
     </span>
     <span class='ocr_line' id='line_1_53' title="bbox 899 2355 1559 2402; baseline 0 -12"><span class='ocrx_word' id='word_1_295' title='bbox 899 2356 1006 2399; x_wconf 87' lang='lat' dir='ltr'><strong>ritus,</strong></span> <span class='ocrx_word' id='word_1_296' title='bbox 1024 2355 1227 2401; x_wconf 86' lang='lat' dir='ltr'><strong>consilium,</strong></span> <span class='ocrx_word' id='word_1_297' title='bbox 1243 2356 1271 2391; x_wconf 90' lang='lat' dir='ltr'><strong>si</strong></span> <span class='ocrx_word' id='word_1_298' title='bbox 1292 2356 1415 2402; x_wconf 89' lang='lat' dir='ltr'><strong>possit,</strong></span> <span class='ocrx_word' id='word_1_299' title='bbox 1435 2362 1559 2391; x_wconf 86' lang='lat' dir='ltr'><strong>mutet.</strong></span> 
     </span>
    </p>

    <p class='ocr_par' dir='ltr' id='par_1_11' title="bbox 899 2408 1580 2606">
     <span class='ocr_line' id='line_1_54' title="bbox 943 2408 1580 2456; baseline 0 -14"><span class='ocrx_word' id='word_1_300' title='bbox 943 2409 997 2456; x_wconf 78' lang='lat'><strong>59.</strong></span> <span class='ocrx_word' id='word_1_301' title='bbox 1024 2408 1184 2453; x_wconf 65' lang='lat' dir='ltr'><strong>Conjugv‘s</strong></span> <span class='ocrx_word' id='word_1_302' title='bbox 1201 2413 1282 2444; x_wconf 78' lang='lat' dir='ltr'><strong>ante</strong></span> <span class='ocrx_word' id='word_1_303' title='bbox 1303 2411 1418 2443; x_wconf 85' lang='lat' dir='ltr'><strong>oculos</strong></span> <span class='ocrx_word' id='word_1_304' title='bbox 1432 2410 1580 2453; x_wconf 70' lang='lat' dir='ltr'><strong>decepte</strong></span> 
     </span>
     <span class='ocr_line' id='line_1_55' title="bbox 899 2460 1580 2505; baseline 0.001 -10"><span class='ocrx_word' id='word_1_305' title='bbox 899 2463 1008 2495; x_wconf 76' lang='lat' dir='ltr'><strong>stabit</strong></span> <span class='ocrx_word' id='word_1_306' title='bbox 1031 2464 1148 2505; x_wconf 69' lang='lat' dir='ltr'><strong>imago·</strong></span> <span class='ocrx_word' id='word_1_307' title='bbox 1178 2462 1299 2495; x_wconf 73' lang='lat' dir='ltr'><strong>Tristis</strong></span> <span class='ocrx_word' id='word_1_308' title='bbox 1321 2467 1385 2495; x_wconf 89' lang='lat' dir='ltr'><strong>etc.</strong></span> <span class='ocrx_word' id='word_1_309' title='bbox 1422 2460 1580 2496; x_wconf 80' lang='lat' dir='ltr'><strong>Vividius</strong></span> 
     </span>
     <span class='ocr_line' id='line_1_56' title="bbox 901 2512 1437 2557; baseline -0.004 -9"><span class='ocrx_word' id='word_1_310' title='bbox 901 2514 1023 2557; x_wconf 85' lang='lat' dir='ltr'><strong>Mam,</strong></span> <span class='ocrx_word' id='word_1_311' title='bbox 1042 2512 1185 2547; x_wconf 68' lang='lat' dir='ltr'><strong>AE&#39;neid.</strong></span> <span class='ocrx_word' id='word_1_312' title='bbox 1202 2513 1259 2547; x_wconf 85' lang='lat' dir='ltr'><strong>lib.</strong></span> <span class='ocrx_word' id='word_1_313' title='bbox 1275 2524 1332 2556; x_wconf 79' lang='lat' dir='ltr'><strong>lv,</strong></span> <span class='ocrx_word' id='word_1_314' title='bbox 1351 2512 1437 2546; x_wconf 82' lang='lat'>386:</span> 
     </span>
     <span class='ocr_line' id='line_1_57' title="bbox 900 2572 1426 2606; baseline -0.006 -6"><span class='ocrx_word' id='word_1_315' title='bbox 900 2574 1031 2600; x_wconf 78' lang='lat' dir='ltr'><strong>Omnibus</strong></span> <span class='ocrx_word' id='word_1_316' title='bbox 1042 2573 1132 2599; x_wconf 74' lang='lat' dir='ltr'><strong>umbra</strong></span> <span class='ocrx_word' id='word_1_317' title='bbox 1145 2573 1208 2598; x_wconf 77' lang='lat' dir='ltr'><strong>loeis</strong></span> <span class='ocrx_word' id='word_1_318' title='bbox 1219 2573 1313 2606; x_wconf 71' lang='lat' dir='ltr'><strong>adem3</strong></span> <span class='ocrx_word' id='word_1_319' title='bbox 1330 2572 1404 2598; x_wconf 76' lang='lat' dir='ltr'><strong>dabis</strong></span> <span class='ocrx_word' id='word_1_320' title='bbox 1415 2592 1426 2604; x_wconf 86' lang='lat'><em>,</em></span> 
     </span>
    </p>

    <p class='ocr_par' dir='ltr' id='par_1_12' title="bbox 899 2631 1586 2821">
     <span class='ocr_line' id='line_1_58' title="bbox 998 2631 1095 2656; baseline -0.021 -7"><span class='ocrx_word' id='word_1_321' title='bbox 998 2631 1095 2656; x_wconf 78' lang='lat' dir='ltr'><strong>poeuas.</strong></span> 
     </span>
     <span class='ocr_line' id='line_1_59' title="bbox 900 2670 1580 2718; baseline -0.003 -11"><span class='ocrx_word' id='word_1_322' title='bbox 900 2671 972 2708; x_wconf 90' lang='lat' dir='ltr'><strong>Sed</strong></span> <span class='ocrx_word' id='word_1_323' title='bbox 989 2671 1102 2718; x_wconf 88' lang='lat' dir='ltr'><strong>ipsum</strong></span> <span class='ocrx_word' id='word_1_324' title='bbox 1120 2671 1274 2707; x_wconf 87' lang='lat' dir='ltr'><strong>AEneam</strong></span> <span class='ocrx_word' id='word_1_325' title='bbox 1287 2671 1344 2706; x_wconf 85' lang='lat' dir='ltr'><strong>hic</strong></span> <span class='ocrx_word' id='word_1_326' title='bbox 1360 2670 1560 2716; x_wconf 83' lang='lat' dir='ltr'><strong>adloquitur</strong></span> <span class='ocrx_word' id='word_1_327' title='bbox 1571 2697 1580 2714; x_wconf 84' lang='lat'><strong><em>,</em></strong></span> 
     </span>
     <span class='ocr_line' id='line_1_60' title="bbox 899 2723 1586 2770; baseline -0.009 -9"><span class='ocrx_word' id='word_1_328' title='bbox 899 2732 935 2761; x_wconf 86' lang='lat' dir='ltr'><strong>et</strong></span> <span class='ocrx_word' id='word_1_329' title='bbox 950 2737 1097 2759; x_wconf 82' lang='lat' dir='ltr'><strong>accensa</strong></span> <span class='ocrx_word' id='word_1_330' title='bbox 1111 2724 1255 2770; x_wconf 87' lang='lat' dir='ltr'><strong>quidem</strong></span> <span class='ocrx_word' id='word_1_331' title='bbox 1271 2737 1283 2758; x_wconf 77' lang='grc' dir='ltr'><em>τ</em></span> <span class='ocrx_word' id='word_1_332' title='bbox 1295 2723 1363 2758; x_wconf 85' lang='lat' dir='ltr'><strong>illic</strong></span> <span class='ocrx_word' id='word_1_333' title='bbox 1373 2736 1456 2759; x_wconf 72' lang='lat' dir='ltr'><strong>vero</strong></span> <span class='ocrx_word' id='word_1_334' title='bbox 1466 2725 1586 2757; x_wconf 77' lang='lat' dir='ltr'><strong>scribit</strong></span> 
     </span>
     <span class='ocr_line' id='line_1_61' title="bbox 900 2775 1585 2821; baseline -0.006 -8"><span class='ocrx_word' id='word_1_335' title='bbox 900 2785 1040 2814; x_wconf 86' lang='lat' dir='ltr'><strong>tantum</strong></span> <span class='ocrx_word' id='word_1_336' title='bbox 1054 2790 1061 2821; x_wconf 72' lang='grc' dir='ltr'><strong>ς</strong></span> <span class='ocrx_word' id='word_1_337' title='bbox 1078 2784 1113 2812; x_wconf 90' lang='lat' dir='ltr'><strong>et</strong></span> <span class='ocrx_word' id='word_1_338' title='bbox 1134 2788 1206 2811; x_wconf 88' lang='lat' dir='ltr'><strong>non</strong></span> <span class='ocrx_word' id='word_1_339' title='bbox 1228 2775 1316 2811; x_wconf 83' lang='lat' dir='ltr'><strong>nihil</strong></span> <span class='ocrx_word' id='word_1_340' title='bbox 1327 2775 1444 2812; x_wconf 78' lang='lat' dir='ltr'><strong>differt</strong></span> <span class='ocrx_word' id='word_1_341' title='bbox 1457 2788 1477 2812; x_wconf 90' lang='lat' dir='ltr'><strong>a</strong></span> <span class='ocrx_word' id='word_1_342' title='bbox 1489 2781 1585 2811; x_wconf 84' lang='lat' dir='ltr'><strong>recto</strong></span> 
     </span>
    </p>
   </div>
   <div class='ocr_carea' id='block_1_5' title="bbox 1447 2572 1582 2608">
    <p class='ocr_par' dir='ltr' id='par_1_13' title="bbox 1447 2572 1582 2608">
     <span class='ocr_line' id='line_1_62' title="bbox 1447 2572 1582 2608; baseline 0 -10"><span class='ocrx_word' id='word_1_343' title='bbox 1447 2572 1562 2608; x_wconf 79' lang='lat' dir='ltr'><strong>improbe</strong></span> <span class='ocrx_word' id='word_1_344' title='bbox 1574 2593 1582 2605; x_wconf 91' lang='lat'><strong><em>,</em></strong></span> 
     </span>
    </p>
   </div>
  </div>
 </body>
</html>
