1884 3112
852 246 909 290 A.
965 246 1201 291 SABINI

327 338 376 385 Si
399 337 507 386 mihi
530 335 651 385 nulla
672 336 801 394 fides,
828 348 1016 386 armatos
1039 338 1207 404 respice
1229 337 1433 387 Atridas:

338 260 416 288 120

389 410 535 478 Quam
558 415 646 462 sibi
669 414 730 462 sic
753 425 979 480 repetunt,
1004 414 1066 463 sic
1091 414 1322 463 metuenda
1345 414 1453 462 mihi
1475 425 1553 463 est.

326 493 462 557 Quod
485 493 521 540 si
545 491 759 541 vertendae
784 511 906 559 spem
927 492 1087 540 mentis
1110 492 1306 558 concipis
1329 490 1460 556 hujus
1474 527 1486 549 ,

388 569 480 616 Cur
502 581 672 617 cessant
692 569 860 626 herbae,
887 569 1076 617 carmina
1099 586 1251 617 cur-ve
1276 567 1379 615 tua?

325 645 475 707 Quum
499 657 542 693 te
562 664 642 693 nec
665 644 825 693 Phoebi
848 644 1053 693 solertior
1075 645 1245 694 artibus
1266 643 1357 692 ulla
1379 655 1469 702 est,

1684 581 1726 614 80

385 722 675 788 Phoebeaeque
699 723 884 770 Hecates
907 722 1076 770 somnia
1097 720 1351 774 vera-vides.

319 800 482 847 Tecum
507 799 745 857 sideribus,
773 811 916 847 tecum
940 798 1150 847 deducere
1173 799 1344 845 Lunam

384 875 615 933 Nubibus,
642 887 685 924 et
707 875 886 923 memini
910 875 1174 941 surripuisse
1200 874 1326 922 diem.

319 950 557 999 Pascebam
579 962 727 999 tauros
747 971 756 998 :
775 952 978 1016 interque
1001 961 1194 998 armenta
1211 949 1361 997 leones

1666 956 1729 995 '85

386 1026 617 1092 Obstupui
639 1026 837 1092 placidos
861 1026 1043 1074 vocibus
1066 1026 1128 1074 ire
1154 1026 1254 1074 tuis.

321 1102 444 1166 Quid
466 1114 583 1150 retro
607 1103 858 1160 Xanthum,
884 1115 1001 1151 retro
1024 1103 1250 1151 Simoenta
1271 1112 1472 1150 vocatum

380 1177 596 1243 Adjiciam
619 1196 771 1226 cursus
793 1195 886 1225 non
909 1177 1101 1225 tenuisse
1125 1178 1262 1225 suos?

318 1256 419 1321 Ipse
442 1266 567 1320 pater
589 1274 665 1303 seu
689 1274 798 1314 rem,
823 1266 936 1303 natae
958 1252 1070 1303 male
1094 1265 1216 1301 tutus
1238 1252 1440 1310 haberet,

359 1368 409 1413 78.
425 1369 481 1402 Sic
500 1370 678 1403 metuenda
689 1370 841 1403 mibiesl.
855 1367 966 1413 Lege:

313 1428 399 1459 Quam
411 1426 460 1451 sibi
472 1427 507 1452 sic
519 1433 638 1460 repetunt
648 1447 656 1459 ,
672 1428 708 1453 sic
721 1428 853 1453 retinenda
863 1427 928 1452 mihi
939 1432 988 1452 est.

314 1475 407 1511 Mihi
420 1502 429 1520 ,
444 1475 570 1511 scilicet
587 1482 741 1519 armato3
767 1475 821 1511 vel
836 1475 930 1522 lege:

573 1536 695 1561 Armatos
709 1536 806 1570 respice
814 1535 937 1561 Atridas:

313 1586 399 1617 Quam
414 1585 463 1610 sibi
476 1586 513 1610 sic
525 1590 643 1618 repetunt
653 1604 662 1616 ,
685 1585 752 1610 sitne
765 1584 859 1609 tuenda
870 1583 942 1608 mibi.

312 1632 445 1667 Hnms.
454 1634 510 1667 Sic
516 1635 691 1669 retinenda
696 1635 845 1668 mz'biest.
853 1633 987 1667 Bersm.

314 1690 350 1717 et
365 1683 478 1718 Plant.

356 1735 407 1769 81.
424 1737 529 1778 Quum
543 1740 577 1770 le
589 1749 652 1770 nec
663 1738 790 1771 Pha-bi.
806 1735 937 1779 Scribe,
948 1741 989 1770 ut

313 1786 506 1822 Latinitatis
520 1785 608 1821 ratio
619 1785 786 1821 habeatur
797 1813 806 1830 ,
833 1788 920 1822 Nam
943 1791 986 1821 le.

313 1839 424 1873 ΙυΕΜ.

354 1890 407 1924 83.
439 1892 486 1924 Te
496 1903 568 1925 cum
585 1891 747 1925 siden'bus
764 1895 871 1925 tecum
882 1892 988 1925 dedu-

309 1954 385 1976 cere
404 1943 532 1976 Lunam
559 1944 709 1977 Nubibus
724 1949 788 1978 etc.
815 1944 904 1977 Calo
926 1944 988 1976 de-

309 1995 430 2028 ducere
446 1995 575 2028 Lunam
586 1995 667 2028 olim
683 1994 927 2040 retingendum
941 1994 988 2028 vi-

312 2044 471 2089 debatur,
483 2045 576 2090 quod
592 2052 626 2080 et
637 2046 810 2092 Scaligero
823 2045 986 2092 placuisse

310 2096 567 2140 animadverto,
586 2105 624 2132 ut
641 2097 682 2132 ad
698 2098 931 2133 imitationem
943 2097 986 2132 il—

310 2148 426 2182 lorum
442 2149 515 2183 haec
532 2149 620 2184 dicta
634 2150 702 2184 sint
716 2163 723 2184 :

306 2208 426 2232 Carmina
439 2209 480 2232 vel
494 2209 557 2234 coelo
566 2215 674 2242 possunt
684 2210 809 2234 deducere
824 2210 936 2235 Lunam·
947 2210 981 2235 V.

306 2255 354 2289 Et
371 2256 563 2301 Propertii,
582 2257 638 2292 lib.
652 2269 692 2292 11.
708 2257 803 2304 Eleg.
821 2269 883 2293 xxl
894 2284 903 2302 ,
920 2258 960 2303 37
974 2270 982 2292 ι

306 2315 340 2339 Et
350 2315 401 2347 jam
410 2315 486 2340 Luna
497 2322 572 2348 negat
584 2317 660 2342 toties
672 2318 823 2343 descendere
836 2318 909 2343 coelo.

310 2361 416 2397 Certe
428 2363 536 2398 Lunae
547 2363 709 2400 deductio
719 2365 756 2400 in
769 2365 906 2412 magicis
915 2377 982 2400 no-

304 2414 434 2450 tissima
446 2440 456 2458 ‚
475 2428 543 2460 qua
557 2423 629 2450 arte
642 2416 740 2463 Sagae
757 2416 928 2452 Thessalae
943 2417 979 2451 in

307 2466 426 2510 primis
438 2466 580 2501 nobiles.
599 2466 766 2503 Ceterum
779 2469 872 2514 quod
881 2471 981 2506 dedu-

305 2530 380 2552 cere
394 2525 444 2553 est
464 2518 600 2564 optimis
616 2521 828 2565 auctoribus,
845 2520 888 2555 de
910 2533 980 2566 quo

306 2568 413 2602 verbo
433 2570 511 2604 satis
527 2571 628 2604 obvio
640 2571 678 2605 in
694 2578 853 2606 veterum
874 2584 979 2606 com—

306 2621 484 2655 mentariis
506 2634 571 2656 uos
590 2622 668 2657 alibi
690 2622 788 2668 plura
806 2623 979 2668 congessi-

306 2683 384 2705 mus
395 2696 404 2714 ,
422 2672 457 2705 id
472 2675 620 2717 derzjoere
636 2675 766 2709 Lunam
779 2677 861 2709 coelo
877 2681 911 2709 et
924 2676 977 2708 de-

307 2736 424 2760 vocare
440 2730 491 2759 est
504 2724 653 2760 Horatio
669 2725 705 2760 in
719 2725 857 2771 Epodis.
869 2726 977 2760 Hunc

1051 1378 1134 1401 vero
1148 1365 1268 1401 Sabini
1286 1364 1329 1399 ad
1340 1365 1457 1400 locum
1468 1362 1560 1409 quod
1573 1368 1701 1409 spectat
1713 1388 1722 1406 ,

1052 1431 1135 1454 eum
1151 1430 1220 1463 quo
1235 1417 1431 1463 diligentius
1452 1414 1631 1462 perpendo
1642 1441 1652 1459 ,
1681 1427 1724 1449 eo

1052 1469 1178 1505 certius
1195 1468 1348 1503 adducor
1360 1494 1369 1512 ,
1393 1474 1433 1502 ut
1446 1480 1510 1513 pro
1525 1472 1631 1502 lecum
1650 1478 1723 1502 non

1052 1524 1150 1562 caelo,
1170 1519 1346 1566 quomodo
1368 1520 1462 1566 prius
1474 1545 1484 1564 ,
1510 1518 1571 1555 sed
1601 1523 1725 1554 tectam

1052 1573 1176 1619 opiner
1197 1571 1442 1617 reponendum
1467 1582 1476 1604 :
1500 1571 1548 1606 sic
1573 1570 1724 1616 denique

1050 1637 1191 1660 versum
1206 1623 1395 1659 emendem
1411 1636 1449 1658 ac
1464 1622 1671 1669 distinguam
1685 1633 1693 1656 :

1050 1685 1089 1710 Te
1099 1694 1159 1709 cum
1170 1684 1297 1709 sideribus
1307 1689 1401 1710 tectam
1410 1682 1535 1708 deducere
1547 1683 1652 1708 Lunam

1082 1733 1222 1764 Nubibus,
1233 1738 1259 1757 et
1269 1732 1375 1757 memini
1382 1731 1537 1765 surripuisse
1547 1731 1624 1756 diem.
1635 1731 1672 1756 Η.

1050 1800 1094 1810 -—-
1114 1781 1232 1817 Multo
1263 1780 1386 1816 melius
1414 1780 1510 1815 idem
1538 1779 1660 1814 Heins.
1685 1779 1723 1814 in

1051 1833 1235 1869 Adversar.
1249 1845 1263 1868 1
1275 1860 1284 1877 ,
1303 1847 1330 1868 c.
1358 1846 1416 1876 ιιι,
1438 1838 1558 1867 nostro
1581 1830 1723 1877 quidem

1050 1885 1178 1932 judicio
1189 1913 1199 1931 ,
1215 1884 1405 1932 legendum
1420 1889 1664 1930 proposuerat:

1050 1946 1090 1971 Te
1099 1954 1159 1971 cum
1170 1945 1297 1971 sideribus
1310 1945 1370 1970 caelo
1380 1944 1506 1970 deducere
1516 1944 1618 1969 Lunam
1628 1961 1638 1973 ,

1081 1994 1205 2020 Nubibus
1214 1998 1240 2018 et
1253 1994 1358 2019 memini
1372 1993 1527 2026 surripuisse
1535 1991 1614 2029 diqn.
1631 1992 1703 2018 Lmt.

1049 2069 1093 2079 ·-
1111 2053 1191 2086 Cum
1204 2051 1388 2090 sfflen‘bus,
1416 2047 1585 2092 intelligas
1601 2046 1644 2082 de
1665 2043 1722 2083 sa-

1049 2103 1170 2138 tellitio
1181 2129 1191 2146 ,
1216 2114 1285 2147 quo
1295 2101 1443 2137 cinctam
1456 2105 1567 2145 poetae
1582 2098 1721 2134 Lunam

1049 2155 1198 2201 fingunt.
1212 2153 1334 2188 senec.
1345 2152 1382 2187 in
1397 2151 1520 2187 Octav.
1532 2151 1614 2199 389:

1078 2214 1177 2241 Orbem
1187 2213 1294 2239 Phoebes
1301 2231 1310 2244 ‚
1322 2217 1390 2238 nstra
1402 2220 1479 2245 quem
1490 2211 1597 2244 cingunt
1606 2219 1679 2244 vega.

1090 2263 1143 2311 89.
1159 2264 1238 2306 Ipse
1248 2265 1353 2306 pater
1365 2273 1425 2295 seu
1438 2272 1506 2295 rem
1529 2262 1620 2295 nalo
1633 2259 1722 2294 male

1046 2318 1138 2349 tutus
1157 2316 1305 2349 baberet.
1330 2312 1404 2347 Diu
1424 2325 1483 2347 me
1501 2310 1652 2346 exercuit
1664 2309 1720 2344 hic

1045 2364 1152 2410 locus,
1164 2372 1198 2400 et
1212 2364 1354 2411 quidem
1366 2364 1493 2399 frustra
1503 2377 1512 2406 ;
1524 2375 1590 2399 nec
1602 2369 1721 2397 tamen

1046 2417 1156 2453 defuit
1171 2428 1344 2452 successus
1359 2421 1436 2462 post
1447 2415 1588 2460 longam
1599 2411 1718 2448 medi—

1044 2469 1227 2512 tationem,
1243 2468 1328 2504 dum
1340 2468 1404 2503 alia
1417 2479 1458 2502 ex
1468 2467 1552 2510 aliis,
1565 2471 1604 2500 ut
1617 2463 1670 2507 fit,
1682 2476 1718 2499 se

1043 2534 1079 2556 se
1099 2521 1264 2555 offerunt.
1281 2519 1458 2565 Scriptum
1472 2519 1584 2553 suerat
1600 2515 1715 2561 primo

1042 2585 1064 2606 a
1073 2571 1217 2607 librariis
1225 2598 1236 2615 ,
1254 2573 1332 2616 Ipse
1335 2574 1440 2615 pater
1447 2582 1507 2604 ceu
1519 2581 1593 2603 mm.
1608 2566 1714 2601 Unde

1043 2636 1103 2658 seu
1111 2636 1178 2657 rem
1187 2629 1304 2668 postca
1313 2623 1452 2664 sactum,
1462 2631 1570 2665 quum
1578 2617 1627 2652 nil
1635 2630 1716 2651 mu-

1042 2675 1108 2709 tari
1123 2674 1280 2708 debuerit
1295 2685 1303 2706 :
1318 2671 1510 2718 promiscue
1527 2669 1623 2705 enim
1637 2669 1715 2704 duae

1040 2726 1112 2761 istae
1128 2725 1235 2761 literae
1250 2739 1272 2760 u
1286 2731 1321 2760 et
1343 2726 1363 2758 b
1386 2723 1477 2758 inter
1494 2735 1530 2758 se
1556 2722 1712 2756 consun-

1727 2398 1748 2415 A
