1884 3112
566 257 813 304 MEDEA
846 256 1114 305 JASONI.

91 326 103 335 ³
160 359 168 365 '
198 350 345 400 Omne
369 359 509 409 tenet,
532 350 669 400 Ponti
692 360 781 419 qua
800 351 931 420 plaga
951 351 1058 402 laeva
1076 326 1213 419 jacen.

1463 278 1549 324 217

129 426 310 495 Accipit
330 426 528 495 hospitio
548 428 730 494 juvenes
752 430 881 479 AEeta
904 429 1114 493 Pelasgos
1128 467 1141 489 ‚

197 507 259 554 Et
279 506 478 573 premitis
500 506 646 573 pictos
669 526 855 574 corpora
882 507 1014 574 Graja
1034 519 1171 556 toros.
1509 522 1554 558 3ο

128 583 261 633 Tunc
282 603 367 648 ego
386 596 430 634 te
452 584 544 632 vidi
569 605 580 634 :
605 597 711 635 tunc
735 585 850 652 coepi
872 585 982 634 scire
1007 586 1117 652 quid
1139 604 1269 635 esses.

196 660 280 711 Illa
301 661 388 711 fuit
407 663 568 712 mentis
590 664 732 730 prima
754 663 884 712 ruina
904 681 1023 712 meae.

131 737 197 786 Ut
218 739 333 799 vidi,
354 751 407 789 ut
427 740 566 807 perii;
589 759 672 790 nec
695 741 816 789 notis
838 741 1020 804 ignibus
1043 741 1154 799 arsi,

196 817 339 867 Ardet
356 830 409 867 ut
431 818 484 867 ad
508 837 693 881 magnos
716 818 847 885 pinea
870 818 982 868 taeda
1006 819 1142 868 Deos.

130 896 192 944 Et
211 895 434 945 formosus
456 915 573 956 eras,
599 908 644 945 et
663 915 734 945 me
757 916 854 946 mea
875 896 965 946 fata
987 887 1225 945 trahebant
1243 916 1253 944 :
1514 911 1557 945 35

194 972 487 1023 Abstulerant
510 972 628 1023 oculi
650 973 819 1023 lumina
840 986 996 1023 nostra
1018 974 1096 1023 tui.

129 1049 322 1110 Perside,
348 1050 525 1100 sensisti
549 1071 560 1099 :
588 1051 689 1118 quis
712 1052 831 1100 enim
852 1052 966 1101 bene
991 1051 1104 1100 celat
1126 1051 1354 1100 amorem?

194 1127 374 1178 Eminet
396 1127 563 1177 indicio
587 1128 766 1195 prodita
788 1129 961 1179 flamma
984 1149 1081 1178 suo.

133 1205 313 1256 Dicitur
329 1206 499 1257 interea
522 1207 607 1256 tibi
630 1206 723 1266 lex,
747 1219 799 1256 ut
822 1207 933 1256 dura
953 1206 1149 1256 ferorum

131 1323 249 1356 sextus
277 1322 322 1356 ab
345 1322 509 1362 lien-ule,
538 1322 698 1366 mppotis
710 1323 811 1367 filius

133 1373 336 1415 Corinthum,
348 1386 419 1418 que
428 1372 655 1418 anteofuerat
661 1375 807 1420 Ephyre,

129 1426 281 1459 claustm
308 1426 538 1471 Peloponnesi
562 1430 806 1468 continentem,

127 1480 167 1512 in
180 1478 309 1512 isthmo
319 1480 481 1513 condidit.
492 1478 606 1513 Aliter
615 1478 722 1513 sentit
735 1479 810 1526 Hy-

129 1529 252 1577 ginus,
275 1540 417 1566 ccxxxv
442 1543 452 1566 ε
472 1533 609 1578 Ephyre
629 1533 807 1578 Nympha,

132 1584 270 1618 Oceani
269 1585 372 1630 filis,
394 1585 566 1630 Ephyren,
583 1588 810 1629 quampostea

131 1635 325 1671 Corinthum
337 1637 380 1680 (a
395 1637 569 1677 Con‘ntho,
585 1635 739 1679 Orestis,
754 1635 810 1670 vel

128 1686 228 1723 Jovis
239 1687 327 1731 filio)
343 1690 566 1732 appellamnt,
584 1690 745 1723 condidit.
767 1686 811 1723 C.

127 1758 175 1767 —
196 1740 337 1788 Scythia
357 1745 454 1775 tenus
477 1742 537 1775 ille
558 1744 678 1775 nivosa
705 1742 812 1775 Omne

127 1796 230 1828 tenet.
248 1793 421 1841 Scythiam
447 1796 540 1828 tenet
559 1795 618 1828 ille
637 1796 806 1835 nivosam,

128 1843 294 1891 quidam;
307 1845 383 1889 vel,
402 1846 546 1892 Scythice
558 1848 688 1880 nioosae.
705 1845 810 1881 Scri—

127 1897 291 1932 verianus
304 1923 315 1942 ,
340 1898 481 1944 Scythia
502 1901 598 1932 tenus
612 1900 681 1933 ille,
693 1901 811 1932 nivosa

133 1950 240 1984 Omne
267 1951 359 1984 latus
380 1962 391 1984 .-
408 1949 492 1996 quid
514 1950 543 1985 si
567 1950 610 1985 sit
632 1963 640 1985 :
666 1951 811 1997 Scythia.-

129 2006 224 2037 tenet
234 2003 295 2037 ille
308 2004 431 2037 m‘vosae
450 2003 556 2037 Omne
570 2003 691 2037 latus?
706 2003 761 2037 vel

130 2063 184 2089 Hie
195 2062 310 2098 Ephyre
319 2062 427 2088 bimaris
439 2071 446 2089 ε
458 2062 569 2097 Scythiae
580 2068 650 2087 tenet
659 2063 703 2087 iue
714 2063 811 2088 nivoso

162 2112 248 2138 Omne
261 2113 340 2138 latus.
649 2111 759 2138 Rmus.

174 2160 229 2196 28.
255 2163 342 2206 Qua.
367 2161 408 2196 Id
427 2168 479 2197 est
490 2189 499 2207 ,
516 2164 583 2196 ubi.
608 2162 680 2197 Pro
686 2162 808 2207 jacet,

132 2213 332 2259 conjecerat
346 2214 513 2250 Heinsius
520 2219 637 2260 patet,·
653 2214 714 2250 sed
724 2214 812 2249 nihil

132 2278 230 2312 opus.

175 2331 230 2366 29.
252 2318 400 2363 Accipit.
415 2320 574 2365 Excepit,
590 2319 685 2365 quod
696 2319 732 2353 in
748 2331 814 2353 an—

130 2371 236 2417 tiquis
244 2371 466 2416 editionibus,
477 2372 579 2407 sedin
589 2372 692 2407 nullis
700 2373 810 2406 Hein-

130 2424 171 2459 sii
186 2422 360 2459 codicibus
375 2431 467 2459 extat
481 2450 492 2468 ,
514 2425 682 2471 probabat
696 2425 812 2459 Fran-

131 2476 205 2511 cius
219 2488 260 2511 ex
276 2475 342 2523 Ep.
358 2487 422 2511 xvl
433 2502 443 2519 ,
469 2491 540 2522 127.
564 2478 716 2521 Excepti
733 2479 814 2511 hos-

124 2532 216 2575 pitio
229 2529 335 2564 etiam
351 2528 443 2574 apud
460 2529 532 2563 Liv.
548 2528 604 2563 lib.
617 2540 632 2563 1
643 2555 652 2573 ‚
672 2543 713 2563 22
727 2543 736 2571 ;
752 2529 812 2564 ubi

130 2583 294 2627 hospitio,
322 2588 463 2616 auctore
479 2580 611 2616 Codice
627 2581 787 2616 Palatino
800 2608 810 2626 ,

131 2635 306 2671 exturbari
338 2635 448 2680 placet
483 2633 673 2668 Gebhardo
691 2660 701 2678 ,
736 2647 811 2669 non

131 2687 220 2723 mihi
237 2700 246 2723 :
261 2687 319 2723 hic
334 2700 419 2722 vero
434 2686 521 2721 nihil
538 2693 649 2721 muto.
672 2686 788 2722 Livius
802 2713 812 2731 ,

132 2751 220 2775 xx1x
231 2766 242 2783 ,
271 2754 284 2775 1
294 2753 307 2774 ι
327 2753 336 2775 :
360 2741 442 2775 Tum
467 2743 636 2780 curarent,
660 2743 700 2773 ut
720 2752 811 2781 cam,

127 2797 254 2838 quivit
266 2797 410 2839 optimus
423 2795 538 2829 Romae
550 2796 651 2836 essct,
670 2794 815 2837 hospilio

875 1323 1052 1366 acczperet.
1068 1319 1183 1354 Plaut.
1196 1318 1324 1365 Amph.
1340 1329 1372 1362 1,
1394 1332 1406 1353 1
1420 1345 1429 1362 ,
1444 1319 1464 1353 8
1482 1319 1560 1352 :Ila

869 1386 1007 1419 peregre
1023 1374 1204 1407 advem‘ens
1221 1374 1365 1416 hospilio
1375 1373 1560 1416 publtcilus

875 1429 1046 1471 accljviam·
1074 1431 1110 1460 et
1131 1438 1218 1460 vers.
1239 1425 1321 1467 140:
1337 1425 1434 1459 Certe
1447 1425 1559 1458 adue-

875 1483 1020 1525 nientem
1040 1491 1093 1512 me
1114 1479 1170 1512 hic
1190 1480 1335 1522 hospitio
1351 1489 1473 1522 pugna·
1498 1488 1560 1510 ac-

875 1535 1030 1576 cepturus
1045 1534 1110 1564 cst.

919 1583 1144 1627 3o.·Coq101-a
1164 1581 1283 1626 Graja.
1311 1581 1461 1616 Variant
1485 1581 1561 1615 Co-

875 1634 978 1669 dices.
1010 1635 1156 1669 Pectora
1191 1633 1304 1679 Graja
1319 1659 1328 1675 ‚
1369 1631 1557 1678 Gottorph.

881 1687 991 1721 Graia
1005 1689 1122 1728 tuda,
1145 1685 1346 1721 Vaticanus.
1371 1685 1559 1730 ijaju-

876 1744 994 1782 penta,
1012 1753 1105 1775 unus
1117 1739 1251 1774 Moreti
1264 1752 1272 1774 :
1287 1738 1349 1774 sed
1368 1738 1560 1784 elegantior

875 1793 1013 1840 vulgata
1028 1793 1141 1828 lectio.
1163 1793 1296 1828 Bunm.

918 1845 971 1879 31.
1005 1847 1098 1880 Tunc
1126 1848 1218 1890 caepi
1237 1848 1322 1880 scire
1353 1847 1428 1890 quis
1454 1856 1559 1879 esses.

881 1899 974 1942 Quid
981 1910 1075 1932 esses
1091 1897 1228 1933 codices
1241 1910 1368 1943 magna
1385 1910 1426 1931 ex
1442 1903 1541 1942 parte
1554 1908 1562 1929 τ

877 1949 972 1995 quod
987 1962 1125 1995 sequor.
1143 1951 1248 1985 Pont.
1263 1961 1296 1992 1,
1322 1949 1375 1983 El.
1393 1959 1471 1983 vn:

876 2007 951 2031 Certe
957 2015 1003 2038 ego
1009 2015 1091 2039 quum
1098 2006 1212 2039 primum
1219 2005 1292 2039 potui
1299 2005 1394 2030 sentire
1399 2004 1464 2038 quid
1469 2012 1560 2029 essem:

876 2054 1033 2100 Epistola
1050 2055 1265 2090 Hermiones
1280 2067 1289 2089 ι

876 2114 921 2138 Tu
931 2112 995 2137 mihi
1007 2113 1077 2147 quod
1088 2113 1164 2138 matri
1176 2119 1249 2146 pater
1259 2120 1302 2145 θη

878 2162 1057 2208 quomodo
1080 2162 1211 2198 Noster
1233 2169 1336 2208 atque
1354 2160 1410 2196 alii
1428 2167 1556 2195 aucto-

877 2228 932 2250 res
948 2215 1084 2261 passim.
1103 2215 1236 2250 Hnms.

921 2268 974 2312 34.
998 2270 1110 2302 Pinea
1127 2269 1226 2302 tarda.
1252 2265 1423 2311 Quinque
1447 2264 1565 2310 scripti

871 2324 1021 2365 punica:
1045 2321 1134 2355 sorte
1164 2332 1228 2366 pro
1250 2332 1392 2364 prunea.
1426 2318 1561 2352 HEINS.

877 2374 931 2407 lta
949 2384 1022 2415 ΧΠ,
1039 2372 1128 2408 Met.
1145 2386 1220 2418 272.
1247 2373 1421 2406 Pmnilius
1434 2374 1562 2404 torrens

877 2438 918 2460 ex
935 2425 1044 2460 MSS.
1058 2437 1066 2460 ι
1081 2424 1169 2459 nihil
1186 2431 1305 2459 tamen
1323 2431 1457 2458 temere
1480 2435 1562 2456 mu-

878 2477 1026 2512 tandum
1041 2484 1163 2523 putem
1177 2490 1185 2511 :
1202 2490 1242 2511 ex
1258 2477 1345 2522 pinu
1362 2476 1457 2510 enim
1472 2475 1560 2509 faces

877 2531 1052 2565 consectas
1071 2530 1146 2575 quis
1163 2529 1300 2565 nescit?
1326 2529 1457 2564 BURM.

922 2583 975 2617 38.
987 2585 1134 2618 Eminet.
1152 2584 1290 2622 ΕπίΙι-Ι,
1308 2580 1468 2627 quaedam
1486 2580 1560 2615 edi-

878 2635 991 2670 tiones
1009 2648 1016 2671 :
1033 2634 1128 2680 quod
1143 2635 1252 2680 magis
1277 2634 1453 2680 poeticum
1468 2640 1563 2679 puto.

922 2689 975 2736 39.
1005 2690 1145 2723 Dicitur
1167 2691 1297 2721 interea
1325 2689 1392 2720 tibi
1418 2688 1475 2719 lex
1502 2692 1565 2719 etc.

881 2740 1041 2786 Quidam
1061 2740 1144 2774 olim
1164 2753 1172 2773 :
1189 2741 1340 2774 Dixerat
1352 2741 1483 2773 interea
1503 2740 1569 2771 libi

879 2806 948 2827 rear.
964 2794 1123 2836 Dicitur,
1150 2793 1373 2835 Puteaneus;
1397 2790 1491 2825 unde
1513 2790 1565 2823 le-
