1884 3112
162 1119 276 1167 pentis
285 1146 295 1165 ,
312 1118 485 1156 Centauri
497 1126 562 1156 etc.
577 1119 663 1167 fingi
678 1127 847 1165 noverat,

162 1173 201 1209 in
215 1173 335 1208 animo
349 1172 472 1208 habuit
487 1173 639 1208 alterum
656 1173 777 1209 Ovidii
793 1174 851 1208 l'o-

163 1239 260 1271 cum,
270 1226 360 1262 Met.
373 1236 417 1270 11,
429 1226 483 1272 78,
498 1225 766 1272 sqq.ubiomnia
777 1226 850 1261 sere

162 1277 222 1314 illa
243 1278 428 1313 simulacra
449 1285 591 1313 enarrat
613 1291 622 1314 :
647 1278 710 1313 sed
733 1277 851 1313 nescio

165 1330 251 1377 quid
258 1330 366 1377 spurii
375 1337 492 1366 etnon
502 1329 670 1366 Ovidiani
681 1337 784 1366 sonet
795 1329 852 1366 hic

166 1395 288 1418 versus
305 1409 315 1428 ,
345 1382 406 1429 qui
428 1382 519 1418 sorte
541 1395 562 1418 a
577 1382 682 1419 sciolo
698 1382 853 1428 quodam

167 1447 209 1469 ex
224 1434 434 1470 centonibus
449 1433 589 1469 aliunde
599 1441 765 1470 consutus
779 1440 851 1478 est,

167 1491 223 1530 et,
246 1492 287 1521 ut
300 1498 391 1532 saepe
412 1485 513 1530 alibi,
530 1485 710 1522 confictus.
729 1485 853 1531 Quare

166 1544 254 1584 puto
269 1538 423 1583 ejectum
439 1545 474 1574 et
490 1538 567 1574 loco
577 1545 718 1574 motum
727 1537 854 1584 genui-

167 1600 258 1623 num
270 1601 411 1624 versum
425 1615 436 1634 ,
460 1589 521 1634 qui
534 1588 696 1635 sequenti
718 1594 852 1634 penta-

166 1648 285 1677 metro
304 1642 416 1688 aptius
428 1641 620 1684 cohaereat3
638 1640 852 1677 continuisse

165 1707 252 1730 vero
265 1693 361 1730 hunc
375 1707 519 1730 sensum
537 1706 546 1731 ε
560 1694 631 1730 sive
649 1693 787 1729 deserta
801 1699 855 1728 est

166 1753 205 1783 et
234 1746 356 1783 incolis
386 1759 494 1783 vacua
510 1774 520 1792 ,
548 1748 719 1782 destituor
736 1747 854 1791 pra-da

156 1798 276 1845 ftn255
311 1798 382 1835 sive
414 1799 536 1839 colunt
561 1799 647 1844 viri,
668 1799 855 1845 dffdimus

165 1853 247 1887 illatr.
263 1851 447 1887 Bultm.—
457 1851 605 1887 Nullum
616 1851 760 1897 quidem
772 1864 855 1885 ver-

167 1917 247 1940 sum
271 1904 349 1940 loco
375 1911 516 1940 motum
540 1911 660 1940 censet
684 1904 853 1950 Lennep;

167 1957 229 1993 sed
242 1958 359 2004 potius
367 1957 439 1993 duo
445 1965 580 1994 temere
589 1958 744 1993 invectos
751 1957 854 1992 fuisse

167 2009 378 2055 arbitratum
396 2010 568 2046 Ovidium
584 2017 704 2045 autem
719 2009 767 2045 sic
782 2009 854 2044 de-

170 2063 260 2100 disse
275 2077 285 2100 ε

168 2123 196 2149 Si
207 2133 278 2150 mre
287 2143 295 2156 ,
308 2124 331 2150 si
343 2129 424 2150 term
432 2144 442 2157 ‚
459 2130 630 2159 porrectaque
642 2123 718 2149 litora
730 2122 786 2148 viai
794 2141 803 2153 ,

201 2173 338 2199 nmium
351 2173 450 2207 rapidis
464 2173 551 2207 prada
563 2173 691 2206 cibusque
702 2171 764 2197 seris
775 2179 782 2196 :

170 2221 231 2247 Sive
239 2221 344 2254 colum,
355 2221 526 2256 labit-mque
538 2221 589 2247 viri
599 2241 608 2254 ,
625 2221 767 2247 diffidimus
781 2219 833 2245 illis
843 2228 853 2253 ς

203 2269 333 2296 zxoemo·
342 2269 424 2295 didici
434 2270 493 2296 losa
504 2271 595 2295 timere
609 2271 689 2296 viros.

171 2327 226 2363 Ut
240 2326 285 2362 sit
302 2339 423 2363 sensus
444 2340 552 2373 quem
571 2328 769 2363 Burmann.
785 2339 856 2361 vo-

169 2378 246 2414 luit.
273 2378 396 2423 Quam
427 2377 547 2414 Ovidii
573 2386 733 2414 mentem
760 2378 856 2414 haud

169 2431 251 2468 satis
265 2431 355 2466 sorte
373 2431 411 2466 in
427 2431 577 2478 legendo
601 2431 746 2477 quidam
765 2444 857 2466 asse-

170 2492 290 2530 cutus,
319 2484 363 2520 ad
384 2485 580 2520 secundum
597 2497 738 2520 versum
753 2511 763 2529 ‚
791 2497 856 2531 pro

170 2538 266 2573 varia
289 2537 438 2573 lectione
448 2564 458 2583 ‚
485 2538 538 2573 sui
563 2537 662 2573 nobis
687 2536 783 2573 hunc
804 2536 857 2572 in-

173 2589 268 2637 genii
288 2590 414 2625 soetum
427 2615 438 2633 ,

204 2648 294 2674 Multa
305 2648 370 2674 mihi
379 2653 454 2673 terrae
464 2667 474 2680 ,
502 2649 585 2673 multa
601 2647 735 2674 minantur
747 2657 820 2682 aqua
831 2668 841 2680 ,

173 2697 325 2744 margini
348 2697 543 2744 adscripsit;
576 2697 672 2733 unde
692 2710 803 2744 quum
818 2697 856 2733 in

174 2756 309 2786 textum
319 2751 523 2796 irrepsisset,
538 2750 654 2796 sicque
667 2750 754 2786 alter
769 2757 859 2786 esset

176 2809 397 2847 pentameter
429 2802 503 2839 sine
534 2803 737 2840 hexametro
750 2830 760 2849 ,
790 2817 857 2840 ex-

546 261 864 307 ARIADNE
903 261 1234 308 THESEOs

188 385 190 389 ν
219 356 458 407 Destituor
478 354 647 404 rabidis
671 355 819 422 praeda
842 355 1059 422 cibusque
1080 354 1197 404 feris.

161 433 262 484 Sive
286 432 442 484 colunt
462 432 755 499 habitantque
779 432 884 491 viri,
911 431 1153 481 diffidimus
1172 429 1261 480 illis
1281 450 1292 479 :

226 512 448 561 Externos
471 508 607 558 didici
629 508 734 558 laesa
756 509 910 558 timere
932 508 1066 556 viros.

159 588 340 638 Viveret
358 586 625 650 Androgeos
642 586 840 635 utinam!
865 603 946 634 nec
974 585 1088 633 facta
1111 583 1270 633 luisses

226 665 371 733 Impia
389 664 641 723 funeribus,
670 663 859 730 Cecropi
878 675 1014 721 terra,
1041 662 1154 710 tuis!

161 744 256 794 Nec
279 754 355 791 tua
376 752 610 791 mactasset
631 740 806 789 nodoso
825 739 1000 806 stipite,
1024 739 1228 797 Theseu,

228 818 384 868 Ardua
401 829 528 886 parte
550 817 696 865 virum·
716 816 916 874 dextera,
937 827 1061 882 parte
1081 815 1271 864 bovem!

164 897 257 947 Nec
281 896 387 955 tibi,
415 914 513 962 quae
534 894 704 944 reditus
726 905 1025 943 monstrarent
1034 931 1053 951 ,,
1069 892 1144 942 fila
1168 892 1406 952 dedissem,

227 973 325 1024 Fila
346 993 426 1041 per
445 972 656 1022 adductas
680 991 794 1040 saepe
818 984 996 1039 recepta
1018 972 1204 1022 manus!

1511 277 1593 322 ¹99

1533 687 1593 710 loo

917 1120 1038 1156 cidisse
1055 1120 1152 1155 hunc
1172 1125 1269 1155 ratus
1292 1117 1515 1155 librariorum
1532 1117 1602 1153 ali—

917 1172 993 1218 quis
1007 1199 1016 1216 ,
1041 1186 1106 1218 pro
1124 1172 1302 1208 ovidiano
1317 1198 1326 1216 ,
1346 1183 1453 1217 quem
1472 1182 1605 1216 reprae-

915 1232 1054 1262 sentare
1080 1238 1154 1260 non
1187 1231 1348 1271 poterat,
1376 1235 1480 1259 suum
1502 1222 1604 1258 nobis

915 1278 1016 1312 illum
1031 1277 1245 1312 venditavit:

916 1335 1015 1360 Caelnm
1027 1334 1155 1366 restabat3
1168 1334 1247 1359 timeo
1260 1333 1398 1358 simul-cn
1408 1334 1535 1358 Deorum.

917 1383 971 1419 Ut
980 1383 1088 1428 hunc,
1100 1383 1148 1418 ita
1163 1389 1372 1428 sequentem
1388 1379 1603 1427 ejiciendum

914 1436 1078 1471 censebat
1099 1442 1220 1471 auctor
1244 1434 1359 1470 Elect.
1380 1434 1488 1469 Eton.
1511 1433 1600 1469 Haet:

916 1488 1076 1534 Lennep.

957 1541 1011 1589 96.
1035 1541 1184 1585 Rapidzte
1192 1541 1313 1584 [ινα-ὧι
1326 1540 1482 1585 cibusque
1494 1537 1596 1583 fertssc.

914 1594 1064 1627 nabidis
1074 1592 1343 1639 Argentinensis
1358 1604 1367 1627 :
1378 1592 1427 1627 sic
1435 1590 1532 1626 idem
1545 1603 1601 1626 co-

916 1644 982 1680 dex
1009 1645 1171 1690 sequenti
1201 1644 1356 1691 Epistola
1373 1671 1384 1688 ,
1413 1646 1605 1679 mbidamm

910 1698 1027 1743 pmda
1035 1697 1192 1742 stratum
1208 1709 1219 1731 ,⁶
1240 1696 1299 1731 ubi
1315 1696 1390 1742 pari
1410 1695 1518 1731 modo
1535 1709 1605 1731 va-

916 1751 1009 1785 riant
1031 1750 1167 1785 codices
1185 1749 1295 1785 MSS.
1318 1751 1464 1794 Rapidoe
1481 1756 1603 1784 tamen

916 1802 1071 1848 feraepro
1077 1801 1259 1847 rapacibus
1267 1800 1368 1837 dictae
1376 1800 1603 1836 videntur.H.

960 1868 1014 1902 99.
1048 1856 1182 1889 Viperei
1204 1852 1422 1898 Androgeos!
1448 1852 1603 1898 Longius

916 1906 1064 1952 repetita
1077 1932 1087 1949 ,
1104 1919 1205 1941 more
1227 1906 1392 1942 muliebri
1407 1933 1418 1950 ,
1441 1905 1605 1940 dolorum

917 1972 1028 1995 causa.
1054 1959 1094 1994 Si
1115 1959 1213 1994 enim
1230 1958 1470 2005 Androgeona
1488 1958 1604 1994 Athe-

917 2011 1056 2046 nienses
1073 2024 1137 2056 per
1159 2011 1330 2046 invidiam
1353 2024 1427 2045 non
1455 2010 1607 2046 occidis-

851 2104 855 2107 ,
918 2069 1017 2106 sent,
1042 2074 1118 2097 non
1132 2062 1299 2108 coegisset
1321 2062 1460 2106 Minos,
1479 2068 1521 2097 ut

1217 2123 1327 2156 Septem
1344 2129 1409 2157 quot
1421 2122 1496 2148 annis

919 2173 1032 2206 Corpora
1046 2177 1166 2198 natorum
1281 2171 1293 2204 (
1304 2173 1422 2198 AEnmn.
1435 2179 1499 2203 vu,
1510 2179 1550 2197 21.
1564 2172 1575 2204 )

919 2222 1127 2256 Minotauro
1152 2219 1308 2268 praedam
1329 2220 1536 2264 mitterent;
1567 2228 1603 2256 et

918 2275 967 2310 sic
979 2274 1137 2309 Theseus
1146 2286 1331 2319 nunquam
1343 2273 1379 2308 in
1395 2270 1541 2309 Cretam
1551 2287 1607 2308 ve-

920 2327 1027 2362 nisset
1043 2333 1107 2361 etc.
1123 2326 1278 2372 Longius
1289 2353 1299 2367 ‚
1329 2326 1476 2371 inquam
1487 2352 1496 2370 ,
1515 2326 1607 2372 peti-

920 2387 1017 2422 tum3
1036 2393 1102 2415 nec
1118 2379 1165 2414 ita
1185 2379 1349 2415 verbosus
1360 2406 1372 2423 ,
1400 2380 1459 2425 qui
1475 2393 1577 2414 verus
1594 2406 1605 2424 ,

921 2433 1022 2468 dolor
1038 2446 1047 2468 ι
1065 2436 1198 2478 stupet5
1218 2435 1365 2478 quuitur
1374 2433 1466 2468 levis.
1480 2434 1607 2468 —Nec

911 2486 1018 2532 sacta
1042 2487 1174 2520 luisses.
1204 2486 1295 2519 Fala
1310 2487 1460 2527 tulisset,
1481 2486 1607 2520 Putea-

922 2551 1010 2575 neus
1022 2552 1029 2580 ;
1043 2538 1099 2572 alii
1110 2538 1364 2583 ,fhlalu12rses‚
1383 2537 1438 2573 vel
1450 2540 1608 2572 tulisses:

919 2590 981 2626 sed
998 2589 1048 2625 nil
1062 2596 1173 2624 muto.
1204 2590 1339 2625 Hnms.

970 2657 1042 2679 102.
1071 2645 1176 2678 Parte
1198 2645 1336 2677 virum...
1362 2647 1462 2687 parte
1484 2645 1607 2679 bovem.

922 2698 1171 2733 Minotaurum
1183 2723 1193 2740 ‚
1212 2702 1488 2731 monumentum
1511 2696 1604 2732 istud

922 2750 1078 2796 nefande
1101 2752 1248 2784 Vcnenlr.

971 2817 984 2838 ι
990 2804 1043 2848 04.
1052 2804 1131 2838 Fila
1133 2804 1369 2848 peradductas
1377 2815 1464 2848 ,τα-με
1474 2805 1608 2846 recepta
