1884 3112
625 793 1047 852 EPISTOLAE
1092 772 1439 855 DmMAE

771 928 1296 986 ARGUMENTUM.

383 1093 511 1133 Minos
540 1093 650 1134 Jovis
676 1103 714 1134 et
739 1095 907 1150 Europae
933 1096 1054 1147 filius,
1078 1097 1272 1137 Cretensis.
1295 1111 1382 1147 rex,
1405 1095 1458 1137 ob
1488 1094 1737 1152 Androgeum

331 1162 451 1201 filium
481 1161 527 1201 ab
548 1162 842 1204 Atheniensibus
863 1165 995 1205 dolose
1022 1167 1185 1206 occisum
1203 1195 1215 1216 ‚
1245 1166 1332 1207 illos
1358 1166 1504 1206 tandem
1526 1175 1615 1220 post
1642 1167 1739 1206 acria

333 1230 430 1271 bella
449 1232 596 1288 coegit,
616 1242 660 1273 ut
675 1233 745 1273 sihi
765 1249 892 1287 poenas
908 1236 1137 1288 penderent,
1160 1245 1199 1276 et
1213 1236 1363 1289 quidem
1378 1236 1578 1290 quotannis
1599 1250 1738 1290 pueros

328 1310 468 1355 septem
482 1311 520 1342 et
538 1302 698 1342 totidem
715 1303 878 1359 virgines
894 1305 1113 1346 Minotauro
1133 1306 1323 1346 mitterent
1339 1306 1585 1348 devorandos.
1603 1306 1735 1355 Quum

328 1385 417 1412 vero
436 1372 606 1412 Theseus
617 1402 629 1424 ,
643 1373 781 1413 civium
796 1388 952 1414 suorum
967 1374 1177 1416 infortunio
1194 1384 1319 1416 motus
1329 1405 1341 1426 ,
1356 1375 1449 1415 sorti
1462 1390 1500 1416 se
1517 1375 1715 1430 objecisset
1727 1403 1740 1424 ,

326 1450 365 1481 et
382 1443 422 1481 in
447 1442 598 1482 Cretam
618 1458 704 1483 cum
722 1444 890 1485 fatalibus
912 1445 1040 1498 pueris
1062 1445 1293 1496 devenisset,
1310 1446 1440 1486 docuit
1462 1445 1625 1486 Ariadne
1638 1445 1739 1484 illius

325 1526 452 1552 amore
468 1521 595 1566 capta,
624 1529 697 1566 qua
718 1523 796 1555 arte
820 1523 858 1554 et
880 1515 1139 1557 Minotaurum
1163 1516 1408 1567 interficeret,
1423 1524 1462 1556 et
1484 1529 1506 1556 e
1525 1514 1736 1570 labyrintho

323 1589 428 1622 tutus
454 1582 669 1633 excederet,

480 1682 687 1717 Errabunda
709 1696 832 1729 regens
854 1684 953 1719 tenui
977 1684 1116 1730 vestigia
1140 1684 1208 1718 filo.
1239 1683 1430 1728 (CATUL.)

324 1775 494 1815 Theseus
516 1783 640 1815 autem
662 1773 793 1826 Creta,
814 1791 900 1816 cum
922 1777 1087 1817 Ariadne
1111 1785 1150 1817 et
1171 1777 1327 1817 Phaedra
1353 1789 1486 1816 sorore
1513 1775 1704 1817 discedens
1722 1807 1735 1828 ‚

326 1845 368 1884 in
390 1846 524 1885 Naxon
551 1846 710 1886 insulam
739 1846 880 1887 delatus
908 1855 987 1895 est;
1020 1846 1086 1886 ubi
1113 1861 1132 1886 a
1163 1847 1312 1886 Baccho
1337 1846 1531 1897 monitus,
1554 1847 1733 1888 altissimo

323 1929 457 1954 somno
474 1916 632 1968 sopitam
650 1916 842 1956 Ariadnen
861 1915 1072 1970 dereliquit.
1109 1917 1207 1965 Quae
1230 1917 1498 1972 exspergefacta
1522 1916 1730 1970 Epistolam

326 1983 421 2023 hanc
440 1984 569 2024 scribit
582 2014 595 2035 ,
622 1986 663 2024 in
686 2000 759 2038 qua
781 1984 919 2025 Thesei
938 1985 1204 2026 beneficiorum
1227 1986 1454 2025 immemoris
1483 1986 1674 2039 perfidiam
1696 1995 1734 2027 et

321 2055 577 2094 crudelitatem
604 2056 759 2096 incusat.
790 2056 958 2095 Multum
990 2064 1146 2109 questa,
1175 2056 1336 2109 diuque,
1355 2064 1463 2111 rogat
1487 2056 1705 2110 simpliciter
1718 2085 1732 2108 ,

324 2132 391 2174 ut,
416 2139 594 2165 conversa
616 2140 731 2176 nave,
755 2127 800 2165 ad
828 2126 928 2165 illam
954 2127 1091 2165 redeat.

378 2195 568 2236 Plutarch.
582 2196 622 2235 in
637 2196 753 2237 Thes.
765 2219 816 2227 -—
828 2197 951 2237 Catul.
968 2197 1091 2237 Carm.
1103 2208 1216 2237 thv.
1229 2219 1282 2228 —-
1293 2197 1434 2253 Hygin.
1456 2197 1526 2249 14,
1544 2195 1618 2247 43,
1638 2210 1727 2250 270.

320 2287 372 2295 —-
395 2264 577 2318 Apollod.
594 2278 669 2318 111,
701 2282 733 2306 1.
