1884 3112
289 268 385 330 ⁴390

736 267 1090 312 EPISTOLA
1123 269 1270 315 XXI.

292 361 459 431 Decipe
480 362 546 410 sic
567 360 672 411 alias
693 380 704 409 z
723 360 927 410 succedat
949 359 1137 427 epistola
1158 374 1316 428 pomo:
1643 377 1712 424 ,145

359 440 408 488 Si
427 439 542 488 valet
563 440 672 497 hoc,
695 457 875 501 magnas
902 438 1050 487 divitis
1074 437 1197 488 aufer
1219 451 1347 506 opes:

293 518 401 575 Fac,
424 518 573 583 jurent
594 534 720 579 reges
741 535 822 566 sua
844 534 890 565 se
914 516 999 564 tibi
1020 535 1158 580 regna
1180 516 1385 575 daturos}

359 595 515 661 Sitque
541 606 687 652 tuum,
714 604 810 642 toto
835 590 1056 661 quidquid
1076 597 1125 642 in
1149 596 1258 644 orbe
1280 594 1437 661 placet.

291 673 440 738 Major
464 692 510 723 es
532 673 613 722 hac
637 673 735 740 ipsa
755 670 897 721 multo
911 709 924 730 ,
949 672 1060 720 mihi
1084 673 1230 731 crede,
1255 672 1419 731 Diana,

359 750 408 798 Si
434 762 510 800 tua
533 762 623 799 tam
645 769 837 817 praesens
860 749 988 799 litera
1006 769 1171 799 numen
1186 746 1336 798 habet.

1595 759 1614 779 ·’
1650 762 1713 796 150

292 828 448 891 Quum
471 839 617 877 tamen
639 828 731 876 haec
757 827 869 885 dixi,
890 846 1028 894 quum
1049 844 1119 876 me
1142 826 1227 874 tibi
1245 825 1372 874 firma
1391 823 1567 889 negavi,

358 905 512 968 Quum
534 906 650 965 bene
673 904 881 971 promissi
905 923 1034 956 causa
1056 903 1343 971 peracta‘mei
1363 915 1451 963 est;

292 983 542 1042 Confiteor,
565 984 699 1031 timeo
725 1001 843 1032 saevae
866 982 1082 1031 Latoidos
1103 982 1239 1039 iram,

354 1062 415 1108 Et
437 1079 601 1127 corpus
624 1059 723 1107 laedi
746 1058 950 1125 suspicor
970 1058 1073 1107 inde
1097 1077 1255 1109 meum.

291 1140 406 1187 Nam
431 1158 590 1205 quare,
617 1136 793 1204 quoties
817 1135 995 1186 socialia
1013 1154 1133 1185 sacra
1153 1144 1367 1202 parantur
1376 1149 1392 1193 ‚'
1492 1183 1497 1188 ,
1561 1156 1564 1159 ·
1629 1144 1712 1182 ῗ155

355 1218 573 1282 Nupturae
598 1215 729 1263 toties
753 1213 962 1277 languida
983 1212 1185 1262 membra
1206 1211 1400 1279 cadunt?
1420 1244 1439 1260 .,-
1468 1245 1484 1267 2
1509 1250 1514 1255 .

292 1295 381 1342 Ter
398 1293 507 1341 mihi
528 1293 618 1358 jam
640 1291 820 1340 veniens
838 1290 1017 1357 positas.
1033 1291 1297 1356 Hymenaeus
1318 1289 1378 1343 ad
1395 1307 1490 1341 aras

354 1370 515 1433 Fugit,
540 1381 585 1418 et
607 1389 630 1418 e
653 1368 835 1417 thalami
858 1367 1008 1416 limine
1032 1378 1154 1430 terga
1177 1365 1311 1421 dedit.

292 1447 470 1513 Vixque
491 1446 773 1513 manupigra
796 1446 927 1497 toties
949 1444 1096 1499 infusa
1116 1454 1356 1506 resurgunt
1403 1486 1419 1499 „
1473 1479 1476 1486 .

354 1525 546 1573 Lumina
565 1544 574 1572 :
594 1525 667 1572 vix
690 1535 814 1572 moto
838 1523 1023 1589 corripit
1045 1523 1148 1587 igne
1168 1522 1300 1575 faces.¹

287 1637 327 1672 in
344 1637 493 1682 antiquis
509 1637 633 1681 editis,
657 1632 695 1672 et²
708 1637 745 1672 in
759 1636 970 1672 Sarraviano

287 1692 347 1737 qui
363 1690 418 1726 hic
435 1691 574 1735 desinit,
586 1697 626 1724 ut
640 1698 676 1725 et
686 1691 804 1725 Editio
815 1692 979 1734 Veneta,

290 1743 373 1776 anni
396 1742 487 1787 1474.
507 1742 639 1776 BURM.

336 1795 408 1837 145.
445 1794 528 1828 Huc
555 1807 664 1839 usque
681 1794 788 1829 editio
805 1795 969 1829 Romana

290 1859 371 1880 ann.
402 1846 495 1892 1474.
535 1845 592 1880 Ad
612 1846 723 1881 finem
749 1859 834 1880 vero
855 1846 986 1892 pergit.

288 1899 449 1941 Veneta,
472 1898 556 1932 anni
577 1899 670 1944 1492.

334 1949 406 1992 146.
427 1950 557 1984 Divitis
583 1949 684 1994 auser
703 1962 793 1994 opes.
820 1949 946 1984 Malim
954 1964 968 1995 ⁴,

288 2002 417 2034 ditibus
425 2000 533 2045 auser.
550 2000 683 2035 HEINS.

334 2065 347 2085 1
354 2052 405 2094 48.
431 2053 519 2086 Orbe
525 2054 653 2096 placet.
665 2052 832 2087 Francius
841 2078 850 2096 ,
858 2056 968 2097 patet.

334 2105 405 2148 157.
429 2106 568 2138 Positas
588 2105 790 2150 Hymenoeus
812 2107 864 2139 ad
878 2117 967 2139 aras-

287 2154 456 2189 Francius
466 2155 628 2199 malebat,
635 2158 761 2200 posim
767 2157 974 2203 Hymenaeus>

286 2209 330 2241 ab
347 2211 426 2242 atis.
441 2207 566 2242 Douza
579 2208 686 2243 etiam
700 2221 803 2243 auras
812 2205 967 2243 faciebat.

324 2262 410 2309 ¹59·
433 2261 565 2305 Insusa.
598 2261 667 2295 Vix
679 2261 828 2295 latinum
844 2267 969 2303 est;,et

286 2313 383 2359 loqui
399 2313 443 2350 de
458 2315 587 2350 facibus
607 2315 747 2349 videtur
760 2326 768 2348 ε
779 2315 869 2349 forte
882 2340 893 2358 ,
913 2318 969 2349 in-

285 2379 399 2400 cussa.
409 2366 543 2402 HEINS.
558 2367 664 2401 Forte
674 2392 683 2410 ,
695 2370 818 2413 totiens
828 2369 968 2401 incensa

285 2421 425 2453 resumit
436 2420 585 2462 lumina,
579 2431 587 2439 ·
604 2425 643 2452 ut
659 2417 702 2452 ad
726 2418 967 2465 Hymenaeum

285 2473 495 2507 referantur.
514 2472 572 2507 Sic
587 2480 602 2506 1
614 2498 623 2516 ,
642 2472 765 2506 Amor.
776 2484 813 2516 1,
828 2473 868 2506 8.

322 2528 463 2552 veieautlt
464 2536 567 2552 ccessna
556 2527 643 2553 saassv
652 2527 776 2554 Minerva
787 2498 828 2552 szic

285 2576 455 2611 Francius
471 2576 609 2611 volebat
620 2602 629 2620 ,
638 2576 798 2621 perfusa:
811 2536 967 2621 s1'e13nfusa

285 2635 375 2662 esset
384 2628 613 2664 retinendum
622 2654 631 2672 ,
641 2627 853 2674 subintelligi
863 2628 968 2663 debet

285 2682 382 2715 oleo:
399 2688 439 2715 ut
462 2681 609 2716 dicimus
630 2682 794 2726 perfundi
805 2685 901 2723 vino,
919 2681 966 2718 ,de

283 2733 381 2767 ebrio
393 2747 402 2775 ς
418 2733 480 2768 sed
490 2734 631 2778 infundi
642 2738 721 2769 vino
736 2735 881 2770 labentis
893 2735 966 2780 jam

279 2783 489 2831 Latinitatis,
501 2793 535 2821 et
544 2786 699 2832 corrupti
709 2787 881 2822 sermonis
892 2798 964 2822 esse

1650 1537 1712 1571 160

1032 1631 1250 1671 locutionem
1263 1635 1398 1671 censuit
1406 1634 1430 1671 J
1432 1645 1518 1671 anus
1527 1622 1712 1671 Broukhu-

1033 1687 1127 1731 sius,
1145 1687 1189 1722 ad
1203 1687 1318 1722 Tibul.
1334 1699 1368 1732 1,
1392 1686 1641 1730 11,3.Β1111Μ.
1667 1705 1713 1713 —-

992 1766 995 1767 γ
1033 1739 1155 1789 Insusa
1184 1742 1361 1783 resurgunt
1390 1732 1527 1773 lumina.
1561 1736 1712 1772 Lumina

1033 1782 1092 1827 liic
1113 1789 1385 1826 commemorari
1414 1777 1538 1836 putem
1570 1782 1712 1835 lampa-

1035 1843 1122 1882 dum
1132 1857 1196 1886 seu
1212 1844 1443 1891 lychnorum,
1464 1844 1608 1889 quibus,
1628 1855 1713 1888 quo-

1025 1895 1098 1930 ¹ties
1113 1895 1255 1931 accendi
1271 1895 1467 1939 debebant,
1476 1895 1587 1930 ⁴toties
1602 1895 1714 1940 insun-

1033 1950 1177 1983 dandum
1193 1946 1268 1984 erat
1277 1947 1410 1984 oleum:
1421 1946 1478 1983 Ita
1485 1961 1568 1984 sane
1580 1948 1713 1983 mirum

1034 2013 1110 2035 non
1125 2001 1188 2045 sit,
1202 2001 1469 2049 Hymenamm,
1477 2007 1535 2049 ter
1543 2001 1617 2048 jam
1625 2000 1714 2035 frus

1031 2059 1086 2087 tra
1094 2053 1255 2087 functum
1265 2051 1333 2087 hoc
1341 2051 1468 2095 officio,
1479 2051 1539 2097 qui
1546 2063 1582 2087 se
1593 2051 1712 2087 oleum

1032 2110 1068 2138 et
1090 2116 1234 2149 operam
1260 2103 1407 2149 perdere
1426 2103 1582 2147 videret,
1605 2103 1643 2138 in
1658 2102 1712 2138 his

1032 2156 1162 2201 nuptiis
1173 2181 1184 2199 ,
1200 2162 1367 2200 quartum
1381 2154 1599 2200 infimdcndis
1610 2157 1714 2190 Iumi-

1033 2211 1130 2243 m'bus
1144 2208 1246 2243 solito
1251 2212 1431 2253 paegrriorem
1443 2221 1592 2243 manum
1609 2208 1715 2243 adtu-

1032 2261 1119 2296 lisse.
1130 2261 1319 2307 Vulgatam
1330 2267 1467 2306 tamen,
1478 2274 1547 2297 nec
1554 2274 1628 2296 uno
1639 2261 1713 2307 qui-

1033 2312 1116 2347 dem
1126 2313 1271 2347 nomine
1282 2339 1293 2357 ‚
1305 2320 1500 2359 suspectam
1511 2313 1714 2349 habuerunt

1031 2366 1097 2399 viri
1114 2365 1207 2400 docti
1224 2378 1232 2400 ς
1248 2365 1404 2411 primum
1416 2392 1426 2410 ,
1449 2365 1544 2412 quod
1558 2368 1614 2402 sax
1624 2393 1634 2411 ,
1652 2374 1713 2402 aut

1031 2417 1132 2452 taedae
1149 2417 1349 2464 Hymenaeo
1365 2418 1492 2464 magis,
1507 2430 1615 2463 quam
1626 2418 1710 2453 lam-

1031 2482 1092 2516 pas
1107 2470 1216 2507 soleat
1231 2470 1338 2506 tribui
1355 2470 1504 2506 :deinde
1526 2471 1607 2516 quia
1618 2497 1629 2515 ,
1645 2471 1712 2516 iue-

1032 2522 1107 2557 dice
1138 2522 1286 2558 Heinsio
1301 2548 1312 2566 ‚
1332 2522 1450 2567 infusa
1478 2524 1554 2565 oleo
1581 2525 1644 2558 vix
1667 2534 1711 2557 eo

1031 2587 1136 2609 sensu
1151 2576 1309 2609 Latinum
1323 2578 1387 2609 est.
1404 2573 1496 2619 Quis
1509 2586 1594 2610 vero
1607 2574 1712 2619 igno-

1031 2635 1086 2663 rat
1104 2655 1113 2673 ,
1145 2635 1272 2674 praeter
1296 2628 1410 2662 facem
1436 2627 1478 2662 ab
1509 2628 1710 2674 Hymenaeo

1032 2689 1199 2728 gestatam
1211 2709 1220 2726 ,
1241 2682 1430 2716 innumera
1451 2681 1489 2715 in
1505 2680 1710 2725 nuptiarum

1031 2733 1263 2768 celebratione
1277 2735 1405 2767 lumina
1419 2731 1560 2767 accendi
1574 2730 1708 2775 lampa-

1031 2785 1130 2830 dum,
1143 2786 1353 2833 lychnorum
1364 2782 1604 2830 etei—Quod
1615 2796 1708 2829 spec-
