1884 3112
534 276 845 324 ARIADNE
896 275 1197 322 THESEO.
1489 275 1574 320 203

216 372 379 423 Infelix
401 370 536 422 tendo
555 384 676 421 trans
699 371 815 420 freta
836 369 972 433 longa
994 387 1178 419 manus:

114 500 117 503 ,
151 452 251 502 Hos
271 452 379 511 tibi,
406 451 484 518 qui
507 461 738 518 superant,
765 448 953 499 ostendo
969 460 1126 498 moesta
1148 445 1332 519 capillos
1352 466 1363 496 :

214 529 302 578 Per
321 527 521 577 lacrimas
546 546 648 585 oro,
670 545 780 594 quas
803 537 880 575 tua
900 526 1015 575 facta
1036 537 1243 583 movent;

149 607 299 658 Flecte
322 619 480 665 ratem,
504 606 702 665 Theseu;
727 623 943 671 versoque
963 602 1159 652 relabere
1182 614 1314 652 vento
1334 621 1345 650 ε

216 685 267 734 Si
286 685 413 753 prius
434 684 658 744 occider03
684 694 733 731 tu
756 694 903 731 tamen
926 698 1028 730 ossa
1050 679 1182 743 leges.
1518 692 1579 727 150

149 845 214 869 nes
225 816 398 878 rependat
406 829 581 866 Theseus:
591 834 753 875 precatur
759 826 829 862 hoc

148 896 263 920 unum
276 910 287 928 ,
318 896 365 919 ne
390 883 428 918 in
447 893 585 928 poenam
610 880 674 916 sibi
691 886 827 923 vertat,

149 936 245 983 quod
259 943 332 971 tam
347 935 439 971 bene
456 933 500 970 de
511 934 571 969 illo
582 932 724 968 meruit.
733 950 777 960 -
791 933 834 967 Su'

146 1002 215 1025 non
227 1001 290 1034 ego
307 1000 415 1024 causa
426 989 573 1031 salum,-
600 985 736 1021 etiamsi
751 996 828 1019 non

147 1048 182 1078 te
202 1041 295 1086 leto,
317 1047 354 1078 et
377 1039 522 1086 quidem
543 1038 735 1074 certissimo
757 1036 830 1072 eri-

83 1110 86 1118 =
145 1094 299 1142 puissem
312 1119 323 1138 ,
349 1093 467 1139 sicque
487 1094 611 1127 salutis
633 1097 703 1127 tuae
722 1102 830 1126 causa

146 1147 335 1182 extitissem
348 1171 359 1190 ,
383 1158 459 1180 non
485 1152 538 1180 est
556 1143 653 1181 unde
675 1150 716 1179 tu
740 1142 830 1178 mihi

143 1199 241 1235 necis
254 1197 443 1234 horrende
455 1209 566 1233 causa.

194 1265 208 1287 1
214 1252 266 1297 47.
277 1252 428 1286 Ostende
434 1253 558 1285 masta
563 1248 719 1293 capillos.
729 1245 765 1292 Q
771 1258 830 1281 uo-

145 1303 256 1338 modo
272 1303 406 1340 absenti
416 1310 490 1339 tam
500 1302 604 1348 longe
619 1300 759 1336 Theseo
772 1312 832 1335 os·-

145 1355 294 1392 tendere
311 1362 449 1402 poterat
463 1354 602 1402 capillos
611 1354 628 1389 ?
651 1354 746 1389 Puto
761 1356 830 1388 ob—

146 1410 249 1444 tendo
268 1420 282 1451 ‚·
315 1408 412 1444 enim
426 1434 437 1454 ,
465 1415 506 1444 ut
532 1407 641 1443 modo
668 1408 802 1448 tendere
817 1432 828 1449 ,

146 1461 302 1508 positum
318 1473 383 1508 pro
391 1463 559 1506 pom‘gem
570 1486 580 1505 ,
599 1461 805 1506 pretendere
818 1485 828 1504 ,

147 1521 188 1551 ut
204 1514 361 1551 solebant
375 1514 553 1561 supplices.

194 1569 269 1616 149.
304 1568 468 1612 Versoque
490 1567 640 1601 relabere
660 1566 746 1600 velo.
771 1564 831 1600 Sic

145 1619 339 1666 legendum
359 1631 442 1654 cum
470 1617 660 1653 Basileensi
683 1616 828 1660 codice;

145 1671 221 1716 vel,
239 1678 280 1706 ut
296 1670 544 1706 Gronovianus
559 1683 624 1717 pro
639 1670 734 1705 varia
750 1669 829 1704 lec-

144 1724 242 1760 tione
255 1723 363 1759 hahet
370 1750 381 1768 ,
396 1735 555 1769 versoque
565 1725 712 1758 relabere
722 1735 830 1757 cursu.

144 1775 206 1812 sic
218 1788 324 1823 supra
334 1775 484 1820 dixerat,
496 1786 522 1811 v
535 1801 545 1820 ‚
563 1775 607 1810 36
622 1788 631 1810 z
644 1777 760 1810 Necte
769 1787 831 1809 ra-

145 1832 234 1872 tem;
261 1834 299 1864 et
316 1827 374 1864 hic
401 1841 494 1864 unus
516 1828 651 1863 Moreti
668 1829 828 1874 flexoque

144 1879 314 1924 habebat;
331 1888 368 1917 et
385 1880 557 1928 Ep.x111,
584 1881 669 1925 134:

176 1937 248 1962 Dum
260 1936 336 1968 licet,
354 1935 468 1962 lumbi„
475 1936 569 1963 vertite
580 1936 638 1961 vela
648 1941 726 1961 rates.

145 1985 202 2020 Ita
227 1989 349 2020 ventus
369 1992 405 2022 et
430 1988 540 2021 velum
568 1986 712 2021 confusa
736 1984 828 2031 apud

146 2037 264 2073 Tibul.
282 2048 328 2073 111
341 2063 351 2082 ,
382 2037 479 2085 Eleg.
507 2052 557 2074 11.
581 2038 712 2073 BURM.
730 2061 738 2073 ι

193 2091 266 2124 150.
295 2091 347 2125 Tu
361 2095 474 2126 tamen
495 2103 576 2126 ossa
590 2090 696 2136 fimf.
727 2090 829 2126 Alter

147 2141 385 2179 Mentelianus
394 2150 430 2179 et
443 2150 612 2190 praeterea
627 2150 698 2179 tres
711 2155 830 2179 mem-

147 2193 266 2231 branae
278 2221 289 2241 ,
306 2198 398 2242 leges
417 2209 428 2233 ι
443 2210 514 2244 quo
536 2203 573 2233 et
591 2209 685 2233 unus
707 2196 829 2232 alludit

894 824 1096 870 Mediceus,
1113 825 1151 860 in
1167 837 1238 871 quo
1253 826 1335 870 lege.
1354 823 1484 860 Noster
1500 822 1580 858 Am.

893 889 941 914 111
954 905 964 923 ,
982 878 1079 924 Eleg.
1095 889 1155 922 vr,
1175 877 1238 924 73:

894 938 920 964 O
930 939 1031 964 utinum
1042 947 1099 964 men
1111 938 1184 964 lecta
1194 937 1295 969 forent,
1312 938 1451 971 patrioque
1465 937 1584 971 sepulcro

926 988 1051 1020 Condita,
1063 987 1128 1013 dum
1139 982 1258 1022 potemnt
1268 987 1377 1020 virginis
1389 995 1447 1012 ossa
1459 986 1520 1021 legi.

895 1037 1091 1083 Per-peram
1112 1036 1161 1072 ibi
1185 1036 1290 1083 vulgo
1305 1062 1315 1081 ,
1346 1040 1438 1071 tecta
1454 1042 1490 1071 et
1506 1039 1583 1082 legi.

894 1091 1058 1137 Propert.
1076 1100 1116 1126 lv
1129 1117 1139 1134 ,
1159 1089 1258 1136 Eleg.
1275 1100 1290 1123 1
1303 1114 1313 1134 ,
1338 1102 1397 1134 127
1413 1101 1423 1123 :

894 1151 1014 1186 Ossaque
1024 1151 1109 1185 legisti
1120 1160 1172 1177 non
1182 1151 1227 1176 illa
1238 1155 1310 1176 aetate
1320 1149 1428 1182 legenda

927 1200 1013 1226 Patris
1024 1219 1033 1232 ‚
1044 1206 1071 1226 et
1085 1201 1112 1226 in
1121 1206 1211 1226 tenues
1222 1199 1321 1233 cogeris
1333 1198 1389 1233 ipse
1399 1199 1492 1223 Lares.
1512 1198 1550 1223 H.

896 1267 941 1278 —··
968 1250 1059 1284 Ossa
1063 1249 1171 1294 fhres.
1188 1249 1343 1292 Esseres,
1367 1247 1404 1282 in
1420 1247 1580 1293 sepulcro

896 1300 1153 1347 componenda.
1171 1300 1296 1335 Tradit
1308 1301 1421 1335 Poeon
1438 1298 1583 1345 quidam

898 1352 1452 1398 Amathusius,Theseum‚quum
1461 1351 1584 1386 Ariad-

897 1419 985 1450 nen,
998 1406 1219 1452 navigatione
1235 1405 1406 1440 defessam
1422 1403 1583 1439 ininsula

896 1459 1112 1505 reliquisset,
1133 1471 1175 1493 eo
1194 1470 1375 1493 reversum
1394 1456 1583 1492 extinctam

895 1511 1086 1554 invenisse,
1103 1518 1139 1546 et
1151 1511 1308 1557 pecuniae
1323 1522 1500 1546 summam
1517 1521 1584 1544 re·-

895 1563 1033 1610 liquisse
1049 1590 1059 1608 ‚
1088 1570 1127 1598 ut
1145 1563 1211 1598 rite
1229 1570 1264 1598 et
1278 1575 1361 1597 cum
1378 1574 1507 1608 pompa
1530 1568 1584 1596 tu-

896 1616 994 1651 mulo
1010 1614 1235 1651 conderetur.
1252 1614 1324 1650 Sed
1341 1615 1495 1661 poeticus
1511 1627 1584 1649 ma-

895 1669 945 1716 gis
958 1696 968 1714 ,
997 1668 1147 1715 ideoque
1167 1667 1408 1714 praeserendus
1419 1694 1429 1712 ‚
1447 1667 1507 1713 qui
1524 1667 1583 1702 in·-

893 1721 1003 1757 valuit
1018 1721 1062 1757 de
1075 1720 1233 1756 Ariadne
1245 1733 1387 1764 rumor,
1406 1732 1424 1754 a
1440 1718 1580 1755 Baccho

895 1773 1054 1809 adamata
1067 1800 1076 1818 ,
1099 1780 1137 1809 et
1151 1785 1282 1808 corona
1306 1773 1347 1807 ab
1365 1784 1408 1807 eo
1424 1771 1554 1806 donata
1571 1798 1581 1815 ‚

894 1839 972 1872 quae
982 1833 1060 1873 post
1070 1826 1176 1872 ipsius
1184 1832 1341 1860 mortem
1355 1825 1473 1860 locum
1487 1824 1582 1858 inter

893 1879 992 1925 signa
1003 1878 1150 1914 coelestia
1166 1878 1332 1914 obtinuit.
1350 1878 1479 1914 Narrat
1497 1889 1582 1912 vero

894 1931 1073 1967 Plutarch.
1092 1931 1130 1966 in
1150 1931 1256 1966 Thes.
1274 1930 1478 1974 Ariadnen,
1501 1935 1579 1981 post

895 1986 1023 2021 Thesei
1040 1985 1228 2021 discessum
1239 2012 1249 2029 ‚
1272 1985 1398 2021 Onaro
1413 1983 1553 2020 cuidam
1567 2010 1576 2027 ,

894 2038 954 2084 qui
970 2037 1097 2073 Bacchi
1107 2038 1211 2073 sacris
1222 2037 1379 2073 addictus
1391 2043 1478 2081 erat,
1487 2049 1576 2081 nup·

893 2091 972 2126 sisse
987 2104 996 2132 ;
1022 2097 1059 2125 et
1081 2090 1145 2125 Ion
1156 2117 1166 2134 ,
1193 2096 1296 2137 poeta
1328 2089 1438 2125 Chius
1448 2115 1458 2134 ,
1484 2088 1574 2123 filios
1610 2134 1613 2135 ⁷

894 2156 914 2178 e
937 2142 1076 2178 Theseo
1096 2143 1303 2189 suscepisse,
1330 2141 1515 2188 OEnopion
1537 2148 1573 2176 et

895 2195 1123 2243 Staphylum.
