1884 3112
309 271 387 298 112

780 259 1132 305 EPISTOLA
1164 262 1222 309 V.
1247 268 1249 270 '

367 348 545 414 Oraque
568 360 673 397 sunt
696 349 847 413 digitis
870 370 1023 418 aspera
1043 351 1159 400 facta
1179 353 1299 401 meis.

297 424 388 472 Nec
403 425 591 490 pretium
614 426 756 491 stupri
778 446 967 489 gemmas
989 446 1194 476 aurumve
1213 427 1427 494 poposci;

362 502 572 568 Turpiter
594 503 833 565 ingenuum
854 523 1036 553 munera
1058 523 1221 571 corpus
1244 515 1408 553 emunt.

296 578 415 642 Ipse,
440 588 561 625 ratus
586 577 787 641 dignam,
810 580 1000 629 medicas
1018 580 1128 628 mihi
1151 579 1334 628 tradidit
1357 590 1494 637 artes;

1651 593 1711 638 145

361 654 640 722 Admisitque
666 675 783 705 meas
807 657 863 705 ad
887 676 968 706 sua
992 652 1110 706 dona
1132 675 1300 706 manus.

299 731 586 798 Quaecunque
604 732 742 781 herba
762 745 922 800 potens
946 733 1003 782 ad
1026 753 1177 801 opem,
1202 734 1415 800 radixque
1440 733 1632 782 medenti
1660 741 1675 768 s

361 806 496 855 Utilis
519 807 566 855 in
588 819 684 856 toto
711 810 908 858 nascitur
929 809 1038 858 orbe
1052 847 1065 868 ,
1090 827 1185 857 mea
1206 821 1285 857 est.

297 884 374 932 Me
398 883 623 944 miseram,
650 886 771 951 quod
794 905 918 935 amor
938 905 1031 933 non
1054 897 1121 934 est
1142 884 1412 934 medicabilis
1428 885 1602 936 herbis!

365 960 603 1009 Destituor
627 962 822 1028 prudens
845 963 951 1010 artis
975 962 1031 1010 ab
1054 973 1145 1010 arte
1165 980 1272 1010 mea.

1654 965 1714 1010 1'50

235 1047 241 1051 “
296 1037 397 1101 Ipse
420 1048 622 1102 repertor
648 1037 746 1104 opis
772 1056 921 1086 vaccas
942 1038 1112 1104 pavisse
1136 1037 1338 1087 Pheraeas

344 1149 416 1192 143.
441 1150 515 1184 Nec
530 1152 673 1193 pretium
693 1153 804 1194 stupri
814 1155 877 1185 etc.
893 1149 976 1185 Non

298 1213 338 1235 ea
369 1206 444 1234 erat
474 1200 620 1235 OEnone
636 1226 645 1244 ‚
672 1213 778 1245 quam
805 1201 951 1246 gemmis
964 1226 975 1245 ,

297 1263 425 1285 aurove
434 1257 581 1296 captam,
590 1252 645 1286 vel
651 1252 803 1287 Phoebus
813 1252 884 1298 ipse
894 1252 978 1287 irre-

299 1304 402 1346 tiret;
418 1303 478 1338 sed
493 1316 598 1349 quam
614 1303 757 1339 duceret
769 1303 878 1338 laudis
893 1310 976 1338 stu—

298 1355 415 1400 dium,
439 1362 475 1390 et
492 1369 568 1401 spes
585 1362 675 1391 artes
690 1356 859 1402 ingenuas
878 1355 976 1390 edis—

299 1407 402 1442 cendi
420 1417 428 1440 :
445 1409 594 1442 medicas
608 1409 694 1442 mihi
705 1409 848 1442 tradidit
863 1412 964 1442 artes.

349 1461 421 1502 145.
441 1461 608 1494 Medicas.
636 1459 728 1495 Vide
758 1459 978 1507 Lycophron.

299 1510 486 1545 Alexandr.
497 1522 534 1555 v,
545 1511 602 1556 61,
614 1518 649 1546 et
660 1512 708 1547 ibi
717 1511 932 1547 Scholiasten
942 1517 979 1546 et

302 1561 596 1597 Commentarios.

346 1628 358 1647 1
365 1615 417 1660 47.
431 1615 610 1659 Badixque
621 1616 780 1649 medendi
785 1615 898 1649 Utilis.
905 1616 978 1649 Me-

297 1667 396 1699 denti
414 1665 534 1699 malim
552 1678 560 1700 ε
575 1668 711 1700 medens
733 1679 796 1712 pro
817 1668 976 1702 medicus.

300 1717 364 1762 Ep.
382 1715 579 1764 Cydippes,
599 1720 661 1762 14:

358 1777 482 1810 Adiuvor
497 1782 523 1802 et
539 1778 612 1802 nulla
628 1777 696 1803 sessa
713 1779 839 1805 madentis
853 1787 912 1812 ope.

346 1827 416 1872 149.
441 1827 501 1859 Me
516 1827 690 1860 miseram!
708 1829 899 1871 quodamor
911 1840 978 1862 non

297 1881 354 1910 est
373 1879 583 1911 medic-abillis·
608 1879 728 1911 herbis.
756 1878 832 1914 Nec
860 1879 978 1924 quavis

299 1928 363 1962 alia
373 1935 444 1962 arte
457 1928 624 1964 sanabilis.
637 1929 735 1963 Rura
742 1929 977 1976 nequicquam

299 1979 417 2015 Gallus
433 1980 519 2025 petit
531 2006 540 2024 ‚
564 1987 600 2015 et
614 1988 770 2016 versatur
784 1982 877 2016 inter
892 1995 977 2028 pas—

298 2038 412 2075 tores,
441 2045 554 2066 unum
575 2032 653 2067 fieri
680 2040 802 2079 optans
825 2048 866 2069 ex
887 2035 976 2070 illis:

299 2096 405 2128 quam
420 2096 509 2118 vana
530 2084 599 2118 sint
617 2084 691 2120 haec
707 2085 862 2120 remedia
879 2086 978 2121 brevi

297 2143 476 2180 expertus,
492 2136 676 2181 exclamat,
694 2137 767 2172 Ecl.
784 2149 826 2182 Χ,
844 2138 908 2174 6οε

354 2195 499 2228 Tamquam
508 2195 562 2220 hnc
571 2197 623 2220 sint
634 2197 715 2221 nostri
725 2197 853 2222 medicina
862 2197 974 2223 suroris!

300 2243 543 2288 Nequicquam
553 2244 670 2279 infelix
684 2244 780 2280 Dido
789 2272 799 2290 ‚

296 2303 478 2337 Instauratque
491 2305 561 2329 diem
573 2305 648 2330 donis
657 2324 666 2336 ‚
678 2306 859 2339 pecudumque
870 2306 976 2331 reclusis

297 2352 448 2377 Pectoribus
462 2352 562 2378 inhians
571 2372 580 2385 ‚
600 2353 725 2386 spirantia
738 2354 852 2379 consulit
862 2359 930 2380 extu.

299 2417 584 2427 ...........
604 2401 677 2433 Quid
691 2407 752 2427 vota
762 2401 890 2427 furentem
899 2421 909 2434 ‚

299 2448 371 2480 Quid
382 2448 487 2473 delubra
499 2449 615 2482 juvant?
730 2451 790 2475 AEn.
803 2458 848 2483 tv,
858 2451 899 2478 65.

299 2495 347 2530 Et
378 2496 527 2531 Phaedra
551 2504 670 2532 nostra
681 2524 691 2541 ‚
725 2505 911 2544 postquam
934 2512 975 2534 ea

297 2549 490 2592 recensuit,
516 2561 592 2593 quae
617 2556 811 2584 tentaverat
826 2576 836 2594 ,
862 2557 923 2594 ut,
946 2551 975 2586 si

299 2607 427 2643 posset,
440 2600 625 2635 infandum
635 2615 676 2635 ex
687 2602 805 2636 animo
817 2615 975 2636 amorem

299 2652 564 2697 exterminaret,
588 2666 693 2699 quam
711 2667 793 2689 vere
809 2654 975 2689 exclamat

299 2715 457 2748 quoque:

296 2763 369 2788 D'un
380 2763 517 2789 incumbis
529 2773 624 2789 amour
634 2765 750 2789 remacle:
763 2763 919 2797 impuissam
930 2765 942 2790 l

1086 1152 1158 1186 150.
1191 1152 1371 1186 Destituor
1385 1152 1535 1196 prudens
1558 1154 1644 1185 arltls·
1671 1152 1716 1184 ab

1039 1206 1112 1236 arte
1129 1215 1214 1237 mea.
1228 1204 1391 1248 Deficior,
1407 1202 1524 1248 scripti
1539 1202 1690 1248 potiores
1704 1216 1714 1244 ;

1040 1253 1182 1298 optime.
1199 1252 1257 1288 Sic
1271 1253 1375 1288 Trist.
1387 1265 1436 1298 11,
1454 1255 1517 1299 4⁰7
1533 1266 1541 1288 ι
1558 1255 1717 1298 Tempore

1040 1306 1195 1350 deficior,-
1215 1305 1275 1339 ubi
1299 1305 1390 1340 male
1411 1307 1573 1351 dqfias'am.
1599 1303 1717 1340 Cesar

1039 1355 1128 1390 libro
1136 1368 1194 1401 111,
1203 1356 1292 1391 Belli
1302 1355 1432 1400 Civilis,
1440 1357 1500 1400 64:
1513 1358 1721 1401 megran'

1040 1411 1176 1443 vulnere
1194 1408 1352 1452 affictus
1363 1412 1402 1443 et
1415 1409 1542 1442 vitibus
1552 1409 1717 1453 deficere-

1040 1463 1102 1494 tur.
1116 1478 1161 1486 --
1175 1461 1292 1506 Defici
1309 1463 1453 1494 stercore
1464 1485 1474 1501 ‚
1503 1457 1716 1502 Columella,

1040 1520 1070 1543 11
1080 1537 1089 1555 ,
1103 1524 1174 1557 cap.
1190 1513 1228 1545 15
1238 1537 1247 1554 ,
1273 1511 1322 1546 16.
1338 1512 1718 1557 Se'dqficziaturomm'bus

1038 1565 1136 1596 rebus
1151 1565 1322 1607 agricola,
1347 1563 1436 1598 libro
1449 1573 1522 1607 vn,
1540 1576 1572 1611 9.
1588 1562 1718 1599 Statius

1041 1613 1301 1650 Saturnalibus:

1121 1673 1180 1698 Jnm
1195 1673 1249 1706 inm
1266 1672 1390 1706 deficior-3
1400 1678 1496 1707 tuoque
1511 1673 1614 1699 Baccho

1122 1722 1155 1746 In
1171 1729 1258 1746 serum
1273 1720 1360 1746 trahor
1376 1720 1462 1746 ebriu-
1480 1729 1605 1754 soporem.

1043 1769 1236 1815 Quomodo
1246 1770 1353 1815 probe
1364 1776 1499 1805 vetusta
1509 1769 1615 1805 editio
1628 1770 1718 1805 Par-

1040 1821 1179 1858 mensis.
1190 1820 1295 1867 Apud
1306 1820 1428 1866 virgil.
1442 1819 1582 1855 AEneid.
1592 1831 1644 1865 11,
1656 1821 1717 1865 43:

1235 1882 1288 1907 Cur
1304 1881 1434 1906 indecem
1450 1881 1478 1906 in
1492 1880 1581 1906 timim
1596 1880 1682 1914 prino

1041 1930 1228 1964 Deficiumur?

1042 1979 1096 2014 Ita
1116 1985 1272 2013 vetustus
1293 1977 1400 2013 codex
1415 1990 1423 2013 :
1441 1977 1557 2014 caeteri
1572 1989 1694 2012 omnes
1705 2003 1716 2022 ‚

1042 2033 1224 2076 deficimus.
1240 2030 1374 2066 Hzms.
1636 2046 1639 2049 ·

1088 2085 1160 2117 151.
1183 2084 1262 2127 Ipse
1275 2085 1422 2126 reperior
1428 2083 1503 2126 opth-
1518 2093 1645 2116 vaccas
1649 2092 1719 2125 pa-

1041 2137 1129 2170 visse
1149 2135 1309 2168 Pheraeas
1335 2135 1463 2168 Fertur.
1487 2132 1618 2168 Sensus
1641 2139 1693 2168 est
1709 2144 1719 2167 :

1040 2186 1165 2230 Neque
1177 2192 1297 2220 tamen
1314 2185 1446 2220 mirum
1462 2184 1573 2220 videri
1593 2183 1717 2228 debet,

1040 2250 1098 2272 me
1109 2249 1182 2272 non
1196 2249 1293 2282 posse
1304 2236 1439 2273 mederi
1453 2236 1590 2280 morbo,
1604 2235 1641 2271 id
1651 2242 1717 2279 est,

1040 2289 1152 2324 amori
1167 2301 1249 2323 meo
1260 2302 1269 2324 ε
1283 2301 1394 2334 quum
1405 2301 1472 2323 nec
1485 2289 1558 2334 ipse
1570 2287 1715 2333 Apollo,

1038 2341 1203 2375 inventor
1226 2353 1266 2376 ac
1289 2340 1374 2375 deus
1397 2339 1715 2384 medicinae‚,idem

1039 2391 1107 2427 hoc
1116 2392 1268 2438 potuerit
1277 2405 1285 2427 ι
1296 2399 1334 2427 ut
1343 2393 1401 2438 qui
1410 2404 1528 2427 amore
1536 2391 1713 2437 impulsus,

1040 2444 1186 2479 Admeti
1198 2451 1358 2479 armenta
1368 2444 1511 2489 paverit.
1524 2443 1714 2488 Sumptum

1040 2502 1159 2530 autem
1172 2495 1370 2541 exemplum
1387 2495 1455 2530 hoc
1464 2501 1518 2529 est
1528 2507 1568 2528 ex
1579 2493 1715 2541 hymno

1042 2546 1245 2582 Callimachi
1258 2547 1296 2581 in
1312 2545 1463 2592 Apollin.
1481 2547 1522 2590 47
1532 2570 1542 2588 ,
1555 2544 1615 2579 uhi
1630 2544 1687 2579 ille
1706 2557 1716 2579 ε

1039 2603 1140 2634 <luten
1147 2601 1306 2642 καὶνέμιον
1313 2601 1518 2641 κικλήσκομὶν,
1529 2597 1562 2639 ἔξ
1568 2599 1613 2631 'e‘u
1619 2600 1713 2631 κείνου

1038 2649 1140 2694 ’Eget’
1161 2649 1205 2684 ἔπ’
1224 2649 1392 2696 Ἀμφρυσῷ
1409 2650 1586 2691 §tityi-:dac
1599 2650 1714 2697 ’ἔτρεφεν

1130 2705 1233 2740 ἲππους
1245 2727 1256 2744 ,

1039 2754 1141 2789 moion
1158 2752 1205 2787 ὑπ’
1223 2754 1310 2801 ἔρῶτι
1321 2753 1494 2796 κεκαυμένος
1510 2753 1675 2795 Δδμῆτοιο.
