1884 3112
322 212 409 272 378

766 210 1121 257 EPISTOLA
1168 214 1281 258 XX.

319 304 409 362 Ut.
433 313 474 351 te
498 312 750 368 conspecta,
777 302 949 365 subito,
974 303 1013 351 si
1035 290 1151 353 forte
1170 306 1364 364 notasti,

1666 324 1731 357 205

383 379 638 427 Restiterim
660 378 759 426 fixis
783 378 829 426 in
850 391 925 428 tua
947 380 1142 430 membra
1163 382 1311 444 genis:

319 456 404 512 Ut,
430 467 471 503 te
497 455 600 507 dum
624 455 810 504 nimium
832 457 991 515 miror,
1012 469 1120 516 nota
1141 470 1259 508 certa
1278 458 1468 508 furoris!

384 532 640 582 Deciderint
654 534 839 583 humero
862 533 997 600 pallia
1018 535 1140 601 lapsa
1159 543 1274 584 men.

319 610 564 659 Postmodo
588 611 736 659 nescio
762 631 849 678 qua
871 612 1039 661 venisse
1063 611 1259 662 volubile
1283 612 1468 671 malum,

383 689 532 737 Verba
553 689 695 738 ferens
715 688 858 738 doctis
880 689 1094 739 insidiosa
1111 689 1257 747 notis3

1669 715 1734 739 mo

321 764 458 828 Quod
482 765 584 831 quia
608 765 666 813 sit
688 765 869 824 lectum,
890 779 1040 815 sancta
1059 778 1271 833 praesente
1300 765 1463 824 Diana,

383 845 492 891 Esse
516 856 634 892 tuam
657 843 868 902 vinctam,
893 845 1073 893 numine
1093 856 1203 893 teste
1217 881 1229 902 ‚
1253 843 1398 892 fidem.

318 918 384 966 Ne
410 930 554 967 tamen
576 920 752 982 ignoret
776 940 872 986 quae
893 921 951 969 sit
973 920 1191 970 sententia
1210 920 1398 986 scripto,

382 996 515 1043 Lecta
540 995 622 1043 tibi
646 997 869 1067 quondam
891 1016 1009 1046 nunc
1033 1015 1211 1064 quoque
1233 996 1367 1045 verba
1386 994 1514 1044 refer.
1548 1002 1550 1004 ’

319 1107 396 1147 ipsa
405 1105 498 1138 Deae.
512 1107 556 1139 Τὲ
567 1107 645 1148 ipsa
662 1105 811 1139 otiosum
828 1118 938 1150 quum
953 1106 996 1141 sit

320 1154 388 1189 hoc
412 1155 487 1190 loco
504 1183 513 1197 ‚
556 1157 610 1190 vix
639 1156 796 1192 dubitem
827 1157 997 1193 Ovidium

317 1208 486 1253 scripsisse
499 1234 508 1251 ,
525 1210 614 1242 AEde
627 1210 711 1243 Dea·
732 1219 742 1241 :
759 1210 917 1256 cognatio
933 1211 997 1244 ni·-

320 1260 451 1294 mirum
480 1260 661 1295 literarum
683 1261 719 1296 in
739 1269 886 1308 utraque
910 1276 993 1298 voce

319 1312 453 1355 essecit,
477 1319 516 1346 ut
531 1313 731 1348 alterutram
748 1315 929 1350 oscitantes
944 1316 994 1350 li-

318 1363 423 1398 brarii
442 1365 644 1408 omiserint;
666 1365 760 1411 quod
778 1374 813 1402 et
830 1368 906 1402 alibi
923 1369 995 1403 sac-

319 1423 407 1450 tum.
423 1417 555 1452 HEINs.
576 1416 788 1462 Coniectura
803 1419 876 1454 haec
892 1419 994 1454 dubia

320 1468 407 1502 mihi
431 1468 569 1504 videtur
590 1480 598 1501 ε
619 1470 759 1505 mallem
779 1484 786 1504 :
809 1473 886 1506 dum
900 1472 998 1516 facit

319 1524 396 1564 ipsa
411 1530 420 1551 ·¹
439 1520 525 1555 dum
537 1529 650 1557 mater
660 1536 755 1558 sacra
764 1524 844 1558 facit
856 1550 865 1567 ‚
886 1536 995 1558 cons-

322 1573 414 1618 pexit
429 1572 614 1620 Cydippen
630 1574 800 1611 Acontius
812 1583 894 1610 etc.:
909 1589 996 1611 con-

320 1625 374 1658 ser
395 1625 502 1670 Epist.
530 1639 600 1671 seq.
622 1639 709 1661 vers.
732 1628 799 1674 93:
822 1627 916 1662 unde
934 1641 996 1673 ap-

320 1683 418 1722 paret
448 1675 632 1723 Cydippen
646 1705 655 1721 ,
692 1678 778 1712 dum
808 1686 921 1713 mater
941 1692 996 1713 sa-

319 1727 472 1771 crificat,
499 1742 580 1764 cum
603 1730 738 1765 nutrice
759 1731 994 1766 obambulasse

318 1779 392 1814 loca
408 1793 502 1815 sacra
514 1807 524 1824 ‚
544 1788 579 1815 et
595 1788 679 1817 tunc
693 1783 801 1817 visam
816 1783 858 1817 ab
876 1782 996 1817 Aeon-

319 1832 381 1873 tio;
392 1830 574 1877 postmodo
585 1834 729 1868 demum
740 1848 849 1880 quum
860 1847 996 1869 reversa

321 1884 440 1919 suisset
452 1885 487 1918 in
503 1885 614 1920 aedem
626 1886 767 1931 Dianae,
786 1890 919 1921 venisse
931 1900 997 1932 po-

323 1948 434 1971 mum.
453 1937 582 1972 BURM.

363 2001 437 2034 207.
461 1991 512 2023 Et
525 1994 559 2023 te
574 1991 652 2024 dum
667 1994 803 2026 nimium
818 1995 925 2028 miror.
951 1994 1000 2027 Ut

322 2045 371 2082 lc,
389 2048 484 2076 recte
503 2042 740 2078 Mentelianus
753 2070 762 2087 ,
781 2045 997 2079 Arondelia-

321 2106 386 2127 nus
401 2120 410 2137 ,
438 2100 472 2128 et
487 2094 691 2130 Basileensis
708 2108 715 2129 :
732 2109 796 2141 pro
811 2101 892 2131 nota
906 2101 998 2131 ceria

311 2145 443 2190 suron's
454 2172 463 2189 ‚
493 2146 613 2180 malim
644 2160 783 2193 quoque
805 2175 815 2193 ‚
844 2152 998 2193 stuporis.

323 2197 476 2243 Epistola
495 2199 649 2234 Paridis:

319 2259 392 2293 Dum
406 2264 495 2294 stupeo
507 2260 571 2284 visis
591 2261 601 2293 (
612 2269 671 2285 nam
682 2262 774 2294 poeula
784 2261 848 2287 sorte
857 2262 974 2287 tenebam
986 2262 997 2295 )

356 2308 464 2332 Tortilis
475 2317 489 2332 e
500 2308 589 2341 digitis
600 2310 697 2335 excidit
710 2319 772 2334 ansa
786 2311 859 2336 meis.
872 2312 980 2345 flunt-3.

365 2371 382 2390 α
387 2357 439 2391 08.
446 2359 646 2392 Deciderint
651 2361 782 2394 humero
783 2363 894 2403 pallia
900 2363 998 2405 lapsa

319 2421 401 2443 meo.
428 2411 626 2445 Reciderint
659 2411 828 2457 Excerpta
853 2413 968 2448 Jureti
989 2424 998 2446 τ

322 2460 453 2504 p1·obe;
486 2469 522 2496 et
546 2462 594 2497 sic
619 2461 757 2497 videtur
785 2463 995 2510 legendum,

322 2513 380 2547 lib.
395 2524 440 2547 111
453 2540 463 2557 ‚
491 2514 581 2549 Fast.
597 2515 641 2549 30
658 2526 667 2548 :

321 2574 428 2606 ignibus
439 2574 526 2599 Iliacis
538 2575 657 2608 aderam;
675 2585 736 2600 cum
747 2576 818 2609 lapsa
833 2576 934 2609 capillis

353 2623 466 2648 Reczdie
478 2629 535 2648 ante
548 2632 632 2649 sacros
644 2625 716 2649 lanea
729 2624 794 2649 vitta
806 2624 885 2649 focos.

322 2672 414 2707 Nam
440 2674 568 2717 Deficit
589 2673 708 2708 inveni
730 2673 766 2708 in
793 2672 998 2719 quibusdam

319 2722 424 2758 libris.
446 2724 579 2760 HEINS.
599 2726 800 2760 Deciderint
813 2724 899 2759 mihi
915 2736 997 2769 prae-

1059 1103 1247 1140 serendum
1266 1103 1426 1146 videtur3
1453 1104 1496 1139 ad
1514 1103 1619 1150 pedes
1637 1104 1732 1139 enim

1058 1160 1225 1194 decidisse
1252 1156 1353 1192 docet
1381 1169 1446 1191 vox
1472 1154 1588 1198 addita
1607 1158 1708 1201 lapsa
1722 1183 1731 1197 ,

1059 1223 1123 1256 pro
1141 1222 1210 1255 quo
1225 1209 1316 1247 male
1333 1208 1475 1255 quidam
1490 1207 1622 1244 codices
1638 1211 1732 1243 laxa.

1059 1263 1225 1296 Recidere
1237 1268 1321 1306 puto
1333 1259 1477 1304 vestem,
1490 1270 1599 1305 quum
1613 1259 1652 1294 in
1661 1266 1735 1294 ter-

1060 1327 1142 1360 gum
1153 1320 1247 1348 retro
1258 1313 1349 1348 cadit
1361 1327 1369 1354 ;
1380 1314 1534 1347 deciden-
1543 1338 1552 1352 ‚
1569 1323 1679 1357 quum
1689 1310 1732 1345 ad

1058 1366 1163 1412 pedes
1189 1366 1326 1400 labitur.
1369 1364 1505 1400 Eadem
1537 1362 1735 1405 differentia

1057 1420 1152 1454 inter
1180 1419 1326 1464 dejzbere
1354 1421 1468 1452 vestes
1503 1423 1538 1452 et
1570 1417 1707 1462 reficere
1720 1441 1730 1456 ‚

1060 1485 1136 1517 quae
1167 1471 1272 1506 verba
1299 1469 1539 1506 confuderunt
1567 1480 1657 1515 saepe
1683 1467 1734 1503 li-

1058 1524 1162 1558 brarIi
1174 1550 1184 1568 ,
1202 1521 1416 1558 observanda
1429 1528 1491 1557 est.
1507 1521 1638 1557 Bulufl.

1059 1618 1062 1621 Α
1103 1591 1122 1610 2
1130 1589 1178 1610 10.
1201 1579 1310 1612 Verba
1315 1575 1434 1620 serens
1447 1576 1558 1610 doctis·
1571 1573 1737 1612 ιἰιειϊίωα

1059 1631 1158 1663 notis.
1178 1628 1237 1662 Sic
1253 1635 1288 1663 et
1305 1627 1538 1670 membrana,
1564 1631 1737 1670 quotquot

1060 1693 1080 1714 a
1095 1693 1152 1714 me
1176 1680 1337 1724 inspecta:
1351 1685 1444 1713 sunt.
1465 1677 1585 1712 Scribe
1599 1675 1735 1712 nihilo—

1060 1732 1196 1775 minus,
1224 1732 1335 1765 duem
1358 1733 1457 1764 notis.
1484 1729 1622 1765 HEINS.
1643 1727 1737 1763 Mihi

1059 1786 1166 1819 docloe
1174 1788 1261 1818 παίω
1273 1781 1458 1817 movendae
1467 1793 1542 1815 non
1555 1779 1736 1815 videntur:

1060 1836 1163 1871 nullis
1177 1836 1274 1870 enim
1287 1838 1378 1869 nolis
1394 1832 1548 1879 Epistola
1561 1832 1663 1871 scribi
1679 1843 1736 1878 po-

1061 1895 1147 1931 test,
1165 1887 1231 1922 nisi
1245 1889 1356 1921 ductis
1372 1899 1382 1919 ,¹
1398 1885 1476 1920 vide
1494 1884 1537 1919 ad
1554 1884 1680 1930 Quint.
1702 1895 1734 1929 Ι,

1062 1940 1194 1975 Instit.1
1207 1966 1216 1983 ,
1235 1939 1294 1984 qui
1307 1940 1429 1973 ductus
1444 1937 1624 1973 literarum
1635 1935 1735 1979 dicit;

1060 1992 1122 2027 sed
1148 1994 1269 2026 doctas
1299 1994 1398 2025 notas
1425 2000 1525 2031 amor
1550 1988 1738 2028 dictaverat

1063 2043 1215 2078 Acontio
1237 2069 1247 2086 ,
1284 2042 1321 2077 id
1343 2048 1395 2076 est
1414 2040 1550 2076 callidas
1570 2066 1580 2084 ‚
1614 2040 1738 2085 quibus

1061 2097 1193 2142 peritus
1223 2102 1258 2129 et
1281 2095 1377 2128 vafer
1405 2099 1540 2128 amator
1561 2091 1736 2137 deciperet

1062 2148 1223 2194 puellam.
1239 2146 1296 2181 Sic
1313 2147 1415 2180 docta
1426 2145 1481 2189 illa
1491 2157 1560 2187 vop:
1577 2142 1735 2187 Caesaris,

1062 2200 1153 2247 apud
1171 2200 1264 2235 Flor.
1277 2210 1316 2233 1v
1329 2224 1338 2242 ,
1365 2212 1394 2232 2.
1418 2197 1549 2239 Boum-

1082 2265 1085 2268 ’
1105 2266 1124 2286 2
1132 2266 1144 2286 1
1151 2267 1180 2286 2.
1191 2253 1280 2286 Esse
1287 2255 1377 2284 tuam
1387 2251 1534 2284 w’nctam
1543 2256 1607 2284 etc.
1618 2248 1660 2284 Id
1669 2262 1735 2283 ur-

1063 2313 1120 2351 get
1141 2303 1377 2350 potissimum,
1397 2303 1492 2349 quod
1517 2302 1657 2346 majoris
1673 2303 1737 2348 ipsi

1062 2357 1252 2398 momenti;
1272 2356 1398 2391 scilicet
1414 2368 1486 2389 non
1502 2355 1555 2389 sui
1569 2355 1737 2399 jamiuris

1063 2424 1134 2445 esse
1147 2437 1156 2454 ‚
1173 2423 1238 2444 nec
1250 2416 1437 2455 parentum
1447 2420 1591 2448 suorum
1605 2407 1739 2455 Cydip-

1062 2477 1231 2509 pen‚quae
1246 2471 1319 2498 tam
1332 2462 1480 2498 solemni
1496 2461 1735 2507 jurejurando,

1063 2526 1098 2553 et
1114 2517 1228 2552 Diana
1245 2515 1387 2561 quidem
1411 2522 1496 2550 teste
1507 2540 1517 2558 ,
1537 2514 1688 2549 Acontio
1701 2526 1736 2547 se

1062 2583 1098 2604 se
1115 2568 1324 2606 devinxerat.

1106 2621 1179 2662 214.
1210 2621 1318 2653 Verba
1333 2618 1428 2663 teser.
1448 2617 1565 2652 Editio
1580 2617 1737 2661 princeps

1063 2677 1099 2705 et
1115 2683 1208 2704 unus
1224 2669 1405 2704 Mediceus
1421 2679 1430 2701 t

1095 2728 1175 2753 Lecta
1185 2727 1233 2752 tibi
1244 2726 1374 2761 quondam
1386 2734 1454 2752 nunc
1467 2733 1570 2760 quoque
1581 2723 1660 2749 verba
1671 2723 1736 2755 1052.
