1884 3112
604 287 793 333 HERO
823 288 1174 335 LEANDRO.

1516 290 1602 335 355

183 378 282 428 Has
295 389 412 428 certe
434 377 675 447 pluresque
699 393 886 441 canunt,
908 382 1137 449 Neptune,
1163 393 1306 449 poetae

243 453 383 504 Molle
407 454 522 505 latus
545 456 671 506 lateri
691 458 965 507 conseruisse
983 470 1077 507 tuo.

179 534 304 584 Cur
291 534 449 598 igitur,
475 535 610 584 toties
633 535 747 585 ‘vires
771 547 979 603 expertus
1002 537 1164 585 amoris
1180 574 1193 595 ,

241 611 491 662 Adsuetum
513 612 647 662 nobis
671 612 850 662 turbine
874 612 1043 662 claudis
1067 613 1186 662 iter?

178 690 338 750 Parce,
364 691 508 750 ferox;
529 690 710 758 latoque
732 691 842 740 mari
865 702 941 739 tua
963 689 1113 758 praelia
1135 692 1282 741 misce.

243 768 426 818 Seducit
447 781 584 819 terras
606 769 698 817 haec
720 768 868 818 brevis
892 768 1013 817 unda
1038 768 1172 817 duas.'

175 846 241 896 Te
265 846 390 906 decet
411 858 488 896 aut
508 864 687 909 magnas
707 863 918 909 magnum
938 846 1099 911 jactare
1125 847 1293 896 carinas
1311 867 1322 907 ;

241 924 337 973 Aut
359 923 491 974 etiam
514 922 622 970 totis
647 920 864 970 classibus
889 942 982 972 esse
1007 935 1187 973 trucem.

176 1003 326 1070 Turpe
350 1002 448 1051 Deo
471 999 639 1068 pelagi,
664 1000 867 1066 juvenem
890 1012 1051 1050 terrere
1067 1013 1292 1050 natantem
1311 1021 1322 1051 :

1508 1016 1606 1063 „45

159 1146 161 1148 ι
245 1078 488 1146 Gloriaque
509 1089 576 1127 est
599 1089 757 1141 stagno
783 1076 986 1144 quolibet
1008 1078 1092 1126 ista
1115 1078 1276 1126 minor.

174 1154 355 1206 Nobilis
375 1154 449 1204 ille
475 1155 654 1222 quidem
677 1166 764 1213 est,
792 1166 836 1203 et
860 1154 1003 1203 clarus
1027 1155 1197 1218 origine
1216 1175 1226 1216 3
1249 1154 1327 1204 sed
1348 1174 1441 1203 non

240 1234 284 1282 A
306 1233 392 1282 tibi
415 1244 621 1300 suspecto
646 1232 770 1281 ducit
792 1231 922 1281 Ulixe
948 1250 1099 1295 genus.

176 1310 248 1359 Da
266 1309 440 1359 veniam
453 1347 466 1369 ,
488 1328 699 1376 servaque
723 1308 838 1358 duos
859 1329 869 1358 :
889 1320 1013 1357 natat
1030 1307 1129 1366 ille;
1157 1308 1234 1357 sed
1255 1308 1397 1365 isdem

246 1389 425 1456 Corpus
449 1387 663 1446 Leandri,
689 1406 790 1454 spes
812 1407 930 1446 mea,
950 1387 1115 1454 pendet
1138 1387 1299 1454 aquis..
1548 1403 1610 1437 150

175 1468 349 1516 Interea
370 1466 545 1526 lumen,
570 1465 721 1533 posito
741 1485 844 1514 nam
866 1464 1102 1532 scribimus
1124 1465 1203 1514 illo
1216 1503 1228 1524 ,

222 1609 396 1656 137.Has
408 1607 856 1644 cede.IIasetenimco1-ri-

175 1660 290 1708 gebat
286 1660 473 1696 Francius.

221 1713 294 1748 138.
317 1714 430 1748 Laius
443 1715 549 1748 laten·
563 1716 772 1749 consermsse
787 1716 855 1748 tuo.

175 1767 410 1811 omnuim
424 1793 434 1808 ‚
467 1767 669 1801 Puteaneus
686 1792 696 1810 ,
734 1772 770 1800 et
801 1765 856 1800 alii

173 1818 301 1865 maiori
311 1831 352 1854 ex
362 1825 463 1865 parte
469 1831 551 1854 cum
562 1818 675 1864 prima
684 1817 854 1852 editione:

173 1877 210 1907 et
237 1878 353 1913 reete;
385 1870 529 1916 quidam
547 1874 762 1916 supposuisse
775 1897 785 1912 ,
819 1876 855 1904 et

172 1926 400 1959 continuasse.
422 1923 555 1958 Hmns.

222 1977 295 2020 140.
316 1976 465 2010 Turbine.
474 1976 608 2010 claudat
619 1977 692 2009 e’ler.
710 1974 855 2009 Tur-bide

173 2027 247 2063 duo
259 2027 388 2074 scripti.
403 2026 477 2063 Sed
491 2033 629 2062 rectum
641 2033 692 2061 est
707 2029 855 2062 turbine:

173 2081 202 2116 si
214 2079 314 2116 enim
327 2083 527 2126 tempestate
534 2081 740 2124 pra-cludere
748 2082 858 2113 maria

174 2132 329 2179 potuerit
343 2131 464 2167 dixisse
486 2131 630 2176 Florus,
647 2142 694 2166 111
709 2157 719 2175 ,
735 2131 773 2172 ὃ,
793 2144 856 2166 cur

174 2197 250 2220 non
264 2185 348 2220 'iter
388 2184 496 2231 possit
530 2184 670 2219 turbine
703 2183 816 2218 claudi
839 2183 856 2218 ?

179 2238 292 2272 Turbo
313 2242 432 2272 autem
456 2237 568 2283 poetis
594 2249 660 2271 vox
679 2235 855 2271 familiaris

174 2300 241 2334 pro
255 2288 414 2335 procella.
436 2289 568 2324 Bunm.

223 2341 296 2386 141.
329 2341 405 2376 Tua
418 2344 549 2385 prelia.
570 2340 738 2376 Francius
758 2339 857 2376 vole-

174 2392 234 2429 bat
247 2417 257 2436 ,
266 2391 350 2437 sem
355 2395 489 2437 prelia.

222 2446 295 2489 145.
309 2446 452 2481 Tenere.
462 2444 705 2488 Mox-etiunus,
713 2446 855 2480 turbare.

222 2497 295 2541 148.
319 2498 356 2532 A
374 2500 442 2532 tibi
461 2501 628 2542 suspecto.
659 2496 718 2531 Ad
740 2496 856 2543 Poly-

175 2547 347 2596 phemum
365 2549 551 2584 referenda
575 2555 657 2584 sunt
676 2548 770 2593 haec,
793 2562 857 2584 cu-

174 2603 231 2648 jus
253 2602 363 2648 gratia
386 2602 572 2647 Neptunus
590 2601 684 2636 Ulixi
702 2601 857 2637 infensus

174 2661 260 2690 erat.
270 2653 508 2690 Excaeeaverat
515 2654 612 2689 enim
618 2652 715 2688 illum
724 2654 856 2699 Ulixes,

175 2718 259 2745 cum
279 2706 526 2753 exprobatione
549 2719 612 2751 ea,
636 2713 677 2740 ut
701 2706 855 2752 diceret,

177 2771 293 2805 neque
321 2766 459 2806 patrem
478 2759 687 2805 Neptunum
708 2759 858 2794 auxilia-

177 2815 298 2847 turum
319 2811 368 2848 illi
387 2824 480 2857 esse,
505 2818 563 2847 aut
591 2810 732 2851 oculum
755 2811 860 2849 resti-

921 1614 1105 1644 tuturum:
1123 1608 1249 1657 Odyss.
1265 1619 1280 1643 1
1292 1636 1302 1654 ,
1321 1610 1395 1644 525.
1410 1609 1547 1644 Mlcrt.
1563 1626 1607 1636 —

920 1664 1032 1697 Duct‘l
1046 1663 1148 1697 Ulixe
1157 1674 1274 1706 genus.
1300 1661 1427 1707 Quum
1445 1661 1565 1697 multis
1583 1676 1602 1697 e

920 1713 1020 1758 locis,
1038 1714 1075 1748 in
1092 1715 1164 1760 ipsa
1180 1714 1244 1749 hac
1265 1713 1419 1760 Epistola
1431 1741 1440 1758 ,
1461 1721 1539 1749 tum
1561 1727 1602 1750 ex

920 1766 985 1801 hac
1009 1767 1225 1812 potissimum
1253 1766 1365 1802 Ulixis
1391 1766 1573 1802 mentione
1591 1792 1601 1810 ,

920 1826 1015 1865 patet
1023 1819 1123 1854 Hero
1132 1818 1405 1864 Leandrumque
1417 1845 1426 1862 ,
1437 1819 1603 1865 opinione

920 1878 1014 1905 certe
1036 1870 1156 1906 Ovidii
1169 1897 1178 1914 ,
1203 1870 1367 1915 Troianis
1388 1871 1603 1916 temporibus

920 1921 1023 1967 longe
1040 1922 1252 1956 recentiores
1272 1922 1446 1963 exstitisse.
1471 1923 1603 1958 Statius

921 1980 1040 2008 tamen
1049 1973 1221 2008 Thebano
1236 1973 1327 2008 bello
1340 1974 1420 2009 sacit
1429 1975 1606 2020 antiquio-

920 2039 995 2070 res,
1022 2039 1131 2071 quum
1154 2025 1295 2059 illorum
1311 2025 1515 2061 meminerit
1529 2053 1539 2070 ,
1565 2027 1603 2061 in

919 2079 1023 2126 pallio
1033 2106 1042 2123 ‚
1060 2091 1130 2124 quo
1145 2078 1298 2113 donatur
1309 2078 1479 2114 Admetes
1491 2080 1604 2116 vietor

921 2130 1057 2165 inludis
1071 2130 1114 2165 ad
1131 2130 1308 2165 tumulum
1319 2131 1529 2166 Archemori
1543 2146 1603 2168 ce·-

919 2182 1068 2217 lebratis.
1091 2182 1203 2217 Theb.
1219 2194 1277 2227 vr,
1297 2185 1371 2227 542.

969 2249 981 2269 1
989 2237 1040 2269 51.
1056 2236 1191 2269 Interea
1202 2237 1315 2270 lumen
1330 2242 1396 2270 etc.
1407 2235 1602 2271 Sternuta-

922 2287 1056 2322 tionem
1070 2287 1140 2320 sive
1152 2287 1325 2332 crepitum
1341 2287 1493 2323 lucernae
1509 2289 1603 2324 saus-

920 2345 998 2372 tum
1005 2338 1041 2372 in
1051 2338 1226 2373 amoribus
1234 2351 1340 2374 omen
1349 2341 1534 2385 praebuisse
1543 2341 1602 2375 do-

921 2396 976 2425 cet
990 2389 1134 2424 Anthol.
1156 2389 1344 2436 Graec.V11,
1364 2391 1482 2437 Epigr.
1500 2406 1558 2439 ¹77
1573 2406 1581 2427 ε

912 2440 1020 2488 ΝΗδῊ,
1055 2449 1174 2490 φίλτατε
1200 2448 1312 2490 λύχνε,
1338 2451 1402 2496 τρὶς
1430 2450 1558 2497 &woeffl-
1584 2449 1602 2488 ἦ

1009 2512 1094 2540 τκχα
1109 2502 1233 2546 τερπνὴν

964 2555 1007 2586 Ες
1036 2549 1186 2592 θαλάμους
1218 2553 1301 2593 ἥξειν
1327 2539 1494 2595 Δντιγᾶνην
1528 2565 1605 2600 προ-

1030 2602 1143 2645 Myer-53

920 2645 962 2692 ἐι
987 2656 1044 2704 γὰρ
1072 2656 1150 2699 ἅναξ
1176 2660 1222 2697 εἴη
1247 2654 1348 2691 ro'o*”
1335 2659 1479 2700 ετήτυμον
1497 2682 1508 2701 ,
1543 2658 1602 2695 οἷος

1054 2709 1215 2750 Απόλλων,
1470 2751 1472 2754 y

966 2767 1093 2802 θνητοῖς
1118 2760 1228 2804 μάντις
1262 2762 1340 2809 ἴσῃ,
1365 2765 1418 2799 καὶ
1445 2765 1482 2797 σύ
1520 2762 1600 2812 παρὰ

1054 2817 1184 2863 τρίποδι.
