1884 3112
419 661 848 719 EPISTOLAE
896 660 1667 732 DECIMAE-SEPTIMAE

777 824 1301 869 ARGUMENTUM.

422 980 467 1021 SI
489 994 570 1020 non
589 980 745 1034 accipiet
762 980 943 1034 scriptum
955 1009 968 1031 ‚
989 979 1233 1034 illectumque
1251 981 1415 1021 remittet
1426 1010 1439 1031 ‚

471 1050 671 1090 Lecturam
687 1064 793 1103 spera
806 1079 818 1101 ‚
838 1050 1152 1103 propositumque
1167 1058 1268 1089 tene.

417 1119 593 1174 Legerit‚
613 1128 651 1160 et
676 1120 774 1160 nolit
795 1119 1057 1160 rescribere....
1079 1119 1229 1174 Cogere
1251 1119 1357 1160 noli:

473 1190 540 1228 Tu
562 1190 678 1229 modo
702 1189 895 1230 blanditias
916 1189 973 1229 sac
990 1190 1090 1246 legat
1110 1191 1187 1243 ipsa
1203 1197 1302 1230 tuas.

421 1258 521 1308 Quae
540 1259 663 1300 voluit
687 1258 820 1316 legisse
836 1288 848 1310 ‚
872 1259 976 1300 volet
996 1259 1198 1300 rescribere
1215 1259 1320 1300 lectis
1336 1274 1348 1299 2

476 1330 550 1369 Per
568 1343 747 1370 numeros
765 1330 923 1371 veniunt
940 1330 1009 1370 ista
1034 1330 1246 1385 gradusque
1269 1343 1374 1370 suos.

423 1399 598 1440 Forsitan
615 1408 654 1440 et
671 1401 794 1454 primo
813 1400 939 1441 veniet
956 1399 1025 1440 tibi
1044 1400 1149 1440 litera
1166 1399 1303 1451 tristis,

476 1470 653 1524 Quaeque
668 1478 797 1526 roget,
815 1484 864 1528 rie
878 1484 918 1510 se
939 1470 1136 1511 sollicitare
1154 1471 1303 1511 velis....

424 1540 544 1590 Quod
566 1548 675 1595 rogat
693 1540 778 1591 illa,
798 1540 904 1580 timet
921 1556 930 1579 :
949 1540 1055 1593 quod
1068 1554 1149 1580 non
1165 1549 1274 1594 rogat
1287 1568 1301 1591 ‚
1326 1547 1432 1594 optat
1452 1548 1496 1581 ut
1507 1539 1636 1582 instes.

479 1612 705 1664 Insequere3
731 1618 770 1650 et
782 1610 864 1654 voti
877 1619 965 1664 post
980 1610 1095 1650 modo
1111 1624 1267 1663 compos
1285 1610 1370 1651 eris.

1044 1678 1143 1723 (Art.
1160 1677 1276 1713 Amat.
1291 1688 1328 1722 1,
1355 1677 1420 1725 459
1431 1703 1441 1723 ,
1458 1678 1555 1723 sqq.)

392 1784 541 1820 summa
553 1784 627 1820 haec
643 1792 694 1820 est
706 1784 811 1821 totius
830 1785 990 1832 Epistolae
1006 1785 1110 1831 huius
1123 1811 1133 1829 ‚
1154 1785 1191 1820 in
1207 1797 1275 1831 qua
1286 1810 1296 1829 ,
1313 1785 1478 1831 quidquid
1491 1785 1617 1821 artisin
1633 1786 1750 1822 animo

318 1863 323 1868 =
348 1844 510 1880 muliebri
531 1845 621 1880 inest
633 1871 642 1889 ,
667 1852 707 1880 ut
727 1846 873 1880 amantis
897 1845 1067 1891 impetum
1096 1845 1203 1880 modo
1229 1845 1421 1891 supprimat
1435 1871 1445 1890 ‚
1474 1845 1594 1881 incitet
1618 1846 1725 1882 modo
1736 1873 1747 1892 ,

349 1915 448 1949 spem
464 1910 669 1949 metumque
686 1904 814 1939 vicibus
826 1904 964 1940 alternis
975 1905 1021 1940 ita
1032 1912 1225 1951 temperet,
1240 1911 1280 1940 ut
1294 1905 1507 1951 propositum
1522 1905 1632 1941 finem
1645 1907 1751 1942 miser

349 1977 533 2009 nunquam
551 1970 668 2010 tangat
693 1965 834 2010 propior
847 1991 857 2008 ‚
879 1977 984 2010 quam
1009 1978 1118 2010 quum
1142 1965 1277 2011 longius
1301 1966 1477 2012 repulsum
1499 1979 1535 2001 se
1559 1966 1749 2010 existimat,

351 2024 553 2059 mirabiliter
562 2024 648 2059 adeo
657 2024 904 2070 depromptum
914 2032 965 2060 est
977 2052 987 2070 ‚
1003 2032 1044 2060 ut
1056 2025 1224 2061 Ovidium
1237 2025 1433 2061 Heroidum
1441 2026 1587 2063 omuino
1599 2026 1750 2071 nullam,
1771 2037 1773 2039 '

352 2095 460 2129 quam
473 2096 548 2119 uon
562 2083 653 2120 hanc
668 2083 858 2129 Epistulam
868 2112 879 2131 ,
894 2084 1061 2131 scripsisse
1082 2086 1196 2133 potius
1209 2085 1423 2124 crediderim.
