1884 3112
599 246 796 292 PARIS
836 247 1143 292 HELENAE.

1490 251 1576 296 285

166 326 280 378 Ecce
301 323 466 394 pedum
486 322 621 391 pulsu
642 323 736 388 visa
758 335 826 373 est
845 323 956 372 mihi
977 335 1092 374 terra
1108 324 1273 373 moveri
1292 343 1303 373 :

232 405 347 453 Vera
368 401 554 468 loquar,
578 399 670 450 veri
687 400 760 449 vix
782 401 991 450 habitura
1011 401 1157 451 fidem.
1414 448 1417 449 γ
1537 418 1582 451 60

168 479 382 530 Constitit
404 490 504 527 ante
529 476 707 535 oculos,
732 489 856 526 actus
873 477 1100 527 velocibus
1120 478 1222 538 alis,

170 610 183 625 .-.
231 555 427 606 Atlantis
447 555 598 619 magni
620 553 914 621 Pleionesque
935 573 1090 621 nepos.

167 637 253 685 Fas
269 634 429 683 vidisse
452 632 560 691 fuit;
584 633 651 681 fas
674 631 733 680 sit
753 631 865 680 mihi
887 631 980 680 visa
1001 631 1188 680 referre:

233 715 374 780 Inque
395 711 482 776 Dei
504 710 656 774 digitis
677 728 808 758 aurea
829 709 952 772 virga
972 708 1071 758 fuit.
1573 766 1576 770 ἦ

168 792 370 857 Tresque
393 787 529 838 simul
546 788 669 837 Divae
682 823 696 845 ,
717 787 871 835 Venus
886 823 898 845 ,
924 797 969 834 et
992 804 1091 834 cum
1111 783 1290 834 Pallade
1312 786 1433 835 Juno
1450 824 1463 846 ,
1544 802 1588 836 65

237 865 525 916 Graminibus
549 876 723 913 teneros
746 863 998 930 imposuere
1019 863 1169 931 pedes.

170 945 423 1013 Obstupui,
448 942 708 1009 gelidusque
732 956 878 990 comas
901 953 1098 991 erexerat
1119 942 1305 1001 horror3

233 1025 389 1089 Quum
410 1021 548 1071 mihi:
572 1043 596 1064 «
621 1020 744 1069 Pone
767 1030 957 1077 metum,
983 1019 1169 1068 nuntius
1193 1018 1282 1068 ales
1304 1020 1377 1068 ait.

168 1101 350 1151 Arbiter
371 1119 418 1149 es
440 1098 592 1147 formae
615 1117 625 1146 :
653 1097 892 1146 certamina
912 1096 1016 1146 siste
1041 1098 1262 1155 Dearum3

170 1176 173 1178 ’
231 1177 420 1227 Vincere
443 1195 540 1243 quae
562 1175 705 1224 forma
729 1174 863 1237 digna
886 1173 946 1222 sit
967 1192 1057 1222 una
1080 1173 1201 1222 duas.
1226 1195 1250 1216 n
1547 1201 1590 1235 70

168 1258 289 1306 Neve
310 1273 581 1313 recusarem,
602 1252 751 1302 verbis
773 1253 802 1300 J
805 1251 900 1300 ovis
923 1251 1112 1319 imperat
1130 1270 1140 1299 ε
1165 1262 1209 1300 et
1233 1270 1279 1300 se

215 1415 269 1462 ⁵9·
290 1414 384 1449 Ecce
403 1413 527 1458 pedum
541 1413 651 1457 pulsu.
672 1409 725 1445 Ex
748 1409 848 1456 siguo

169 1465 360 1503 adveutum
381 1464 530 1500 deorum
549 1462 685 1509 colligit.

213 1518 268 1553 60.
299 1519 387 1554 Vera
408 1519 544 1562 loquar,
568 1518 645 1550 veri
662 1517 723 1549 vix
748 1515 850 1548 habi-

170 1574 256 1605 tum.
279 1568 514 1606 scribendum
527 1580 639 1604 veram
646 1568 773 1613 fidem,
790 1571 849 1601 aut

171 1624 355 1669 ven'fidem
364 1647 374 1663 ,
390 1627 568 1667 utsupra:

205 1677 303 1711 Accipe
312 1685 373 1702 cum
383 1684 444 1702 ven
451 1676 522 1701 dictu
530 1674 610 1700 relata
622 1673 680 1699 fide.

171 1725 278 1773 Apud
305 1725 496 1762 Maronem
518 1736 658 1770 quoque
682 1722 766 1758 AEn.
781 1732 848 1766 111,

171 1778 257 1823 316,
267 1778 305 1823 in
315 1777 489 1814 codicibus
503 1776 681 1813 nonnullis
694 1774 851 1811 vetustis:

170 1833 213 1866 Ne
224 1833 317 1859 dubit·
327 1852 337 1866 ‚
350 1842 411 1859 mm
424 1842 486 1859 vern
496 1832 568 1858 fides.
615 1867 618 1869 .
644 1833 751 1857 Huius.

216 1882 270 1918 61.
297 1883 459 1918 Constitu
465 1886 546 1916 ante
556 1883 679 1917 oculos.
694 1879 789 1915 Cum
798 1879 852 1914 his

172 1941 210 1970 et
218 1934 442 1980 sequentibus
457 1934 546 1969 mire
561 1933 760 1979 conspirare
778 1931 853 1967 Co-

172 1986 332 2032 lutbum,
347 1988 390 2031 de
400 1988 516 2033 Baptu
525 1987 680 2026 Helene,
693 1998 780 2020 vers.
792 1998 805 2019 ι
814 1997 853 2031 19

175 2046 211 2074 et
240 2052 314 2086 sqq.
349 2040 483 2075 notavit
511 2038 720 2085 jamdudum
741 2038 793 2072 vir
816 2036 853 2070 in

173 2092 297 2128 litteris
327 2093 444 2139 graecis
470 2091 720 2127 versatissimus
749 2090 853 2125 Joan.

175 2144 269 2180 Dan.
294 2145 470 2189 Lunum,
494 2145 532 2179 in
557 2143 719 2190 praeclara
749 2154 855 2188 quam

177 2196 358 2232 adornavit
383 2196 547 2233 carminis
566 2196 672 2242 hujus
691 2194 855 2231 editione.

176 2249 270 2285 Rem
289 2261 429 2295 quoque
451 2249 624 2285 Lucianus
648 2247 762 2294 lepide
786 2246 855 2282 ad-

176 2301 324 2336 modum
335 2328 345 2346 ,
363 2309 399 2337 et
409 2302 543 2346 festivo,
558 2313 628 2347 quo
639 2300 738 2344 solet,
757 2312 856 2334 more

178 2353 334 2401 exposuit
346 2379 358 2398 ,
372 2354 411 2389 in
427 2361 510 2391 θεῶν
526 2358 646 2404 Κρίσει.

220 2406 277 2442 62.
298 2407 455 2442 Atlanta:
480 2409 597 2451 magni
608 2433 616 2446 ‚
639 2407 858 2451 Plei'onesque

176 2471 291 2503 nepos.
314 2458 401 2494 Haec
426 2459 527 2494 lectio
551 2458 678 2494 melior
692 2484 701 2502 ,
727 2472 856 2504 quam,

123 2540 125 2542 .
179 2518 220 2546 ut
228 2510 857 2557 quidamhabent‚Atlant1·squcm-pos,

178 2565 523 2609 Plei'onesquestepos.
535 2563 694 2599 Tametsi
707 2563 803 2599 enim
815 2563 861 2599 fi·-

180 2629 304 2663 guram
314 2622 515 2663 captarunt,
528 2616 587 2662 qui
599 2616 646 2651 sic
661 2615 798 2662 legunt:
809 2623 860 2652 est

181 2675 302 2704 tamen
331 2664 450 2715 inepta
477 2668 659 2704 affectatio.
693 2669 862 2715 Intelligit

182 2727 301 2756 autem
340 2721 560 2756 Mercurium
577 2747 586 2765 ‚
615 2721 714 2767 cujus
749 2728 863 2756 mater

183 2770 279 2809 Maia
289 2773 374 2818 suit,
389 2773 460 2809 filia
474 2773 624 2810 Atlantis
641 2781 676 2810 et
691 2773 862 2810 Pleiones.

956 1408 1010 1444 63.
1023 1410 1094 1443 Fas
1107 1401 1245 1445 v'idztrse.
1263 1410 1371 1445 Hunc
1383 1422 1469 1445 vers.
1485 1410 1594 1446 Slich-

914 1460 1125 1496 tenhorstius
1147 1467 1183 1496 et
1205 1461 1371 1497 Francius
1394 1462 1593 1508 parenthesi

914 1512 1169 1548 includendum
1183 1514 1369 1558 censebant
1381 1514 1593 1550 :solemnem

914 1577 997 1600 vero
1014 1564 1106 1600 hanc
1120 1566 1156 1600 in
1174 1579 1317 1601 occursu
1336 1567 1496 1602 Deorum
1512 1581 1595 1613 pre-

913 1617 1088 1653 cationem
1110 1618 1291 1653 illustravit
1312 1618 1446 1664 Lipsius
1457 1646 1466 1663 ‚
1479 1619 1521 1654 ad
1538 1619 1595 1654 illa

915 1670 1037 1706 Senec.
1050 1670 1157 1716 Epist.
1174 1680 1264 1706 cxv:
1279 1671 1400 1716 Utsas
1409 1675 1458 1706 sit
1466 1674 1594 1707 vidisse

914 1726 1040 1758 tacitus
1049 1727 1214 1767 precatur.
1234 1722 1364 1758 BURM.

957 1777 1011 1820 64.
1035 1778 1138 1822 Inque
1153 1777 1226 1810 Dei
1242 1777 1357 1820 degum
1374 1788 1477 1810 aurea
1500 1779 1596 1821 virga

906 1828 991 1874 suit.
1014 1828 1147 1863 Alludit
1165 1828 1207 1863 ad
1224 1827 1493 1873 descriptionem
1510 1829 1596 1863 Vir-

917 1881 987 1926 gilii
1001 1881 1084 1916 AEn.
1101 1892 1141 1916 1v
1154 1907 1163 1924 ,
1188 1882 1251 1924 242
1264 1893 1272 1915 :
1287 1881 1345 1926 qui
1356 1881 1488 1927 virgam
1504 1881 1595 1917 hane

917 1933 1097 1968 Mercurio
1114 1932 1243 1967 tribuit.

961 1985 1014 2020 68.
1037 1987 1130 2020 Pone
1143 1988 1266 2019 melum
1266 2011 1318 2019 .....
1332 1987 1460 2020 arbiter
1472 1998 1511 2020 es
1516 1985 1598 2031 for-

918 2051 979 2072 ma·
1003 2044 1067 2072 etc.
1093 2037 1276 2072 Verbatim
1301 2037 1373 2072 fere
1400 2050 1440 2071 ex
1467 2038 1596 2076 Ovidio

922 2088 1094 2124 coluthus
1105 2116 1114 2132 ,
1130 2089 1184 2124 vel
1199 2089 1258 2134 qui
1277 2089 1339 2124 sub
1361 2089 1436 2134 ejus
1451 2092 1595 2127 nomine

919 2154 1061 2177 carmen
1092 2141 1186 2176 haud
1210 2140 1388 2187 illepidum
1417 2144 1460 2177 de
1481 2145 1598 2189 Rapta

919 2196 1058 2230 Helene
1074 2193 1215 2240 scripsit.
1231 2204 1274 2238 v,
1295 2195 1355 2228 125
1369 2206 1379 2229 z

919 2248 1034 2298 Toipssog
1060 2247 1244 2298 ἄκοῖορίψας,
1271 2251 1324 2283 καὶ
1338 2249 1420 2282 πώεα
1442 2249 1520 2283 καλὰ
1538 2264 1599 2293 με-

1012 2303 1103 2340 θήσας
1115 2324 1126 2343 ,

851 2383 853 2385 ’
921 2360 961 2390 ΔΞ
966 2360 1014 2404 17(ae
1026 2353 1235 2398 θέμιςεῦστιας
1247 2352 1445 2401 ἕπουρανιόισι
1459 2353 1600 2395 δικάζων.

924 2413 1014 2452 Δεῦρο
1035 2409 1192 2454 διακρίνων
1207 2406 1415 2455 ‹prefici-[⁴31⁴
1433 2409 1510 2444 :wa
1526 2406 1600 2442 ὄπω-

1008 2467 1066 2501 ’ῐῆἰ
1075 2485 1084 2503 2

922 2514 1105 2563 ‘beced‘port'pp
1122 2513 1190 2546 τόδε
1209 2515 1322 2556 μῆλον,
1341 2512 1484 2560 ‘'ripen-ov
1500 2513 1598 2561 ἔρνος,

1012 2579 1168 2602 πασσαις.

966 2616 1019 2664 69.
1046 2617 1237 2650 Cedamina
1252 2617 1335 2649 siste
1345 2614 1502 2648 Beatum.
1514 2613 1603 2654 Siste

925 2667 1027 2712 dixit,
1042 2681 1104 2714 pro
1115 2694 1125 2711 ‚
1141 2679 1311 2713 compone
1321 2692 1330 2710 ,
1345 2673 1380 2700 et
1393 2665 1467 2700 fini.
1485 2666 1604 2700 Ceda-

923 2724 1015 2756 mina
1038 2727 1155 2755 autem
1179 2719 1378 2765 pluraliter,
1395 2730 1460 2763 pro
1483 2724 1602 2754 certa-

926 2787 1008 2809 men
1023 2800 1032 2819 ,
1050 2773 1115 2809 κατ’
1132 2776 1301 2818 ἶναλλαγὴν.
1317 2771 1454 2807 Minu„
