1884 3112
0 2037 11 2096 UA'}

0 2663 6 2693 ,η
0 2580 9 2653 ..m-‚-
0 2532 10 2562 vv
0 2397 11 2522 swa-‚nv
0 2243 12 2386 -mqe-u—-r
0 2100 11 2233 vnn-anv-

0 1932 16 2032 ἕξ,

507 282 865 330 DEJANIRA
913 282 1246 330 HERCULI.
1505 287 1583 331 183

228 377 290 427 Et
310 375 415 426 tulit
437 395 461 427 e
483 388 614 445 capto
638 388 748 427 nota
771 388 940 444 tropaea
961 376 1070 426 viro.

165 453 188 502 1
208 473 348 513 nunc,
374 452 480 503 tolle
502 454 692 512 animos,
715 448 762 503 et
782 452 916 502 fortia
939 464 1062 517 gesta
1083 453 1284 504 recense!
1525 470 1588 503 105

231 530 370 595 Quod
393 542 443 580 tu
467 551 559 580 non
582 550 700 581 esses
719 532 840 597 jure,
865 531 932 581 vir
954 530 1031 579 illa
1052 530 1150 580 suit.

167 605 272 670 Qua
295 618 420 656 tanto
442 607 591 656 minor
612 626 680 666 es,
708 619 876 674 quanto
901 619 964 667 te,
988 607 1174 658 maxime
1196 628 1342 660 rerum
1356 646 1368 668 ‚

232 684 381 749 Quam
404 704 518 752 quos
540 685 705 744 vicisti,
730 685 902 734 vincere
924 684 1066 750 majus
1089 696 1195 734 erat.

165 759 239 810 Illi
258 761 460 828 procedit
482 781 629 811 rerum
652 780 860 810 mensura
883 773 1059 810 tuarum
1078 780 1089 810 :

229 838 348 888 Cede
369 837 529 896 bonis;
551 837 680 887 heres
703 836 848 887 laudis
872 838 1010 887 amica
1032 850 1131 887 tuae.
1531 863 1591 886 ιιο

165 916 254 964 Pro
277 914 446 982 pudor!
469 915 632 965 hirsuti
656 927 801 964 costas
825 927 957 965 exuta
978 915 1123 965 leonis
1315 916 1317 918 ’

227 995 400 1062 Aspera
422 1006 626 1044 texerunt
649 993 810 1044 vellera
831 993 967 1044 molle
991 993 1119 1043 latus.

164 1136 288 1173 tissacit
298 1163 309 1182 ,
325 1143 365 1172 ut
374 1137 477 1173 aliam
488 1150 645 1184 quaerere
657 1137 846 1173 lectionem

164 1189 239 1224 otio
245 1189 498 1225 abutentisesse
506 1197 638 1236 putem.
648 1189 706 1225 Sic
712 1190 769 1225 lib.
777 1201 845 1234 ΧΠ,

165 1240 316 1276 {Metam-
338 1241 402 1286 462
413 1268 424 1287 ,
449 1255 490 1277 ex
514 1241 705 1277 Basileensi
728 1241 847 1277 codice

165 1293 395 1329 rescriberem
407 1307 416 1330 :

270 1365 301 1375 ...
313 1349 429 1375 Ian-thu
439 1349 529 1384 spolii}
538 1355 646 1376 omarus
656 1351 758 1376 Halesi.

170 1399 245 1435 Ubi
254 1399 359 1446 vulgo
367 1403 520 1435 amatus
529 1410 542 1443 ‚·
554 1407 591 1435 et
599 1399 657 1435 lib.
669 1410 755 1444 xm,
770 1413 829 1435 122
841 1411 850 1434 :

170 1460 255 1486 Arm
270 1461 322 1486 viri
332 1460 408 1486 soni·
419 1460 518 1486 medio·
529 1461 667 1486 mittantur
675 1461 702 1485 in
714 1460 816 1491 hostes,

169 1509 236 1535 Inde
245 1509 336 1544 jubete
346 1510 400 1544 peti
405 1529 416 1542 ,
427 1514 454 1535 et
467 1509 621 1535 referentem
633 1515 728 1535 ornato
734 1509 831 1534 rel-tis.

170 1559 246 1594 Ubi
267 1571 452 1607 perperam
475 1558 618 1605 quidam
633 1558 768 1595 codices
784 1570 850 1592 ar·-

169 1615 274 1661 mle.
293 1613 423 1648 oman
436 1615 475 1647 et
493 1625 632 1647 onemn·
645 1610 851 1647 solemniter

167 1670 417 1710 permutarunt
427 1663 566 1699 librarii.
576 1662 658 1700 Vid.
667 1662 793 1698 Heius.
806 1661 850 1696 ad

169 1715 288 1752 Valer.
303 1716 396 1752 Flac.
415 1716 474 1752 lib.
488 1727 552 1762 111,
575 1730 607 1764 9.
622 1733 667 1744 —·
683 1717 851 1750 lardamzr.

168 1768 440 1816 Patronymicczs
473 1767 607 1804 dictum
638 1769 754 1814 accipe
767 1794 789 1812 ‚1
808 1767 851 1802 ab

169 1823 319 1856 ladano
332 1849 342 1863 ‚
366 1829 467 1868 patre
493 1821 698 1868 Omphales.

217 1875 291 1918 1⁰4.
311 1875 350 1909 E
365 1877 447 1909 tulit
464 1887 485 1909 e
504 1879 606 1920 capto
626 1878 709 1910 nota
724 1878 853 1919 tropoea

168 1928 252 1960 vim.
264 1927 359 1961 Bina
371 1930 514 1972 tmpea,
530 1940 623 1962 unus
638 1926 829 1962 Vaticanus
841 1952 852 1970 ‚

171 1983 209 2012 et
224 1977 450 2023 Basileeusis,
467 1985 503 2015 et
519 1979 766 2014 Gronovianus
789 1991 854 2024 pro

172 2029 308 2066 diversa
321 2031 470 2068 lectione
483 2032 666 2073 exhibent3
680 2030 775 2076 quod
786 2031 856 2076 pla-

174 2090 246 2118 cet:
257 2083 437 2130 quomodo
445 2092 482 2120 et
495 2085 707 2119 Erfurtanus
718 2109 727 2126 ,
740 2090 775 2117 et
792 2083 857 2117 Ex-

174 2142 294 2182 cerpta
321 2137 445 2173 vossii.
475 2137 640 2172 Alterum
661 2136 757 2171 enim
774 2143 857 2170 tro-

177 2201 296 2234 paeum
318 2189 363 2224 de
385 2202 506 2224 amore
526 2190 601 2235 ejus
616 2202 625 2224 ι
643 2188 793 2224 alterum
815 2187 859 2223 de

178 2242 293 2288 spoliis
307 2242 400 2278 hisce
418 2243 507 2277 tulit.
525 2243 660 2277 Heius.

226 2296 301 2329 105.
315 2295 449 2336 Iaunc,
468 2297 549 2329 tolle
563 2297 695 2329 animos
708 2300 772 2328 etc.
787 2294 861 2328 Iro-

179 2346 257 2382 nice
269 2372 279 2390 ,
311 2352 352 2381 ut
367 2347 571 2381 monuimus
583 2373 593 2390 ‚
617 2358 695 2392 quae
723 2347 862 2381 sortiter

179 2405 217 2433 et
246 2398 411 2444 praeclare
439 2399 580 2445 gesserit
600 2425 610 2442 ,
639 2405 798 2433 recenset
826 2405 862 2433 et

181 2451 313 2487 extollit
324 2477 334 2495 ‚
352 2463 422 2496 quo
436 2451 552 2496 major
566 2450 648 2486 inde
665 2451 702 2485 in
722 2451 864 2486 Hercu-

181 2504 253 2540 lem
266 2502 397 2538 invidia
412 2503 607 2538 concitetur
618 2529 628 2548 ,
641 2503 701 2548 qui
713 2508 786 2537 tam
796 2501 864 2537 ho-

182 2554 381 2591 norandam
394 2556 502 2591 vitam
516 2555 610 2601 turpi
625 2554 712 2590 adeo
729 2554 863 2590 macula

181 2608 327 2643 inficere
344 2620 418 2642 non
436 2607 581 2642 dubitet.

229 2660 304 2695 106.
329 2662 430 2704 Quod
439 2664 476 2694 tu
491 2673 568 2694 non.
601 2661 705 2704 Quem
727 2661 864 2695 Putea-

144 2755 148 2759 .
183 2725 282 2748 neus.
294 2712 402 2748 Forte
413 2723 533 2758 quam,·
547 2711 602 2747 vel
613 2719 652 2747 ut
666 2712 752 2747 alter
763 2713 866 2747 Men-

186 2764 334 2799 telianus
348 2778 356 2799 :
378 2767 451 2808 Quo
467 2768 504 2799 Iu
519 2778 585 2799 non
600 2777 695 2799 esses
700 2765 782 2809 jure
794 2768 864 2807 vir,

187 2817 361 2862 illdsoml.
388 2817 522 2853 HEINS.
547 2817 625 2863 Ego
641 2817 728 2852 nihil
748 2823 865 2851 muto:

910 1137 967 1172 illa
983 1137 1049 1173 suit
1062 1136 1115 1171 vir
1126 1162 1136 1181 ,
1153 1135 1248 1182 quod
1265 1142 1305 1170 tu
1318 1135 1396 1180 jure
1413 1142 1449 1170 et
1463 1134 1591 1170 merito

912 1202 985 1224 uon
1002 1196 1138 1235 poteras
1161 1201 1233 1224 esse
1247 1202 1256 1230 ;
1281 1187 1341 1222 sed
1366 1187 1498 1222 semina
1521 1186 1591 1221 de-

912 1242 1016 1276 bebas
1026 1241 1092 1276 dici
1104 1247 1248 1286 propter
1254 1240 1448 1275 mollitiam.
1462 1240 1593 1274 BURM.

962 1306 1035 1341 ¹⁰9·
1052 1295 1219 1328 Procedit.
1231 1293 1312 1328 Hoc
1326 1299 1396 1336 est,
1408 1291 1457 1326 illi
1470 1304 1597 1326 accres-

915 1346 962 1381 cit
972 1372 982 1390 ‚
1001 1358 1039 1381 ac
1052 1345 1148 1381 velut
1162 1345 1199 1380 in
1214 1345 1329 1391 majus
1344 1352 1499 1391 augetur.
1515 1345 1594 1378 Pro-

917 1401 1028 1440 cedal,
1042 1411 1134 1434 unus
1147 1398 1346 1433 Vaticanus.
1361 1397 1474 1433 Simili
1486 1395 1594 1431 modo

915 1451 1007 1498 apud
1025 1452 1248 1487 Sallustium:
1265 1453 1395 1497 Quippe
1414 1450 1596 1495 benefacta

914 1513 992 1539 mea
1005 1507 1197 1549 reipublicae
1211 1506 1407 1550 pmcedunt.
1426 1506 1514 1538 Proh
1535 1516 1595 1537 ce·-

915 1558 986 1598 dit,
1007 1557 1227 1601 Puteaneus,
1251 1570 1271 1592 a
1291 1569 1403 1591 manu
1425 1555 1596 1591 secunda:

915 1615 995 1644 tum
1006 1611 1166 1655 sequenti
1180 1622 1284 1644 versu
1303 1612 1348 1644 Τὲ
1363 1612 1419 1644 est
1432 1607 1539 1651 tollit,
1557 1613 1598 1640 ut

915 1668 953 1696 et
968 1661 1024 1696 alii
1037 1674 1111 1696 non
1123 1662 1232 1708 pauci.
1246 1662 1381 1696 Hssms.

964 1727 978 1748 1
987 1727 999 1748 1
1009 1728 1022 1748 1
1029 1741 1036 1748 .
1046 1716 1114 1749 Pm
1115 1714 1240 1760 pudor!
1248 1716 1373 1748 hirsuti
1377 1715 1482 1748 costis
1491 1715 1597 1746 exuta

916 1768 1026 1801 leom's
1046 1769 1190 1802 Vellera.
1219 1768 1342 1802 costas
1362 1770 1468 1801 exuta
1480 1791 1490 1809 ,
1515 1764 1596 1799 ele-

915 1819 1010 1865 ganti
1020 1819 1211 1855 Graecismo
1219 1821 1432 1863 Puteaneus,
1443 1825 1478 1853 et
1489 1819 1597 1853 Fran-

918 1873 1140 1916 edunensis,
1164 1879 1200 1908 et
1223 1872 1310 1907 alter
1331 1870 1571 1906 Mentelianus
1587 1896 1596 1913 ,

919 1925 979 1970 qui
992 1932 1028 1959 et
1037 1938 1100 1969 pro
1111 1926 1237 1970 pudor!
1252 1925 1301 1960 sic
1312 1928 1433 1958 exutus
1447 1926 1576 1957 senium
1588 1948 1597 1961 ,

920 1977 1007 2012 Silio
1018 1977 1149 2021 Italico,
1164 1977 1221 2012 lib.
1232 1988 1285 2021 vr,
1298 1989 1379 2018 1003
1397 1982 1432 2010 et
1441 1975 1499 2009 lib.
1514 1984 1584 2009 xm
1590 2001 1599 2018 ,

924 2042 988 2064 120
998 2042 1006 2063 :
1017 2029 1240 2074 exutasbram
1250 2055 1260 2073 ‚
1271 2027 1314 2063 de
1325 2040 1437 2063 cerva.
1449 2027 1536 2063 Stat.
1547 2037 1599 2070 lx,

923 2081 1035 2117 Theb.
1057 2082 1139 2116 103:

921 2139 1027 2164 Exutus
1039 2146 1116 2162 canos
1126 2138 1208 2165 lacero
1216 2136 1361 2162 diademate
1372 2136 1466 2161 crines.

924 2187 972 2222 Et
996 2186 1168 2232 praecipue
1182 2213 1192 2230 ,
1217 2186 1274 2221 lib.
1301 2197 1324 2221 x
1336 2211 1346 2230 ‚
1371 2185 1436 2229 643
1450 2210 1460 2229 ,
1478 2182 1521 2218 de
1538 2182 1604 2218 hoc

923 2239 997 2285 ipso
1015 2238 1189 2274 Hercule:

1263 2298 1304 2325 Sic
1313 2298 1398 2333 Lydia
1407 2299 1465 2331 conj
1472 2307 1505 2323 ux

925 2348 1178 2383 Amphitryoniaden
1188 2354 1296 2374 exutum
1306 2348 1438 2374 horrentia
1448 2354 1517 2379 terga

926 2400 1035 2425 Perdere
1050 2399 1168 2424 Sidonios
1176 2397 1290 2422 humeris
1298 2397 1397 2422 ridebat
1406 2396 1525 2421 amictus.
1536 2395 1573 2421 H.

926 2468 971 2475 —
986 2449 1024 2484 Si
1041 2461 1078 2483 re
1094 2461 1176 2483 vera
1194 2447 1236 2483 ab
1252 2446 1372 2483 Ovidii
1391 2458 1516 2480 manus
1532 2451 1583 2478 est
1597 2471 1605 2487 ,

926 2502 1024 2537 valde
1038 2508 1088 2536 est
1099 2500 1251 2536 notabile
1263 2498 1462 2544 exemplum
1471 2496 1609 2532 rarioris

925 2554 1132 2603 hypallages.
1157 2553 1248 2587 Nam
1263 2579 1272 2596 ‚
1290 2558 1329 2586 ut
1344 2557 1437 2585 recte
1457 2548 1608 2585 Forcel-

928 2607 1019 2642 linus
1043 2606 1080 2640 in
1105 2605 1229 2640 Lexico
1243 2631 1252 2648 ,
1278 2604 1403 2639 usitata
1431 2601 1610 2650 hypallage

930 2667 1021 2702 erat,
1041 2662 1147 2693 cosla·
1161 2661 1271 2692 exuta·
1281 2658 1427 2699 vellera,
1444 2653 1485 2689 ad
1506 2665 1613 2698 quam

929 2712 1035 2746 etiam
1051 2710 1230 2756 pertinent
1247 2709 1319 2754 ipsa
1336 2708 1378 2742 ab
1396 2706 1544 2742 Heinsio
1564 2705 1614 2739 ci-

932 2771 1002 2799 tata
1010 2763 1065 2798 hic
1073 2761 1239 2808 exempla.
1252 2761 1398 2796 Dubitat
1407 2759 1564 2804 Lenncp.
1574 2770 1617 2791 an

930 2817 1036 2863 praese
1042 2823 1092 2850 rat
1106 2843 1113 2859 ‚
1131 2816 1383 2850 Ilirsalt‘cosltlt
1390 2817 1496 2847 exuta
1506 2813 1623 2846 leonis.
