1884 3112
700 255 852 305 Nux
892 258 1174 307 ELEGIA.
1562 265 1649 322 455

293 348 520 417 Coepimus
540 348 588 397 in
610 351 784 417 patulas
807 352 1028 404 luxuriare
1053 370 1220 405 comas.·

1611 385 1654 408 20

226 426 359 477 Nunc
381 446 526 494 neque
550 429 786 479 continuos
808 444 1052 482 nascuntur
1074 453 1209 500 poma
1231 452 1312 501 per
1329 426 1471 484 annos
1491 454 1502 495 ;

296 506 480 572 Uvaque
503 505 604 555 laesa
628 507 830 568 domum,
856 507 1046 577 laesaque
1068 511 1204 560 bacca
1226 512 1358 561 venit.

229 583 361 633 Nunc
383 595 559 632 uterum
581 584 729 644 vitiat,
756 605 853 653 quae
875 586 972 636 vult
993 587 1189 638 formosa
1209 589 1348 639 videri
1369 607 1380 637 :

231 699 237 707 ,
296 661 501 728 Raraque
520 661 568 709 in
588 661 673 710 hoc
696 681 787 712 aevo
810 675 898 723 est,
925 684 1023 731 quae
1045 665 1152 715 velit
1174 685 1268 717 esse
1292 686 1466 735 parens,

233 737 362 788 Certe
385 758 492 802 ego,
516 739 555 788 si
577 758 819 808 numquam
840 743 1132 809 peperissem,
1160 745 1302 795 tutior
1324 766 1476 797 essem.
1614 763 1658 798 25

298 818 389 874 lsta
412 817 734 884 Clytemnestra
757 819 892 882 digna
915 820 1092 887 querela
1114 822 1213 870 fuit.

231 894 282 944 Si
304 895 415 944 sciat
433 894 520 944 hoc
542 895 670 953 vitis,
694 908 923 946 nascentes
947 899 1195 965 supprimet
1218 919 1324 949 uvas
1342 920 1354 959 ;

298 972 533 1040 Orbaque‚
559 973 599 1022 si
622 974 731 1023 sciat
753 974 858 1032 hoc,
885 975 1078 1025 Palladis
1103 977 1236 1026 arbor
1258 979 1355 1027 erit.

233 1049 335 1100 Hoc
355 1051 404 1100 in
423 1051 629 1100 notitiam
648 1052 794 1101 veniat
815 1052 1019 1119 maloque
1044 1073 1270 1121 pyroque;

296 1129 556 1179 Destituent
578 1129 708 1179 silvas
727 1123 914 1197 u‘traque
938 1150 1072 1198 poma
1092 1150 1210 1183 suas·
1614 1151 1658 1185 30

235 1277 311 1302 non
322 1266 430 1302 semel
438 1267 611 1303 meminit.
624 1267 765 1304 Tacitus
775 1268 818 1305 de
830 1268 918 1305 Ger-

236 1317 378 1353 mania:
403 1320 496 1354 Satelr
516 1320 626 1365 [ηει-
640 1347 649 1361 ,
674 1320 917 1366 frugiferarum

237 1373 390 1406 adonem
413 1375 602 1417 impah'ms.
634 1373 675 1408 B.
710 1392 754 1400 -—
781 1375 822 1409 Si
847 1387 918 1408 nux

237 1426 338 1460 mdo
362 1438 475 1470 ponor
498 1429 535 1460 in
560 1428 640 1461 illis.
667 1427 829 1462 Modeste
852 1427 917 1462 ni-

238 1477 354 1512 mium
363 1477 419 1512 vix
429 1490 465 1513 se
475 1478 570 1513 inter
569 1478 775 1525 sruct1‘seras
783 1482 919 1514 arbores

239 1529 342 1576 ponit
350 1529 612 1565 recensendam.
624 1550 669 1558 —
677 1534 799 1567 Ponat.
807 1535 925 1568 Ponat

241 1581 374 1628 Regius
388 1588 424 1617 et
438 1581 511 1617 duo
525 1582 591 1618 alii.

283 1646 338 1669 πο.
361 1636 558 1670 lasanum.
579 1625 771 1682 Eleganter.-
786 1636 854 1672 hoc
876 1636 920 1671 de

241 1685 422 1722 arboribus
430 1686 497 1722 late
508 1688 752 1724 crescentibus.
763 1688 822 1724 Sic
833 1700 898 1725 xlv
908 1715 920 1734 ‚

196 1781 199 1786 Ι
241 1737 332 1774 Met.
350 1738 416 1788 629
432 1749 440 1772 :

241 1798 302 1831 Qun
313 1799 391 1825 modo
397 1799 531 1826 luant-iem
537 1801 630 1834 premit
634 1820 643 1833 ,
648 1807 675 1827 et
682 1802 821 1835 spati-ntia
826 1802 923 1835 pasin

241 1847 351 1873 Baebi·
362 1849 513 1882 compescit.

287 1910 342 1931 21.
370 1898 470 1933 Nunc
484 1910 598 1942 neque.
615 1898 805 1933 Maluerim
818 1925 829 1943 ‚
845 1901 925 1933 hinc

244 1961 350 1994 neque
361 1959 372 1980 ι·
391 1962 530 1984 causam
546 1949 664 1985 reddit
678 1950 926 1986 infoecundita-

246 2002 300 2037 tis.
324 2001 458 2037 Hzms.

289 2067 419 2089 21—22.
432 2056 616 2090 Conlinuos
624 2068 692 2099 per
701 2067 818 2090 annos.
841 2055 926 2090 Non

247 2120 322 2143 uno
347 2120 486 2154 quoque
513 2121 607 2143 anno
628 2135 638 2153 ‚
672 2115 711 2142 ut
737 2108 927 2153 quondam.

247 2180 293 2188 —
317 2161 455 2206 Umque
485 2162 568 2195 Ioesa
579 2188 587 2201 ,
630 2163 782 2206 Iaesaque·
811 2163 929 2195 bacca.

250 2214 374 2247 Laesas
389 2211 472 2248 dicit
482 2238 496 2256 ,
517 2212 598 2258 quia
613 2213 684 2257 jam
700 2224 773 2247 non
791 2212 929 2247 Baccho

249 2277 318 2300 nec
332 2264 505 2300 Minervae
517 2264 607 2299 soliti
623 2264 775 2299 honores
790 2264 930 2310 persol-

250 2323 404 2358 vuntur;
429 2317 647 2363 neglectique
664 2317 732 2351 Dei
746 2330 823 2352 suas
841 2329 931 2362 quo-

252 2381 320 2414 que
343 2369 484 2404 arbores
498 2369 681 2415 negligunt
698 2379 711 2401 εγ
724 2369 821 2404 unde
835 2369 876 2404 fit
892 2375 932 2404 ut

251 2434 319 2457 nec
335 2434 401 2456 uva
424 2433 491 2455 nec
513 2423 620 2455 bacca
637 2423 769 2456 domum
785 2447 794 2462 ,
823 2420 859 2455 id
880 2427 933 2456 est

252 2473 346 2520 apud
361 2473 546 2519 agricolam
557 2499 567 2517 ‚
594 2472 810 2508 adserantur,

298 2525 350 2560 23.
373 2527 473 2560 Nunc
484 2529 612 2560 uterum
625 2528 729 2560 viimi
742 2532 806 2560 etc.
825 2525 932 2561 Varie

253 2577 418 2614 exhibent
432 2577 566 2614 codices
581 2578 677 2614 hunc
690 2578 807 2613 locum
821 2592 829 2615 :
845 2592 936 2614 nunc

254 2635 370 2666 utems
382 2634 463 2666 vitii
478 2635 534 2666 est
541 2659 549 2673 ,
570 2632 705 2678 Regius
716 2639 752 2667 et
763 2637 843 2668 tres
856 2633 912 2667 alii
923 2646 934 2675 ;

255 2696 344 2718 nunc
355 2686 475 2718 mulier
481 2688 566 2719 vitio
578 2689 642 2724 est,
656 2684 852 2720 Palatinus:
867 2689 935 2719 ule-

255 2749 326 2770 rum
337 2740 458 2778 servat,
472 2737 619 2771 Mentel.
629 2736 794 2773 schottus
803 2764 812 2781 ‚
824 2737 879 2773 lib.
892 2749 935 2781 11,

261 2787 345 2824 obs.
362 2788 404 2834 43
417 2815 428 2834 ‚
457 2801 475 2824 e
491 2789 706 2826 membranis
721 2789 805 2838 legit
816 2815 829 2835 ,
849 2802 939 2826 nunc

980 1274 1096 1305 uterus
1120 1273 1203 1306 υιΊιίς
1216 1296 1225 1312 ,
1260 1269 1356 1316 quod
1385 1270 1422 1305 in
1453 1270 1665 1306 Lovaniensi

982 1328 1059 1364 est;
1088 1322 1148 1357 sed
1170 1323 1319 1368 praesero
1342 1330 1520 1368 receptam
1539 1336 1557 1357 a
1581 1322 1665 1357 viris

982 1373 1092 1409 doctis
1106 1400 1115 1418 ‚
1141 1382 1178 1410 et
1196 1374 1239 1410 de
1262 1375 1387 1410 abortu
1405 1375 1580 1420 intelligo,
1603 1374 1664 1420 qui

982 1425 1247 1462 medicamentis
1266 1433 1405 1462 curatus
1418 1453 1427 1470 ,
1459 1426 1556 1461 vitiat
1577 1434 1664 1461 ute—

982 1478 1064 1512 rum
1075 1505 1085 1523 ‚
1102 1491 1148 1513 ne
1166 1479 1263 1514 facile
1280 1480 1409 1514 iterum
1425 1479 1606 1525 concipiat.
1623 1479 1666 1514 Β.

1027 1533 1080 1565 25.
1100 1533 1197 1566 Certe
1208 1545 1280 1576 ego.
1293 1534 1385 1566 Ecce
1392 1545 1464 1576 ego,
1478 1532 1501 1566 J
1506 1531 1578 1566 unii
1591 1531 1667 1570 cod.

1027 1583 1080 1618 26.
1103 1584 1179 1617 Isla
1195 1585 1442 1630 Cly‘lemnestru
1460 1585 1565 1628 d1grna
1584 1596 1666 1628 que-

984 1636 1056 1669 tela
1074 1635 1159 1680 fuit.
1188 1637 1222 1669 T
1218 1639 1311 1670 ullor
1323 1635 1455 1670 etenim
1471 1662 1480 1680 ,
1508 1636 1537 1670 si
1562 1649 1666 1671 nun-

986 1699 1091 1732 quam
1099 1691 1287 1731 pepemset
1297 1686 1557 1735 Clytemnestra
1567 1714 1576 1731 ,
1589 1700 1672 1733 quae

987 1738 1152 1774 Orestem
1168 1739 1269 1783 tulit,
1297 1752 1316 1773 a
1336 1752 1406 1784 quo
1423 1746 1541 1785 postea
1556 1740 1670 1774 inter-

986 1799 1103 1838 empta
1114 1793 1189 1828 suit.
1213 1792 1283 1827 Sed
1296 1793 1385 1838 juste
1399 1793 1535 1837 minus,
1560 1806 1667 1838 quam

987 1846 1088 1889 Nux,
1107 1852 1227 1891 quest-a
1241 1846 1383 1889 fuisset,
1409 1858 1538 1891 quum,
1557 1846 1669 1880 occiso

988 1898 1136 1943 conjuge
1151 1923 1160 1941 ‚
1179 1897 1289 1932 scelus
1302 1896 1374 1942 ipsa
1388 1897 1519 1931 scelere
1534 1909 1670 1942 provo-

989 1949 1127 1983 caverit.

1035 2015 1086 2048 27.
1103 2003 1294 2036 Nascentes
1301 2004 1490 2045 supprimat
1497 2012 1589 2035 uvas.
1604 2000 1674 2035 Vel

988 2054 1027 2088 in
1044 2053 1118 2098 ipso
1139 2052 1303 2088 nascendi
1332 2060 1491 2098 tempore
1510 2056 1672 2096 premat,-

991 2105 1106 2141 enasci
1118 2111 1222 2139 vetet.
1236 2105 1260 2139 J
1263 2117 1320 2139 am
1331 2104 1374 2139 de
1388 2105 1496 2139 verbo
1512 2104 1579 2139 hoc
1591 2117 1675 2149 sup-

985 2162 1130 2204 primere
1157 2158 1305 2193 diximus
1323 2184 1333 2203 ‚
1372 2170 1421 2193 eo
1440 2171 1545 2193 sensu
1577 2158 1674 2194 acci-

992 2210 1174 2257 piendum.

1038 2264 1089 2298 28.
1117 2264 1300 2308 Orbaqne...
1313 2263 1471 2297 Palladis
1485 2264 1588 2296 arbor
1603 2265 1677 2296 en‘t'.

995 2316 1110 2362 Ipsam
1125 2328 1161 2350 se
1178 2315 1348 2350 fructibus
1361 2314 1431 2349 suis
1447 2316 1588 2348 orbaret.

1039 2383 1092 2416 ²9·
1122 2370 1200 2404 Hoc
1226 2372 1263 2403 in
1290 2371 1448 2402 noliliam
1472 2371 1593 2402 venial
1614 2375 1682 2403 etc.

996 2421 1143 2456 Discant
1167 2421 1250 2456 hinc
1278 2423 1334 2466 (ex
1363 2421 1403 2455 iis
1427 2433 1504 2465 quae
1529 2420 1681 2465 patior),

997 2471 1081 2521 qnid
1096 2475 1180 2520 ipsis
1190 2482 1367 2517 servetur3
1385 2481 1420 2509 et
1436 2485 1517 2507 mox
1531 2485 1617 2518 quos
1627 2473 1681 2507 se-

995 2534 1081 2561 runt
1089 2527 1234 2570 fructus,
1244 2526 1384 2561 arbores
1393 2538 1471 2561 suas
1482 2527 1679 2566 destituent,

998 2593 1075 2626 quae
1099 2579 1186 2614 nihil
1212 2587 1296 2614 tunc
1322 2579 1414 2614 aliud
1435 2591 1541 2624 quam
1571 2580 1685 2619 sz‘loae,

998 2639 1034 2667 et
1044 2633 1164 2667 inutile
1179 2634 1306 2676 hyllum
1317 2658 1326 2673 ,
1346 2631 1429 2666 focis
1444 2633 1669 2666 destinatumr

1042 2684 1096 2718 30.
1117 2685 1264 2728 Utraque
1269 2697 1373 2728 poma
1384 2696 1477 2718 suas.
1493 2684 1577 2718 Post
1589 2683 1660 2717 hun
1670 2696 1688 2715 c

999 2750 1142 2772 versum
1151 2737 1188 2771 in
1199 2736 1318 2771 multis
1330 2735 1506 2772 codicibus
1519 2734 1687 2780 adscripti

1002 2795 1104 2825 erant
1132 2788 1339 2834 ineptissimi
1371 2787 1513 2834 quidam
1537 2799 1657 2823 versus
1676 2812 1686 2830 ‚
