1884 3112
609 251 894 298 HELENA
921 252 1188 297 PARIDI.

1517 253 1599 298 311

186 347 365 396 Crimen
386 357 479 396 erat
499 357 728 405 nostrum,
754 346 793 394 si
812 344 1005 395 delenita
1019 345 1214 395 fuissem.

250 426 404 490 Quum
428 425 511 474 sim
534 417 683 493 rapta,
706 444 854 474 meum
878 424 985 491 quid
1000 462 1014 482 ,
1037 424 1126 472 nisi
1148 421 1290 482 nolle,
1314 421 1402 473 fuit
1411 423 1436 473 ἓ.

185 505 291 552 Non
310 515 457 552 tamen
480 523 503 552 e
526 503 644 553 facto
668 502 863 552 fructum
887 500 992 550 tulit
1014 500 1088 550 ille
1111 501 1331 568 petitum:
1568 516 1611 550 25

253 583 455 648 Excepto
478 581 592 630 redii
613 600 743 649 passa
766 581 924 630 timore
943 579 1070 628 nihil.

191 658 358 708 Oscula
380 658 567 708 luctanti
589 658 900 708 tantummodo
923 677 1065 725 pauca
1086 670 1322 725 protervus

253 735 458 786 Abstulit
476 756 486 786 :
511 736 699 785 ulterius
719 735 785 784 nil
807 735 946 784 habet
967 734 1042 784 ille
1065 736 1164 785 mei.

193 813 306 878 Quae
326 824 403 862 tua
425 813 625 880 nequitia
646 823 736 870 est,
763 831 857 860 non
881 812 952 861 his
977 823 1186 862 contenta
1206 812 1377 863 fuisset.

255 890 317 940 Di
337 890 518 940 melius!
539 890 695 940 similis
718 909 812 939 non
833 890 920 939 suit
939 889 1013 939 ille
1039 890 1118 939 tui.
1577 905 1621 938 30

193 969 405 1020 Reddidit
427 969 662 1028 intactam3
686 969 937 1036 minuitque
959 968 1179 1018 modestia
1197 968 1391 1018 crimen:

257 1050 319 1098 Et
336 1049 540 1115 juvenem
562 1048 669 1097 sacti
691 1048 953 1115 poenituisse
976 1059 1112 1114 patet.

193 1125 366 1175 lesea
387 1126 620 1193 poenituit,
646 1126 772 1175 Paris
795 1137 848 1174 ut
869 1125 1121 1174 succederet
1137 1123 1231 1181 illi;

194 1240 197 1243 -
257 1204 326 1254 Ne
345 1204 524 1270 quando
546 1223 709 1252 nomen
731 1222 826 1251 non
844 1203 904 1251 sit
925 1203 974 1250 in
998 1221 1073 1251 ore
1097 1221 1243 1250 meum
1262 1202 1282 1250 Ξ)

198 1269 292 1350 Nec
315 1292 462 1330 tamen
482 1281 671 1339 irascor,
697 1281 798 1348 quis
821 1281 939 1330 enim
962 1292 1193 1329 succenset
1215 1278 1414 1328 amanti?
1577 1295 1620 1329 35

262 1357 316 1406 Si¹
332 1357 486 1416 modo,
517 1377 649 1425 quem
670 1357 870 1425 praefers,
895 1377 990 1406 non
1013 1356 1245 1406 simulatur
1267 1375 1402 1405 amor.

199 1437 302 1485 Hoc
326 1455 505 1504 quoque
531 1437 648 1485 enim
671 1437 854 1495 dubito;
879 1455 972 1484 non
998 1435 1118 1502 quod
1137 1434 1298 1484 fiducia
1321 1434 1460 1494 desit,

264 1515 360 1563 Aut
379 1533 477 1564 mea
499 1514 558 1562 sit
579 1513 711 1563 facies
733 1533 828 1562 non
843 1514 1095 1571 ,benenota
1114 1513 1226 1561 mihi
1244 1532 1255 1562 ι

201 1631 348 1669 Liberal.
362 1632 510 1668 Metam.
527 1642 654 1675 xxvn3
675 1619 831 1668 Pausanf
842 1633 880 1667 in

203 1683 364 1721 Corinth.
374 1697 403 1720 c.
415 1698 467 1719 aa.
477 1690 513 1719 et
522 1684 639 1719 Tzetz.
651 1684 694 1719 ad
706 1684 880 1733 Lycophoe

202 1737 266 1772 103
275 1763 287 1782 ,
303 1742 340 1772 et
357 1735 428 1780 ¹43·

242 1802 296 1838 ²9·
322 1790 404 1832 Qua·
417 1792 478 1823 tua
486 1792 638 1834 nequitia
651 1768 708 1824 cis-t
718 1796 782 1825 etc.
803 1767 880 1825 Pe-
920 1784 926 1793 ¹

200 1841 426 1878 tulantiorem
455 1848 490 1876 te
515 1841 632 1887 judico
651 1868 661 1886 ,
688 1855 794 1888 quam
822 1844 883 1889 qui

201 1893 324 1930 osculis
343 1901 482 1930 tantum
494 1920 504 1938 ,
520 1901 556 1930 et
569 1898 691 1939 paucis
713 1895 856 1941 quidem
870 1922 879 1940 ,

201 1954 239 1982 et
247 1949 398 1982 luctanti
405 1947 510 1994 raptis
521 1974 531 1991 ,
546 1954 734 1983 contentus
746 1949 881 1984 fuisses:

201 2012 319 2046 neque
333 1998 542 2035 modestiam
560 1999 651 2035 hanc
670 2000 882 2046 promittunt

205 2064 283 2098 que
295 2051 456 2098 scripsisti
475 2051 598 2098 (Epist.
607 2052 752 2098 praeced.
768 2067 780 2087 1
788 2053 862 2099 57):

204 2107 234 2134 Si
243 2107 374 2133 reddenda
386 2107 466 2139 sores,
475 2108 578 2142 aliquid
591 2114 677 2133 tamen
686 2114 747 2133 ante
756 2109 884 2134 tulissem.

248 2156 302 2191 31.
329 2157 519 2202 Mhuae'tque
555 2159 723 2191 modestia
751 2160 885 2192 crimen.

207 2208 299 2244 Tam
311 2222 413 2255 parce
423 2236 434 2254 ,
446 2216 520 2245 tam
531 2209 689 2245 modeste
698 2217 795 2256 rapta
805 2223 887 2246 usus

206 2264 524 2307 at3vquumn131‘l,
546 2277 655 2310 pauca
675 2272 802 2310 praeter
824 2277 888 2299 os·-

206 2313 296 2358 cula,
308 2316 538 2358 metuabat-it,
552 2323 592 2350 ut
611 2316 763 2362 rapuisse
779 2317 889 2352 libens

206 2365 411 2402 concedam.

250 2418 304 2453 32.
327 2419 440 2454 Patet.
455 2420 577 2464 Liquet
587 2420 787 2456 Bet-nensis.

251 2470 304 2513 34.
328 2472 382 2506 Ne
405 2473 538 2516 quando
558 2485 678 2507 nomen
698 2486 766 2507 non
788 2475 838 2507 sit
855 2477 892 2508 in

205 2534 262 2557 om
277 2535 394 2557 meum.
410 2522 497 2558 Ideo
512 2524 620 2569 igitur
634 2531 743 2570 raptae
756 2539 890 2572 peper-

207 2574 255 2610 cit
268 2573 444 2618 Theseus,
455 2588 607 2621 eumque
622 2577 773 2622 rapuisse
781 2581 894 2622 paml-

211 2630 280 2661 tuit
290 2653 299 2667 ‚
314 2633 488 2672 utsaptor
501 2628 549 2662 illi
560 2629 660 2663 Paris
671 2629 892 2675 suoeederet;

210 2679 329 2725 sicque
338 2692 478 2726 semper
486 2680 633 2716 Helenae
642 2694 776 2716 nomen
787 2682 823 2717 in
833 2695 895 2719 ore

213 2730 402 2767 hominum
423 2733 553 2768 infame
570 2733 750 2769 volitaret!
763 2753 809 2762 —-
820 2737 897 2772 Non

220 2787 270 2820 sit
282 2788 320 2820 in
334 2796 411 2828 ann
427 2785 553 2822 scilicet
568 2786 696 2832 populi.
710 2787 843 2824 Hzms.

988 1633 1042 1667 35.
1066 1633 1138 1668 Nec
1150 1637 1263 1667 tamen
1276 1635 1477 1679 irascente.
1494 1632 1627 1669 Erum-

945 1684 995 1730 pit
1011 1685 1082 1730 jam
1095 1712 1105 1729 ,
1121 1685 1176 1720 vel
1192 1685 1328 1729 invitae,
1344 1692 1459 1720 metus
1474 1699 1520 1721 ne
1537 1690 1627 1721 iras·-

944 1737 1108 1772 caturille
1124 1736 1167 1772 ad
1183 1749 1290 1782 quem
1311 1737 1447 1780 scribit,
1466 1745 1502 1773 et
1526 1751 1625 1773 more

945 1789 1108 1824 muliebri
1135 1789 1178 1824 ad
1202 1802 1324 1825 sensus
1348 1790 1489 1825 festinat
1511 1790 1626 1826 redire
1696 1806 1702 1811 -

946 1840 1142 1883 molliores;
1159 1854 1226 1876 nec
1245 1844 1406 1876 irascitur
1424 1842 1532 1876 amari
1555 1855 1590 1876 se
1609 1855 1627 1876 a

947 1892 1074 1928 Paride
1089 1919 1099 1936 ,
1117 1893 1225 1927 modo
1240 1906 1307 1929 non
1321 1895 1508 1936 simuletur,
1523 1906 1629 1939 quem

946 1945 1132 1990 profitetur
1142 1971 1152 1988 ,
1169 1958 1272 1979 amor.

991 1997 1043 2043 37.
1068 1998 1144 2031 Hoc
1170 2009 1296 2042 quoque
1321 2000 1419 2032 enim.
1450 1996 1629 2042 Quidam,

948 2051 1012 2083 hoc
1023 2053 1164 2083 etenim:
1174 2048 1243 2092 alii,
1251 2050 1315 2083 hoc
1325 2052 1446 2084 etiarm
1456 2050 1631 2094 nonnulli,

949 2103 1014 2136 boc
1025 2115 1149 2148 quoque
1160 2115 1238 2137 nam
1251 2115 1261 2136 :
1273 2114 1398 2138 omnes
1409 2104 1548 2138 frustra.
1569 2103 1637 2150 Ep,

950 2169 1024 2201 sqq.
1031 2156 1083 2203 98.
1095 2156 1172 2190 Hoc
1180 2167 1305 2201 quoque
1315 2158 1406 2190 enim
1416 2158 1497 2191 vidi.
1503 2156 1634 2192 Bumu.

951 2227 995 2234 -
1008 2211 1083 2244 Non
1099 2210 1195 2254 quod.
1211 2208 1254 2243 In
1268 2208 1432 2243 Mediceo
1446 2215 1480 2244 et
1494 2209 1635 2258 Argen-

953 2259 1079 2295 tinensi
1100 2266 1175 2294 erat
1195 2273 1279 2305 quo,
1319 2259 1415 2306 quod
1441 2259 1581 2296 latinius
1602 2267 1637 2295 et

954 2311 1144 2357 elegantius
1163 2311 1372 2346 censeozita
1388 2311 1485 2346 enim
1511 2309 1637 2346 Cicero

954 2371 990 2399 ct
1007 2364 1062 2398 alii
1078 2364 1130 2398 uti
1144 2363 1258 2399 solent
1276 2376 1340 2410 pro
1354 2367 1452 2411 quia,
1469 2371 1638 2409 sequente

955 2419 1062 2454 etiam
1078 2418 1113 2452 in
1131 2418 1240 2453 altero
1262 2417 1429 2452 orationis
1456 2417 1638 2461 membro,

956 2475 1046 2518 quia,
1060 2471 1114 2506 vel
1125 2473 1223 2516 quod,
1235 2470 1360 2506 eadem
1370 2470 1640 2516 significatione:

957 2526 1014 2560 lib.
1028 2537 1075 2569 11,
1092 2524 1136 2560 de
1153 2524 1254 2560 Orat.
1269 2526 1331 2571 75:
1352 2526 1393 2558 In
1407 2537 1470 2569 quo
1481 2537 1554 2568 ego,
1575 2537 1642 2559 non

958 2591 1022 2624 quo
1044 2579 1190 2612 libenter
1208 2579 1297 2611 male
1309 2577 1464 2616 audiam,
1485 2577 1552 2609 sed
1564 2578 1643 2621 quia

959 2644 1022 2675 ego
1046 2643 1186 2665 causam
1209 2643 1276 2664 non
1307 2631 1453 2664 libenter
1475 2631 1642 2674 relinquo,

960 2687 1096 2719 nimium
1110 2687 1248 2728 patiens
1270 2686 1308 2718 et
1329 2685 1442 2718 lentus
1461 2685 1643 2717 extktimor.

961 2749 1011 2773 lv.
1038 2737 1081 2771 ad
1107 2738 1204 2772 Fam.
1229 2739 1250 2780 4
1265 2750 1273 2771 :
1286 2738 1363 2772 Non
1387 2750 1450 2783 quo
1472 2749 1533 2781 ego
1557 2741 1646 2771 certe

962 2791 1068 2824 sciam
1079 2816 1089 2833 ,
1104 2791 1171 2824 sed
1181 2790 1272 2835 quod
1288 2790 1384 2825 haud
1402 2789 1556 2835 difficiltk
1575 2792 1652 2823 erat
