1884 3112
336 278 420 320 208

789 276 1144 320 EPISTOLA
1183 278 1274 321 XI.

331 371 517 435 Jamque
542 367 843 416 tumescebant
866 367 1008 415 vitiati
1026 367 1224 434 pondera
1240 368 1427 426 ventris‚·

396 447 616 510 AEgraque
635 444 846 491 furtivum
866 443 1062 493 membra
1080 443 1287 507 gravabat
1308 463 1435 492 onus.

338 522 461 584 Quas
484 520 593 567 mihi
615 539 708 568 non
730 519 910 578 herbas,
933 539 1029 586 quae
1051 539 1144 568 non
1165 519 1451 569 medicamina
1472 520 1621 568 nutrix

396 596 580 654 Attulit,
600 596 753 645 audaci
777 597 1101 664 supposuitque
1123 616 1278 656 manu,
1698 611 1742 656 40

332 675 395 720 Ut
414 673 590 739 penitus
614 673 799 731 nostris,
821 674 906 722 hoc
931 685 973 722 te
998 674 1230 723 celavimus
1252 694 1412 734 unum,

393 750 647 799 Visceribus
670 769 865 800 crescens
883 763 1158 800 excuteretur
1182 752 1327 800 onus?

330 828 424 876 Ah!
450 828 635 876 nimium
656 829 781 877 vivax
805 829 992 878 admotis
1016 829 1179 878 restitit
1196 828 1341 877 infans

393 906 599 963 Artibus,
626 917 670 954 et
687 917 803 954 tecto
828 918 953 954 tutus
975 906 1030 954 ab
1055 906 1184 955 hoste
1207 905 1305 954 suit.

328 984 356 1031 J
359 1003 427 1032 am
444 983 595 1030 novies
617 994 709 1031 erat
729 994 827 1031 orta
843 1002 972 1031 soror
989 982 1285 1049 pulcherrima
1301 982 1482 1040 Phoebi;
1668 984 1670 986 ’
1702 997 1746 1041 45

393 1062 603 1126 Denaque
627 1059 833 1108 luciferos
853 1061 980 1108 Luna
1002 1059 1209 1107 movebat
1228 1077 1379 1126 equos.

373 1181 424 1226 37.
440 1180 602 1214 pondera.
619 1178 768 1212 Pondere
783 1177 917 1212 Moreti
932 1191 940 1219 ;
964 1183 1004 1211 ut

328 1233 417 1266 sorte
438 1231 480 1266 sit
496 1229 683 1276 legendum
697 1231 863 1275 :Jamque
885 1232 1004 1263 tumes-

329 1286 445 1318 ccbam
459 1285 577 1317 vitiati
588 1284 735 1326 pondere
749 1285 885 1316 venit-115.

372 1336 424 1370 38.
447 1336 612 1379 AEgraque
627 1334 791 1379 sun‘ivum
813 1340 876 1368 etc.
895 1332 1004 1367 Recte

327 1400 429 1432 «egra,
446 1399 519 1420 non
526 1389 624 1430 pigra
634 1412 642 1427 ,
660 1392 700 1419 ut
710 1385 870 1420 censebat
881 1384 1004 1419 Burm.

330 1438 479 1474 Secund.
508 1439 667 1483 Propert.
691 1437 767 1472 loco
788 1438 915 1481 fretus,
940 1447 979 1471 lv
994 1461 1003 1480 ,

331 1492 426 1537 Eleg.
442 1502 456 1524 1
469 1517 478 1534 ‚
499 1490 560 1538 96,
586 1489 643 1535 qui
658 1489 704 1524 sic
716 1502 750 1523 se
767 1488 871 1523 habet
888 1500 896 1522 :

329 1551 402 1575 Idem
412 1559 469 1582 ego,
475 1559 557 1582 quum
566 1549 662 1574 Cinarae
671 1548 781 1574 traheret
787 1547 887 1573 Lucina
894 1547 1004 1578 dolores,

361 1600 396 1624 Et
404 1598 518 1623 facerent
530 1598 596 1622 uteri
607 1597 720 1630 pondera
728 1597 803 1621 lenta
814 1604 925 1632 moram-t

330 1647 401 1683 Sed
422 1647 489 1682 loci
503 1659 576 1681 non
595 1653 677 1681 sunt
691 1644 818 1679 similes
830 1670 839 1688 ,
857 1651 897 1678 ut
909 1650 1003 1678 recte

328 1706 451 1734 monet
468 1699 614 1743 Lennep
629 1712 638 1740 ;
661 1697 729 1732 illic
744 1696 841 1731 enim
856 1696 898 1730 de
915 1708 1005 1730 mu—

328 1753 411 1787 liere
429 1764 543 1787 sermo
567 1758 618 1785 est
638 1750 711 1796 jam
732 1749 805 1793 iam
828 1748 1004 1794 paritura:

329 1806 385 1840 hie
398 1817 499 1848 vern,
516 1804 559 1839 de
572 1817 611 1838 ea
621 1829 630 1847 ,
645 1803 700 1838 cui
712 1803 866 1848 primum
879 1805 1005 1836 tumes-

328 1870 401 1891 cere
417 1856 628 1902 incipiebant
644 1856 804 1899 pondera.

365 1911 419 1952 4ο.
426 1909 802 1951 Audacisupposuilque
808 1917 917 1939 mauu.
927 1905 1006 1948 Sup-

322 1974 446 2006 ponere
461 1960 529 2004 hic,
547 1959 643 2004 quasi
657 1958 778 1992 furtim
790 1969 924 2002 ponere,
940 1957 1006 1989 ad-

327 2026 453 2048 movere
464 2025 474 2046 .·
487 2011 581 2046 unde
597 2011 700 2056 paulo
716 2009 860 2044 inferius
871 2035 880 2053 ,
894 2009 1005 2042 admo·

329 2068 374 2100 lis
389 2067 515 2099 restitit
529 2063 646 2108 infans
661 2065 800 2096 artibus.

364 2119 417 2161 42.
441 2118 627 2151 Visceribus
643 2127 806 2149 crescens.
828 2113 1004 2149 Palatinus

328 2176 364 2203 et
380 2167 576 2211 Leidensis,
599 2169 790 2202 Vllrcen'bus
804 2168 949 2206 nostris,-
970 2172 1005 2198 et

328 2220 486 2255 Francos.
501 2223 698 2254 exueretur:
713 2220 859 2260 frustra;
878 2217 1005 2252 eodem

327 2272 424 2306 enim
440 2271 548 2305 modo
563 2282 578 2305 1
590 2297 599 2315 ,
618 2272 710 2306 Fast.
722 2271 787 2304 623
801 2283 810 2304 ε

627 2332 686 2355 Ictu
696 2330 829 2355 temeraria
841 2338 906 2355 cmco

330 2380 478 2407 Visceribus
490 2388 602 2405 crescens
616 2380 762 2404 excutiebat
777 2387 852 2404 onus.
871 2380 969 2404 Bumw.

371 2430 423 2473 43.
448 2430 522 2463 Ah!
539 2431 684 2463 nimium.
702 2430 756 2463 At
769 2431 903 2463 nimium
922 2441 1002 2462 vere

327 2481 515 2527 legendum
529 2480 622 2515 docti
633 2481 697 2515 viri
707 2481 941 2526 conjecerunt.
961 2478 1002 2513 C.

328 2551 372 2559 ·—-
388 2533 483 2567 Inest
498 2539 619 2567 contra
631 2532 668 2566 in
679 2532 743 2567 hac
757 2531 1002 2567 exclamatione

329 2586 471 2619 affectus
487 2597 567 2619 vere
585 2591 774 2619 maternus.
789 2585 842 2619 At
855 2584 979 2629 quippe
991 2610 1000 2627 ,

327 2636 449 2680 frigide
479 2636 714 2671 ratiocinantis
738 2643 789 2671 est
812 2648 821 2670 ε
842 2635 901 2670 sed
929 2635 1001 2670 ab!

327 2690 461 2720 nimium
471 2688 672 2731 etc.matris‚
686 2689 802 2722 animo
811 2687 1002 2721 revocantis

326 2739 436 2772 satum
451 2739 669 2774 lamentabile
681 2766 690 2784 ,
706 2739 798 2785 quod
810 2739 864 2775 vix
878 2745 1002 2774 natum

328 2789 500 2829 infantem
514 2791 660 2836 excepit!

1111 1179 1164 1221 44.
1182 1178 1304 1211 Teclus
1318 1181 1418 1211 lutus.
1429 1176 1524 1222 Lego
1533 1201 1543 1219 ,
1555 1179 1644 1210 lecto
1655 1179 1746 1210 Iulus

1067 1230 1111 1263 ab
1121 1231 1217 1263 hoste
1227 1256 1236 1270 ,
1254 1242 1335 1264 cum
1350 1229 1550 1271 puteano,
1566 1234 1606 1262 ut
1617 1227 1745 1262 vitetur

1069 1279 1228 1326 ejusdem
1252 1281 1329 1316 soni
1357 1281 1394 1314 in
1420 1279 1548 1325 junctis
1573 1279 1744 1315 vocabulis

1069 1331 1186 1367 odiosa
1213 1331 1374 1377 repetitio
1387 1357 1397 1374 ,
1421 1338 1456 1365 et
1484 1330 1600 1366 sensui
1623 1343 1744 1366 consu-

1068 1383 1168 1418 latur.
1205 1386 1326 1419 chlus
1347 1383 1443 1418 enim
1469 1385 1577 1417 hostel:-
1601 1389 1653 1418 est
1673 1381 1743 1428 ipsa

1070 1443 1184 1472 mater
1207 1436 1261 1471 vel
1284 1436 1400 1470 nutrix
1412 1461 1422 1480 ,
1446 1447 1523 1481 quae
1538 1447 1612 1469 non
1627 1441 1743 1480 aperta

1068 1488 1114 1531 vi,
1123 1487 1184 1523 sed
1196 1488 1285 1522 clam
1296 1487 1412 1522 herbis
1419 1485 1744 1522 etmedicaminibus

1068 1546 1228 1574 excutere
1244 1540 1368 1574 soetum
1380 1538 1535 1573 tentabat
1549 1549 1558 1572 ε
1571 1537 1626 1572 vel
1636 1539 1746 1572 hosttlr

1067 1590 1111 1624 sit
1133 1590 1248 1635 ipsum
1273 1590 1494 1624 medicamen
1519 1589 1664 1624 noxium
1675 1614 1684 1632 ,
1707 1596 1747 1623 ut

1067 1642 1141 1676 vult
1151 1642 1312 1689 Micyllus
1322 1668 1331 1686 ,
1348 1641 1443 1687 quod
1454 1641 1543 1676 clam
1555 1653 1618 1686 per
1629 1653 1746 1675 mem-

1068 1693 1130 1727 bra
1137 1694 1295 1739 serpebat
1308 1707 1316 1735 ;
1334 1696 1479 1728 utictum
1484 1705 1615 1733 caecum,
1625 1692 1662 1727 in
1669 1693 1745 1727 loco

1071 1746 1256 1781 Eastorum
1273 1744 1382 1779 modo
1397 1743 1548 1779 adducto
1559 1769 1570 1787 ,
1595 1743 1688 1778 dixit.
1703 1743 1745 1777 Β.

1111 1797 1164 1841 46.
1179 1799 1341 1842 Deaeque
1355 1795 1512 1841 lucificas
1524 1797 1623 1829 Luna
1633 1807 1745 1830 moue-

1068 1853 1130 1884 bat
1138 1861 1248 1894 equos.
1264 1849 1322 1883 Sic
1335 1847 1412 1882 libri
1423 1855 1557 1883 veteres
1566 1859 1640 1882 uno
1651 1859 1745 1882 con-

1068 1914 1173 1937 sensu
1191 1913 1200 1935 :
1216 1907 1251 1935 et
1267 1906 1370 1934 recte.
1389 1898 1496 1944 Epist.
1512 1909 1551 1934 lv
1562 1925 1572 1943 ,
1597 1898 1679 1934 160:

1068 1962 1148 1995 Quod
1159 1962 1193 1986 sit
1203 1969 1268 1986 avus
1280 1960 1360 1985 radiis
1369 1959 1480 1985 frontem
1492 1959 1603 1983 vanam·
1616 1958 1699 1983 acutis
1708 1976 1718 1988 ,

1101 2011 1234 2043 Purpureo
1243 2009 1359 2042 tepidum
1373 2008 1420 2042 qui
1433 2013 1519 2033 moret
1529 2016 1576 2032 axe
1586 2007 1666 2032 diem.
1737 1995 1739 1997 .

1069 2059 1128 2094 Sic
1144 2065 1179 2093 et
1201 2058 1248 2093 ibi
1265 2057 1398 2092 codices
1419 2055 1551 2101 antiqui
1567 2069 1575 2090 ε
1591 2066 1666 2090 non
1683 2057 1745 2090 de—

1068 2116 1154 2147 cimo
1163 2124 1290 2152 mense,
1307 2117 1346 2144 ut
1353 2117 1405 2144 est
1417 2109 1451 2143 in
1464 2108 1626 2155 vulgatis:
1637 2120 1744 2154 quem

1068 2165 1185 2199 locum
1199 2170 1374 2208 receptam
1382 2161 1588 2207 scripturam
1600 2160 1690 2194 tueri
1705 2159 1743 2194 in

1067 2215 1120 2251 his
1133 2216 1286 2250 Canaces
1301 2213 1482 2250 contendit
1494 2213 1720 2247 Burmannus
1731 2238 1742 2255 ,

1069 2275 1104 2303 et
1129 2268 1287 2303 evincere
1300 2293 1310 2310 ‚
1335 2278 1399 2311 pro
1423 2267 1527 2299 Deua
1548 2265 1647 2298 Luna
1667 2275 1742 2298 non

1068 2333 1140 2354 esse
1165 2317 1411 2365 reponendum
1431 2318 1540 2351 Plena
1553 2343 1562 2360 ,
1584 2315 1636 2350 uti
1652 2314 1743 2350 doc-

1068 2372 1198 2407 tissimo
1229 2370 1409 2406 Gronovio
1441 2369 1478 2404 in
1511 2366 1742 2403 Observatio-

1068 2424 1170 2458 nibus
1183 2450 1192 2467 ,
1208 2423 1264 2458 lib.
1276 2434 1333 2466 Ν,
1350 2435 1377 2457 c.
1394 2423 1449 2464 15,
1466 2419 1656 2455 videbatur.
1667 2418 1742 2453 Nec

1067 2489 1148 2510 cum
1171 2476 1353 2510 Pnteaneo
1376 2474 1463 2508 llbro
1484 2479 1518 2507 et
1544 2471 1614 2506 aliis
1640 2481 1740 2504 non—-

1066 2528 1182 2572 nullis,
1195 2529 1305 2568 Nona,
1322 2525 1415 2572 quod
1430 2536 1577 2571 magnus
1589 2521 1741 2567 Scaliger

1069 2580 1235 2625 probavit.
1248 2580 1341 2616 Nota
1355 2578 1411 2613 illa
1425 2591 1434 2613 :

1066 2637 1148 2661 Matri
1161 2637 1235 2668 longa
1247 2636 1337 2660 decem
1349 2635 1464 2660 tulerunt
1475 2631 1577 2657 fastidia
1588 2637 1697 2656 menses.

1067 2685 1194 2721 Noster
1208 2685 1245 2718 in
1259 2684 1367 2719 Fastis
1378 2709 1387 2726 ,
1410 2692 1440 2716 11
1454 2707 1463 2725 ‚
1494 2682 1554 2726 175
1570 2692 1579 2714 ι

1066 2745 1143 2770 Luna
1150 2754 1247 2770 novum
1259 2744 1342 2769 decies
1354 2742 1472 2776 implerat
1484 2739 1604 2765 comibus
1617 2738 1719 2765 orbem:

1099 2794 1164 2825 Quce
1175 2792 1258 2819 fuerat
1267 2793 1339 2824 virgo
1347 2790 1441 2816 credita
1448 2809 1457 2821 ,
1476 2795 1558 2815 mater
1567 2793 1630 2813 erat.
