1884 3112
306 242 394 331 454

683 277 733 320 Ρ.
768 276 1000 322 OVIDII
1031 277 1336 327 NASONIS

368 350 595 431 Agricolas
610 405 622 426 ‚
647 368 792 417 fructu
816 370 1121 436 proveniente,
1147 372 1277 421 DeoS.
1673 402 1712 428 ιο

302 445 425 512 Saepe
450 458 546 494 tuas
563 446 720 508 igitur,
745 446 900 505 Liber,
922 448 1105 497 miratus
1128 467 1173 498 es
1197 468 1302 499 uvas
1322 469 1334 498 :

365 523 528 571 Mirata
551 535 618 571 est
641 522 758 571 oleas
782 543 893 591 saepe
918 526 1118 574 Minerva
1142 545 1256 575 suas.

299 599 525 666 Pomaque
550 600 763 650 laesissent
784 614 990 661 matrem3
1017 603 1065 650 ni
1089 604 1268 654 subdita
1289 623 1409 669 ramo

362 678 516 742 Longa
540 677 760 727 laboranti
783 679 904 729 furca
926 679 1099 730 tulisset
1122 701 1263 749 opem.

297 754 421 818 Quin
445 755 575 804 etiam
599 757 797 823 exemplo
820 758 1019 824 pariebat
1040 759 1201 807 femina
1222 756 1406 818 nostr03
1652 776 1708 825 Αεὖ

358 832 578 899 Nullaque
601 853 694 882 non
716 833 794 883 illo
819 847 1014 902 tempore
1038 848 1176 885 mater
1198 848 1301 885 erat.

292 910 356 957 At
377 922 613 977 postquam
634 911 845 978 platanis,
869 913 1060 962 sterilem
1083 912 1386 980 praebentibus
1409 914 1631 975 umbram,
1693 951 1695 953 .

346 988 551 1036 Uberior
576 989 728 1054 quavis
752 990 909 1039 arbore
932 991 1052 1039 venit
1069 991 1235 1048 honos3

290 1069 385 1117 Nos
412 1088 590 1136 quoque
610 1071 863 1131 fructiferae,
887 1072 925 1120 si
941 1092 1032 1122 nux
1054 1073 1189 1121 modo
1212 1091 1356 1139 ponor
1375 1073 1424 1121 in
1444 1073 1556 1133 illis,

287 1213 469 1250 Memores
481 1214 606 1251 scilicet
622 1222 705 1251 tunc
720 1217 874 1262 agricola>
883 1243 892 1261 ‚
904 1217 960 1252 cui

287 1266 449 1300 Deorum
465 1268 567 1301 arbor
579 1281 794 1314 unaquaeque
812 1276 885 1304 erat
897 1282 959 1304 sa·-

285 1326 379 1353 crata
391 1346 400 1362 ,
419 1319 538 1353 Deum
554 1319 648 1354 hunc
660 1346 669 1363 ,
695 1320 730 1354 id
751 1327 801 1355 est
815 1347 824 1365 ,
849 1321 959 1366 ipsam

284 1371 448 1405 arborem
467 1398 476 1415 ,
507 1372 606 1406 sertis
626 1373 819 1416 ornabant,
850 1385 960 1418 quum

284 1423 463 1459 fructuum
491 1431 679 1469 proventus
702 1425 788 1460 votis
808 1438 961 1471 respon-

285 1474 398 1509 disset.
428 1475 522 1510 Hinc
553 1476 658 1512 Liber
679 1489 761 1511 suas
787 1490 869 1512 uvas
886 1503 896 1522 ,
925 1484 961 1512 et

283 1526 375 1561 oleas
393 1526 555 1562 Minerva
571 1531 784 1563 mirabantur:

330 1591 380 1612 ιο.
404 1580 596 1622 Agricolas,
604 1580 725 1625 fructu
733 1584 956 1624 provem'enle,

281 1631 387 1664 Deos.
405 1631 496 1676 Lege
507 1657 517 1675 ‚
534 1632 714 1675 Agricolas
725 1634 836 1674 Deos,
854 1633 958 1677 quic-

281 1682 365 1726 quid
384 1682 462 1716 libri
477 1689 611 1718 veteres
632 1683 848 1720 dissentiunt.
869 1685 957 1719 Met.

280 1745 352 1768 vm
363 1760 373 1777 ‚
389 1734 453 1769 226
469 1744 477 1766 :

280 1795 385 1826 Coeptus
398 1794 431 1819 ab
444 1795 563 1827 agricolis
577 1804 682 1829 superos
695 1797 855 1830 pervenitad
866 1805 954 1822 omnes

213 1852 215 1854 ’
278 1843 443 1868 Ambitiosns
454 1843 546 1870 honos«

278 1893 401 1927 Posset
434 1900 470 1928 et
501 1894 694 1937 Agricolam
719 1896 828 1929 Deum
859 1894 925 1940 legi
942 1910 952 1938 ;

278 1957 534 1991 quemcumque
551 1945 671 1979 Deum
688 1946 880 1991 agricolam.
895 1947 953 1982 Sic

277 1996 435 2030 Tibullus
449 2022 458 2039 ‚
483 1997 569 2031 libro
586 2009 618 2040 1,
637 1997 732 2043 Eleg.
751 2009 786 2041 1,
809 2009 863 2045 19:

275 2057 310 2081 Et
332 2057 515 2090 quodcumque
535 2056 598 2082 mihi
623 2066 731 2091 pomum
751 2067 834 2084 novus
860 2059 952 2085 educat

372 2113 468 2136 annus,

307 2153 430 2177 Libatum
442 2154 566 2186 agricoloe
579 2155 684 2187 ponitur
696 2161 754 2181 onte
766 2157 834 2181 Deo.

273 2201 347 2236 Ubi
369 2202 455 2236 nihil
477 2203 686 2238 mutandum
710 2214 717 2236 ε
738 2217 950 2249 quamquam

273 2255 453 2297 Agricolas
477 2260 558 2289 ante
584 2257 679 2289 Deos
705 2257 865 2291 nonnulli
889 2257 949 2291 le·-

273 2313 361 2350 gunt
377 2315 385 2337 τ
406 2313 465 2340 aut
480 2307 507 2341 si
524 2307 607 2352 quid
624 2314 800 2351 mutetur,
817 2321 880 2353 pro
895 2311 948 2342 li-

272 2360 404 2397 batum,
425 2358 532 2393 libens
553 2372 721 2404 reponam
736 2386 745 2403 ,
768 2363 949 2395 lt'bandum.

272 2427 315 2434 --
330 2410 557 2444 Provem'entc.
577 2410 813 2446 Bersmannus
834 2412 947 2457 expli-

271 2467 325 2495 cat
337 2462 604 2506 praecocismclu
620 2475 630 2497 ,¹
650 2463 710 2498 sed
728 2463 802 2508 quis
817 2464 864 2497 ita
879 2477 946 2498 ve—

271 2517 389 2545 terum
405 2512 583 2557 loquitur?
596 2518 769 2557 provenire
783 2541 792 2558 ,
804 2528 946 2558 proven-

271 2567 326 2596 tus
343 2564 465 2599 millies
483 2564 526 2599 de
548 2565 722 2600 fertilitate
740 2573 812 2600 tam
830 2566 946 2600 homi-

271 2627 359 2649 num
373 2622 407 2649 et
422 2616 623 2652 animalium
635 2643 644 2660 ‚
665 2631 768 2662 quam
781 2631 945 2664 agrorum

271 2667 362 2711 apud
396 2675 527 2703 veteres
556 2671 714 2715 occurrit.
743 2670 871 2705 Bumu.
902 2689 944 2696 --

270 2721 493 2754 Ρνωνεηίειιίε
515 2727 565 2754 est
581 2728 678 2755 vetus
695 2722 805 2756 lectio.

317 2784 364 2805 12.
386 2772 499 2806 oleas.
514 2772 583 2807 Pro
596 2773 690 2808 olivis
706 2773 797 2810 dixit.
810 2774 942 2809 Contra

1024 1217 1129 1251 Maro
1143 1216 1180 1251 in
1189 1216 1308 1252 Bucol.
1325 1218 1447 1252 olivam
1457 1228 1521 1262 pro
1533 1215 1609 1251 olea
1619 1241 1630 1261 ‚
1649 1214 1702 1251 in-

1025 1269 1147 1314 quiens
1165 1279 1172 1302 :
1187 1271 1384 1303 Iucumbens
1395 1272 1497 1304 tereti
1503 1269 1640 1303 Damon
1649 1271 1702 1303 sic

1024 1324 1127 1365 coepil
1146 1324 1253 1355 olive.
1287 1321 1350 1355 Est
1365 1320 1462 1355 enim
1481 1322 1558 1355 olea
1572 1320 1698 1365 arbor,

1023 1375 1113 1407 oliuu
1141 1373 1252 1408 bacca.
1286 1373 1382 1407 Licet
1412 1372 1469 1407 hic
1493 1372 1530 1406 in
1553 1371 1700 1418 proprio

1025 1438 1163 1470 quoque
1187 1424 1381 1471 significatu
1397 1436 1460 1470 pro
1477 1424 1599 1458 arbore
1617 1422 1699 1458 dic-

1023 1483 1102 1511 tum
1118 1477 1270 1523 accipere
1286 1476 1463 1522 possimus.
1485 1474 1559 1510 sed
1573 1475 1700 1511 melior

1023 1535 1141 1563 tamen
1159 1529 1254 1574 prior
1269 1529 1442 1564 sententia
1457 1538 1466 1560 ε
1489 1540 1574 1562 nam
1594 1539 1698 1574 supra

1020 1593 1094 1614 non
1111 1580 1196 1615 vites
1210 1607 1219 1624 ,
1243 1580 1302 1615 sed
1322 1593 1402 1614 uvas
1419 1579 1511 1614 dixit.
1531 1579 1635 1614 ΜΔΕ..

1079 1633 1129 1666 13.
1162 1633 1314 1666 Matrem.
1346 1632 1522 1666 Arborem
1545 1630 1673 1667 scilicet
1684 1657 1695 1676 ,

1020 1697 1097 1730 quae
1113 1697 1216 1730 poma
1239 1685 1317 1718 tulit
1330 1710 1340 1728 ,
1366 1697 1517 1729 quorum
1538 1682 1696 1729 pondere

1018 1749 1179 1782 oppressa
1207 1736 1348 1779 suisset,
1376 1736 1413 1770 ni
1436 1742 1501 1770 etc.
1528 1735 1582 1769 lta
1603 1734 1695 1770 Plin.

1015 1787 1105 1822 libro
1118 1798 1184 1822 xn.
1194 1789 1343 1821 Ramiin
1357 1789 1525 1821 excelsum
1535 1789 1692 1828 emicant,

1014 1842 1151 1885 sylvosa
1176 1841 1389 1874 mullitudine
1403 1865 1413 1880 ‚
1439 1837 1541 1873 'vaslo
1575 1841 1695 1873 matre&

1017 1905 1162 1936 corpore.

1062 1945 1111 1987 14.
1135 1946 1255 1989 Longa
1279 1946 1453 1978 laboranti
1462 1956 1562 1978 ramo.
1589 1942 1696 1978 Fatis-

1015 1996 1129 2039 centi,
1159 2009 1229 2040 prae
1254 1995 1476 2030 multitudine
1501 1995 1692 2030 fructuum.

1014 2046 1073 2082 Sic
1085 2047 1162 2082 alibi
1177 2049 1304 2083 Noster
1316 2074 1325 2091 ,
1345 2046 1492 2082 Remed.
1507 2047 1587 2082 Am.
1602 2048 1662 2094 175
1681 2056 1691 2079 :

1014 2107 1111 2140 Aspice
1122 2116 1257 2140 pomorum
1267 2113 1386 2133 curvatos
1398 2107 1510 2140 pondere
1521 2115 1606 2132 ramos
1617 2125 1627 2138 ‚

1045 2157 1084 2181 Ut
1099 2165 1159 2188 sua,
1174 2157 1244 2190 quod
1255 2156 1354 2190 peperit
1363 2156 1431 2203 ,lix
1443 2155 1506 2180 sent
1516 2155 1592 2181 arbor
1601 2163 1677 2180 onus.

1079 2205 1128 2239 16.
1165 2207 1333 2250 Nullaque
1364 2218 1430 2239 non
1455 2207 1516 2240 illo
1545 2209 1690 2249 tempore

1013 2261 1122 2291 mater
1139 2261 1221 2291 erat.
1251 2258 1294 2291 In
1321 2270 1436 2292 mores
1462 2257 1569 2292 aetatis
1594 2268 1688 2299 suae,

1013 2309 1092 2343 data
1118 2309 1293 2343 occasione
1310 2335 1320 2353 ‚
1357 2310 1531 2355 erumpit;
1565 2315 1601 2343 et
1626 2309 1687 2343 fe-

1011 2360 1124 2395 minas
1148 2361 1276 2406 tangit,
1302 2373 1379 2406 quae
1397 2373 1470 2395 non
1486 2359 1600 2394 modo'
1613 2372 1688 2394 non

1001 2412 1200 2456 fttidilalek
1211 2414 1366 2447 honorem
1378 2412 1584 2458 expetebant
1592 2438 1602 2455 ‚
1626 2411 1688 2446 sed

1011 2471 1046 2498 et
1062 2471 1244 2509 conceptos
1261 2465 1362 2499 soetus
1381 2463 1540 2499 nefandis
1557 2463 1687 2498 artibus

1010 2515 1047 2549 in
1061 2515 1133 2560 ipso
1149 2528 1238 2561 saepe
1256 2523 1358 2550 utero
1373 2516 1552 2551 necabant.

1055 2581 1104 2614 19.
1127 2569 1200 2602 Nos
1214 2581 1337 2612 quoque
1347 2568 1547 2612 fructifera.
1566 2570 1687 2613 Frugi-

998 2618 1087 2663 sem·
1100 2619 1215 2664 scripti
1230 2619 1385 2665 plerique
1397 2634 1406 2662 ;
1429 2633 1494 2655 nec
1508 2632 1685 2665 respuen-

1009 2670 1106 2704 dum.
1123 2671 1365 2707 Jurisconsulti
1381 2679 1473 2707 certe
1490 2679 1561 2706 tam
1568 2672 1684 2716 frugi-

999 2723 1100 2767 seras
1136 2725 1274 2759 arbores
1300 2751 1309 2768 ,
1358 2738 1461 2770 quam
1478 2724 1683 2770 sruch'seras

1009 2784 1208 2820 agnoscunt.
1228 2777 1471 2821 Frugfirarum
1487 2775 1681 2811 Columella
