1884 3112
637 301 819 346 DIDO
853 299 1066 344 AENEAE.

1493 302 1572 364 147

209 394 362 444 Frater
383 394 525 443 Amor
543 413 554 443 ε
575 395 728 443 castris
751 393 913 443 militet
935 392 1011 441 ille
1038 391 1140 440 tuis.

146 472 318 538 Atque,
343 489 426 534 ego
453 489 585 537 quem
607 470 742 537 coepi,
768 490 913 537 neque
939 470 1056 519 enim
1080 468 1315 533 dedignor,
1342 488 1506 530 amare,

211 546 445 596 Materiam
469 566 582 596 curae
603 547 800 614 praebeat
822 544 897 594 ille
919 564 1038 594 meae.
1150 542 1155 545 ’
1510 594 1512 596 μ

147 623 318 684 Fallor3
343 636 388 674 et
409 625 495 674 ista
514 625 626 672 mihi
648 623 758 672 falso
778 624 969 689 jactatur
989 622 1150 684 imago.
1530 640 1573 673 35

212 701 373 751 Matris
397 702 453 751 ab
477 702 656 765 ingenio
681 699 870 765 dissidet
890 698 965 747 ille
990 716 1092 746 suae.
1134 731 1138 734 -

149 781 214 829 Te
238 779 375 846 lapis,
401 790 446 828 et
467 790 660 836 montes,
687 777 926 843 innataque
950 775 1141 842 rupibus
1165 773 1266 823 altis

215 856 424 913 Robora,
450 866 492 903 te
516 873 637 903 saevae
657 873 935 921 progenuere
953 853 1083 903 serae:

148 933 244 982 Aut
264 951 404 990 mare,
431 930 559 998 quale
583 931 704 980 vides
728 931 887 995 agitari
906 951 1025 980 nunc
1049 950 1230 998 quoque
1254 932 1423 992 ventis;

213 1009 351 1074 Quod
375 1019 522 1057 tamen
546 1008 740 1057 adversis
762 1008 974 1057 fluetibus
993 1009 1056 1057 ire
1080 1027 1222 1075 paras.
1533 1026 1578 1070 40

150 1086 257 1151 Quo
279 1085 429 1149 fix‘gis?
454 1085 604 1134 obstat
626 1085 768 1134 hiems
789 1106 798 1133 :
818 1085 978 1135 hiemis
1000 1086 1112 1134 mihi
1138 1086 1277 1150 gratia
1301 1087 1457 1154 prosit.

213 1163 408 1230 Adspice
422 1178 441 1222 ,'
460 1175 513 1211 ut
537 1181 707 1212 eversas
731 1165 924 1212 concitet
946 1165 1094 1212 Eurus
1118 1183 1267 1231 aquas.

149 1240 291 1306 Quod
314 1240 399 1289 tibi
419 1239 683 1299 malueram,
710 1241 804 1290 sine
826 1260 895 1289 me
920 1240 1081 1289 debere
1105 1239 1326 1307 procellis.

215 1319 391 1368 Justior
413 1331 481 1368 est
504 1319 651 1368 animo
675 1331 834 1367 ventus
858 1331 902 1368 et
923 1318 1044 1367 unda
1067 1329 1159 1367 tuo.

149 1399 256 1448 Non
279 1416 363 1461 ego
387 1415 486 1445 sum
510 1395 648 1455 tanti,
676 1396 872 1463 quamvis
895 1396 1101 1445 merearis
1115 1433 1127 1454 ,
1153 1395 1328 1462 inique,
1540 1408 1583 1452 45

152 1566 196 1576 -·
221 1550 414 1594 But-umque
439 1548 643 1592 amplectere
660 1546 809 1592 fratrem
822 1572 833 1589 ,

139 1602 262 1647 stater
271 1601 452 1636 Amoretc.
466 1599 519 1634 Ut
533 1598 662 1644 lepide,
677 1605 717 1633 ut
728 1598 835 1644 inge-

153 1653 251 1689 niose
271 1651 362 1687 dicta
386 1650 460 1686 haec
479 1651 618 1685 omnia!
646 1649 707 1685 sed
729 1662 835 1695 quam

150 1705 194 1741 ab
215 1710 424 1751 argumento
456 1702 561 1748 hujus
589 1701 752 1748 Epistolae
776 1715 836 1736 re-

150 1757 268 1794 mota!
299 1774 345 1783 —
371 1757 502 1791 Castnlr
525 1757 651 1789 militet
670 1757 730 1789 ille
756 1757 834 1789 tuttr.

149 1810 325 1858 Legemus
336 1821 490 1855 quoque,
502 1807 626 1843 Amor.
635 1807 726 1852 1,El.
739 1819 792 1852 1x,
805 1819 833 1842 1:

149 1869 259 1896 :mim
263 1869 349 1896 onmi-
356 1876 446 1894 ιιι-ω
453 1873 480 1894 et
485 1867 564 1893 habet
571 1877 618 1893 ma
624 1873 713 1893 castra
720 1867 830 1907 Cupido·

150 1917 298 1966 Optime
309 1917 468 1964 quidem,
479 1917 560 1963 quia
568 1917 606 1951 in
616 1916 703 1952 loco.
721 1916 835 1962 Quae-

150 1983 219 2017 que
234 1973 342 2006 Iocum
357 1976 514 2006 teneant.

195 2021 248 2057 33.
259 2023 383 2068 Atque,
398 2035 461 2067 ego
471 2034 566 2068 quem
577 2024 734 2066 coepietc.
742 2019 835 2054 Sen-

151 2086 208 2109 sus
229 2080 282 2110 est
306 2087 315 2110 ε
337 2075 469 2109 Militet
492 2074 624 2108 AEneas
652 2077 688 2108 in
709 2074 834 2107 castris

151 2130 222 2162 luetu-
233 2152 244 2170 ,
266 2126 305 2162 id
332 2133 384 2163 est
394 2152 404 2171 ,
429 2133 544 2168 amet;
570 2138 639 2171 qua
664 2125 739 2171 lege
757 2136 832 2159 non

152 2180 323 2224 dedignor,
335 2191 442 2224 quem
451 2178 548 2224 prior
557 2178 669 2213 amavi
679 2203 688 2222 ,
702 2189 833 2212 novam

154 2229 296 2266 amandi
304 2243 444 2266 causam
453 2230 540 2265 mihi
550 2230 711 2276 praebeat.
725 2231 830 2272 Cura,

151 2294 196 2317 eo
212 2295 316 2318 sensu
326 2308 337 2327 ,
355 2294 427 2328 quo
439 2282 531 2329 apud
548 2283 665 2328 Virg.:

150 2341 190 2368 At
200 2343 302 2376 Regin-
311 2343 383 2376 ὅτιτί
395 2343 549 2376 jamdudum
562 2344 649 2368 nucia
661 2351 734 2367 cura.

195 2390 249 2425 35.
259 2392 336 2425 Ista
352 2391 538 2435 mihisalso
543 2392 708 2435 jactatur
713 2394 834 2436 imago.

151 2441 240 2488 Spes
246 2441 375 2477 scilicet
385 2454 463 2487 quae
470 2441 559 2476 ludit
568 2442 744 2486 miseram,
759 2456 834 2488 pos-

150 2507 187 2530 te
198 2494 353 2529 AEneam
365 2493 515 2528 abeundi
525 2500 685 2528 mentem
696 2507 833 2530 exuere.

193 2546 247 2592 37.
268 2547 316 2580 Te
329 2547 421 2590 lapis
429 2549 467 2580 et
476 2550 606 2582 montes
618 2553 684 2580 etc.
694 2546 776 2583 Non
786 2547 834 2582 ita

150 2597 271 2643 procul
286 2610 305 2632 a
322 2597 486 2644 Virgilio,
505 2608 558 2641 1v,
573 2597 657 2632 366:

184 2656 192 2664 '
312 2658 393 2684 Duris
405 2658 494 2691 genuit
506 2662 531 2682 te
541 2657 661 2683 cautibus
673 2657 780 2684 horren·

150 2707 293 2739 Qunam,
306 2707 491 2741 Hyrcanaeque
507 2706 645 2732 admorunt
654 2707 734 2733 uben
743 2708 833 2740 tigres.

161 2781 163 2783 ι
196 2757 252 2800 4ο.
271 2757 373 2801 Quod
385 2760 499 2791 tamen
513 2758 664 2791 adversa
670 2758 834 2802 fluctibus

153 2810 213 2844 in.
234 2810 288 2845 1oe
302 2812 426 2853 maria,
443 2808 596 2845 obvium.
614 2808 678 2855 Ep.
694 2809 833 2854 Herus,

901 1547 1215 1591 fflllespontt'acam
1219 1548 1328 1580 iturus
1335 1557 1467 1590 aquam,
1478 1557 1519 1580 ex
1529 1557 1588 1580 an-

901 1598 1004 1643 tiquis
1019 1597 1124 1633 libris.
1136 1598 1215 1633 Art.
1229 1600 1312 1632 Am.
1329 1608 1378 1642 11,
1391 1600 1431 1643 47
1444 1623 1454 1642 ,
1474 1610 1515 1632 ex
1527 1611 1584 1632 ve-

900 1649 999 1685 tustis
1014 1650 1288 1697 exemplaribus:

898 1710 991 1735 Restat
1004 1710 1053 1735 iter
1064 1710 1119 1736 caeli
1132 1720 1140 1744 ς
1160 1711 1255 1737 coelum
1266 1710 1426 1736 tentabimus
1439 1712 1486 1736 ire.

900 1758 1025 1794 Amor.
1043 1770 1100 1804 x1‚
1119 1759 1217 1806 Eleg.
1234 1770 1274 1795 x1
1289 1773 1297 1795 :

930 1820 1099 1854 fallacesque
1112 1820 1168 1845 vias
1181 1820 1218 1845 ire
1232 1820 1345 1846 Corinna
1355 1826 1438 1854 parat.
1458 1821 1565 1847 mes.

943 1869 996 1913 43.
1014 1870 1217 1904 Malueram.
1228 1871 1425 1910 Maluen‘m,
1439 1869 1587 1916 Argent.

901 1926 936 1955 et
947 1921 1103 1967 quinque
1113 1922 1168 1956 alii
1180 1935 1188 1957 ι
1202 1922 1331 1957 rectius
1343 1923 1479 1958 Hmns.
1493 1922 1594 1965 (laod

900 1977 935 2008 te
943 1975 1137 2015 malueram,
1149 1974 1187 2008 in
1197 1974 1348 2019 antiquis
1356 1973 1585 2016 membranis,

901 2037 985 2070 quas
996 2026 1129 2071 profert
1139 2025 1261 2060 Barth.
1272 2025 1362 2060 Adv.
1375 2036 1516 2068 xxxvn,
1534 2025 1583 2059 13.

927 2078 980 2121 45.
989 2078 1067 2112 Non
1072 2090 1135 2122 ego
1142 2090 1216 2112 sum
1222 2081 1342 2113 tanti...
1349 2081 1512 2121 utpereas
1521 2083 1585 2112 etc.

898 2128 1014 2164 Suum
1025 2129 1081 2165 hic
1094 2129 1239 2164 tandem
1254 2136 1290 2164 et
1302 2129 1499 2175 genuinum
1509 2143 1586 2164 ser-

897 2194 1044 2216 monem
1063 2193 1163 2216 amor
1178 2182 1329 2227 reperit,
1357 2194 1455 2228 aeque
1473 2182 1579 2217 facilis

897 2234 966 2268 iras
979 2247 1111 2279 ponere
1123 2260 1133 2278 ‚
1150 2247 1213 2269 seu
1237 2234 1370 2269 tollere.
1398 2235 1585 2270 Pereuntis

897 2286 970 2331 iarn
983 2286 1108 2320 AEneae
1122 2286 1238 2333 imago
1251 2293 1431 2322 amantem
1444 2287 1561 2322 turbat
1572 2313 1582 2330 ,

898 2345 1076 2383 terretque
1088 2352 1098 2381 ς
1117 2345 1152 2373 et
1161 2343 1310 2384 quamuis·
1319 2344 1496 2382 mereatur,
1509 2351 1584 2374 non

897 2391 972 2425 vult
993 2397 1032 2424 ut
1054 2397 1173 2435 pereat
1186 2404 1195 2433 ς
1221 2390 1283 2426 sed
1303 2398 1426 2426 monet
1440 2418 1450 2436 ,
1482 2392 1584 2427 obse-

882 2449 1084 2488 ‚craturque
1114 2455 1159 2477 ne
1187 2445 1268 2478 odia
1290 2448 1471 2487 exerceat,
1505 2455 1583 2489 quae

897 2508 1018 2540 magno
1034 2494 1098 2540 ipsi
1115 2499 1314 2535 constarent
1334 2502 1399 2531 etc.
1418 2495 1585 2540 Quatuor

896 2547 933 2583 hi
949 2561 1068 2582 versus
1083 2554 1165 2582 sunt
1175 2548 1269 2582 inter
1281 2548 1580 2594 praestantissimos

898 2599 1166 2635 annumerandi.
1175 2618 1220 2626 ·-
1234 2602 1394 2644 Quamvis
1409 2604 1578 2636 merearis.

898 2653 1035 2687 Mirum
1059 2653 1113 2687 hic
1129 2652 1166 2686 in
1183 2652 1331 2688 modum
1350 2654 1486 2689 variant
1501 2652 1579 2687 libri

898 2704 1206 2739 veteresDiversas
1213 2704 1577 2750 lectionessubjiciam,

898 2763 938 2791 ut
954 2757 1074 2792 alienae
1090 2770 1229 2803 quoque
1242 2757 1452 2803 conjecture
1468 2757 1511 2792 sit
1527 2757 1582 2792 lo·-

898 2822 969 2845 cus.
1001 2810 1202 2846 Puteaneus
1212 2835 1222 2854 ,
1237 2812 1321 2855 qaid
1336 2823 1403 2845 non
1416 2813 1555 2852 terrem
1571 2822 1581 2842 .’
