1884 3112
335 241 422 339 4⁶30

704 287 755 328 P.
800 285 1040 331 OVIDII
1071 286 1373 334 NASONIS

332 374 406 423 Fit
427 393 604 441 quoque
629 374 682 423 de
708 387 845 434 creta,
873 376 1046 443 qualem
1071 377 1238 427 caeleste
1261 379 1446 443 figuram

338 503 340 505 .
395 451 548 510 Sidus,
575 464 619 500 et
640 452 687 499 in
708 452 870 502 Graecis
893 453 1020 503 litera
1047 468 1202 522 quarta
1227 457 1352 520 gerit.

329 529 435 577 Haec
457 529 537 577 ubi
563 529 769 578 distincta
796 542 863 579 est
887 532 1125 594 gradibus,
1150 534 1227 600 qui
1246 535 1450 584 constitit
1471 535 1625 597 intu85

393 606 520 669 Quot
543 607 690 669 tetigit
710 607 861 670 virga,
891 620 958 657 tot
980 610 1098 676 rapit
1121 610 1223 660 inde
1247 630 1394 661 nuces.

328 683 418 731 Vas
443 703 619 750 quoque
643 703 758 750 saepe
780 683 959 744 cavum'‚
987 688 1130 753 spatio
1157 688 1367 756 distante,
1393 690 1582 751 locatur;
1705 705 1750 745 85

394 761 448 807 In
473 762 595 828 quod
617 762 751 810 missa
774 762 857 811 levi
878 783 971 812 nux
996 765 1122 814 cadat
1143 786 1231 815 una
1253 786 1399 816 manu.

327 836 471 896 Felix,
496 851 662 887 secreto
690 859 786 906 quae
803 853 907 890 nata
930 854 996 890 est
1019 843 1153 891 arbor
1175 844 1222 891 in
1246 864 1373 903 arv03

394 916 454 963 Et
476 915 562 963 soli
586 916 766 965 domino
792 918 902 967 ferre
927 920 1096 968 tributa
1116 923 1294 987 potest!

325 992 430 1042 Non
450 992 683 1042 hominum
706 996 917 1062 strepitus
941 998 1091 1056 audit,
1117 1017 1210 1045 non
1227 998 1304 1047 illa
1323 1010 1520 1048 rotarum
1539 1018 1550 1058 ;

390 1070 495 1119 Non
518 1090 543 1119 a
567 1071 711 1121 vicina
733 1073 1039 1139 pulverulenta
1060 1074 1131 1123 via
1149 1086 1228 1124 est.
1597 1107 1606 1111 -
1702 1101 1748 1136 9⁰

324 1235 430 1258 nuces
453 1224 599 1260 scilicet!
635 1239 785 1271 quarum
809 1240 1002 1263 numerum

323 1277 504 1310 divinando
540 1278 746 1323 conjecerat.
803 1279 914 1314 Totus
946 1280 1002 1315 hic

322 1327 445 1373 plenus
473 1328 651 1374 elegantiae
674 1331 795 1372 locus;
827 1338 863 1366 et
888 1332 1001 1366 varius

325 1393 465 1425 semper
484 1388 586 1426 poeta
616 1382 653 1416 in
680 1382 906 1418 describendo
933 1396 1001 1417 va—

324 1432 394 1467 rios
410 1446 601 1478 puerorum
614 1433 707 1469 lusus
721 1461 731 1478 ,
756 1448 837 1470 cum
850 1435 930 1481 ipsis
946 1435 1005 1469 vi-

325 1483 429 1518 detur
441 1485 615 1520 colludere
629 1500 636 1527 ;
660 1499 775 1531 neque
788 1487 868 1521 ideo
883 1500 1004 1521 rerum

327 1537 532 1581 gravitatem
549 1538 660 1573 verbis
677 1552 823 1584 usquam
836 1539 957 1575 elevat.

369 1589 420 1623 81.
443 1591 502 1623 Fit
512 1603 646 1635 quoque.
659 1591 823 1626 Tertium
837 1591 929 1627 lusus
943 1605 1004 1638 ge·-

324 1652 390 1674 nus
429 1640 599 1675 describit.
641 1642 693 1677 Ex
725 1650 818 1678 creta
849 1638 1003 1689 pingitur

324 1691 437 1737 ampla
454 1692 565 1738 figura
576 1693 765 1740 triangula,
784 1696 922 1740 qualem
938 1695 1002 1729 ha·-

323 1743 383 1778 bet
406 1744 498 1789 apud
520 1744 660 1780 Graecos
689 1749 783 1782 Δέλτα
813 1747 1001 1791 majuscula

321 1796 436 1830 sorma
457 1797 636 1842 scriptum.
657 1798 830 1833 Eamdem
850 1800 1000 1844 figuram

323 1847 415 1892 apud
432 1848 615 1895 AEgyptios
631 1862 733 1884 cursu
750 1863 812 1885 suo
834 1851 914 1885 facit
936 1851 1002 1886 Ni—

322 1901 376 1935 lus
394 1914 401 1935 :
418 1901 512 1936 unde
530 1909 565 1936 et
581 1902 656 1937 loco
682 1916 814 1938 nomen
836 1903 999 1938 inditum.

325 1952 373 1986 Et
400 1952 480 1987 huic
500 1953 618 1988 similis
639 1954 835 1989 ostenditur
858 1956 895 1989 in
917 1955 1000 1990 caelo

321 2019 427 2051 super
459 2015 562 2052 caput
587 2008 725 2043 Arietis.
770 2009 848 2043 Hac
875 2003 1000 2043 notant

322 2065 393 2094 tres
415 2060 520 2094 stellae
533 2086 542 2103 ,
579 2060 710 2097 duabus
732 2062 831 2097 lineis
852 2063 999 2108 aequali-

321 2112 408 2156 bus,
437 2114 539 2148 tertia
557 2115 716 2150 breviore
744 2125 751 2147 :
780 2115 839 2150 sed
865 2129 941 2161 quae
961 2116 998 2150 in

323 2164 451 2210 angulo
475 2166 610 2200 stellam
640 2166 822 2201 clariorem
848 2167 972 2202 habeat
987 2193 996 2211 ,

325 2215 438 2250 Graeci
457 2219 599 2253 δέλτωτον
628 2218 810 2263 appellant.
836 2219 879 2253 In
899 2218 998 2253 lineis

320 2268 437 2313 itaque
448 2269 545 2314 pictis
560 2296 569 2313 ,
581 2271 682 2305 certis
692 2271 879 2307 intervallis
889 2299 898 2315 ,
912 2286 997 2318 quos

323 2319 379 2354 hic
384 2323 510 2363 gradus
516 2329 627 2364 vocat,
637 2323 871 2368 disponuntur
882 2337 997 2359 nuces.

322 2370 419 2405 Puer
435 2372 495 2416 qui
507 2380 573 2408 stat
583 2374 620 2408 in
635 2374 751 2409 medio
761 2401 770 2418 ,
789 2376 880 2419 jactu
892 2377 997 2422 virgae

323 2431 408 2467 quot
425 2424 595 2470 tetigerit,
615 2432 667 2460 tot
683 2426 806 2460 aufert.
822 2426 967 2461 ERASM.

366 2475 418 2518 84.
446 2477 537 2518 Quot
555 2480 667 2521 letigit
687 2481 782 2521 virga
794 2504 802 2517 ‚
833 2482 886 2511 tot
904 2480 999 2522 capit

322 2529 399 2569 Ipsa
414 2541 527 2562 nuces.
542 2531 620 2573 Ipse
635 2530 815 2573 nonnulli,
841 2533 898 2565 ille
914 2530 994 2566 duo.

324 2577 394 2611 Sed
411 2587 508 2615 vetus
524 2581 630 2615 editio
642 2607 651 2624 ,
673 2581 779 2615 codex
797 2582 941 2626 Regius,
960 2589 995 2616 et

324 2631 583 2677 Langermanni
596 2642 687 2669 recte
701 2661 709 2677 ,
727 2639 779 2669 tot
792 2639 886 2679 capit
898 2637 975 2668 inde
985 2646 995 2666 :

324 2697 429 2729 quare
448 2694 482 2720 et
493 2687 528 2720 in
544 2688 712 2732 superiori
724 2701 824 2722 versu
839 2688 995 2722 scriben-

322 2738 424 2778 dum,
442 2743 501 2783 qui
511 2745 665 2775 constitit
676 2744 788 2784 1‘ntus‚·
804 2754 876 2775 non
888 2768 896 2784 ,
914 2755 993 2786 quoe.

325 2791 458 2827 HEINS.
476 2812 518 2819 —
528 2793 679 2838 Legebat
687 2807 771 2829 vero
779 2794 992 2829 Sentlebius:

1357 1255 1389 1263 ...
1405 1237 1472 1270 Qua
1483 1237 1599 1263 constitit
1614 1238 1683 1263 intra

1101 1286 1174 1318 Quot
1185 1285 1267 1318 tetigit
1277 1287 1362 1319 virgas
1368 1305 1378 1317 ‚
1393 1291 1430 1311 tot
1442 1286 1517 1320 capit
1526 1286 1587 1311 inde
1597 1295 1685 1312 nuces.

1070 1333 1117 1368 Et
1143 1334 1191 1369 ita
1222 1334 1365 1380 explicat
1387 1347 1395 1368 :
1415 1333 1520 1369 Delta
1541 1334 1747 1372 Graecorum

1069 1385 1271 1431 triangulari
1293 1387 1406 1421 forma
1427 1386 1656 1432 pingebatur,
1690 1387 1748 1422 id-

1068 1449 1136 1482 que
1153 1437 1312 1482 gradibus
1332 1438 1483 1473 invicem
1501 1438 1746 1485 distingueba-

1067 1496 1135 1523 tur.
1165 1488 1394 1525 Colludentes
1409 1497 1493 1536 ergo
1511 1492 1611 1536 pueri
1624 1491 1746 1536 procul

1066 1547 1196 1575 stantes
1221 1554 1327 1576 nuces
1344 1541 1494 1587 singulas
1515 1542 1552 1576 in
1573 1541 1747 1577 Deltoton

1066 1593 1253 1627 mittebant
1268 1619 1277 1637 ‚
1302 1599 1338 1627 et
1359 1593 1598 1639 cujuscunque
1620 1606 1691 1628 nux
1706 1593 1745 1629 in

1065 1644 1124 1678 illo
1148 1644 1322 1679 schemate
1346 1644 1578 1690 consistebat,
1605 1651 1658 1680 tot
1681 1645 1744 1680 lu-

1065 1697 1226 1731 crabatur
1241 1710 1365 1741 nuces,
1384 1704 1470 1742 quot
1486 1698 1647 1743 tangebat
1665 1698 1744 1732 vir—

1066 1762 1144 1793 gas,
1169 1762 1230 1783 seu
1251 1749 1381 1791 lineas;
1405 1750 1433 1784 si
1454 1763 1538 1785 vero
1554 1763 1626 1784 nux
1640 1750 1744 1786 missa

1066 1799 1209 1834 Deltoto
1226 1800 1363 1845 penitus
1379 1801 1578 1846 emigrasset
1590 1828 1600 1846 ,
1625 1802 1743 1837 missio

1064 1845 1127 1886 ista
1144 1859 1217 1886 erat
1231 1852 1326 1887 irrita
1339 1879 1349 1896 ,
1369 1860 1404 1888 et
1418 1853 1503 1889 alius
1518 1867 1558 1888 ex
1573 1855 1672 1890 soriis
1685 1855 1742 1890 ad-

1065 1903 1279 1938 mittebatur.
1291 1903 1400 1939 Recte
1411 1931 1420 1948 ,
1435 1911 1475 1939 ut
1485 1905 1628 1950 quidem
1636 1912 1740 1952 puto,

1065 1955 1262 1991 Sentlebius
1272 1983 1282 2001 ,
1296 1958 1353 2002 qui
1365 1958 1506 1993 uberius
1516 1958 1612 1994 hunc
1624 1959 1742 1995 locum

1064 2007 1210 2042 illustrat
1227 2021 1234 2043 :
1258 2021 1341 2043 nam
1358 2013 1541 2044 consistere
1556 2023 1627 2045 nux
1648 2010 1741 2046 diei-

1064 2067 1123 2095 tur
1132 2087 1141 2104 ,
1160 2074 1236 2106 quae
1250 2074 1268 2095 e
1281 2075 1389 2096 manu
1398 2063 1521 2098 emissa
1533 2070 1568 2098 et
1583 2063 1738 2107 evoluta,

1065 2114 1208 2158 quiescit
1232 2121 1267 2149 et
1282 2128 1422 2150 cursum
1437 2116 1515 2151 finit
1527 2143 1537 2162 ,
1562 2123 1602 2152 ut
1617 2117 1739 2152 millies

1064 2178 1104 2199 ea
1122 2178 1187 2200 vox
1203 2167 1361 2202 occurrit.
1375 2167 1505 2202 Bunm.

1108 2219 1160 2253 85.
1190 2221 1260 2254 Vas
1284 2233 1417 2265 quoque,
1446 2220 1613 2255 Meminit
1634 2220 1738 2266 hujus

1061 2269 1155 2305 lusus
1181 2278 1216 2305 et
1234 2272 1372 2307 Persius
1391 2283 1399 2303 :
1416 2273 1467 2306 Et
1482 2276 1631 2317 angusta·
1650 2275 1739 2307 collo

1061 2333 1128 2354 non
1138 2322 1265 2366 fallier
1275 2336 1368 2358 orcoe.
1388 2323 1523 2369 Singuli
1542 2323 1640 2369 pueri
1665 2323 1737 2357 de—

1061 2380 1200 2416 ponunt
1214 2387 1319 2408 nuces
1336 2374 1466 2419 aliquot
1481 2375 1517 2409 in
1534 2387 1650 2409 orcam
1663 2400 1674 2419 ,
1699 2374 1736 2409 id

1060 2431 1112 2458 est
1138 2424 1213 2459 ollae
1238 2439 1347 2471 genus
1368 2436 1376 2457 ε
1401 2426 1528 2461 deinde
1553 2440 1594 2461 ex
1615 2427 1734 2462 inter-

1060 2476 1147 2510 vallo
1157 2477 1279 2522 singuli
1290 2491 1352 2522 per
1360 2478 1449 2513 vices
1460 2485 1584 2524 petunt
1590 2491 1628 2513 os
1638 2478 1712 2513 ollae
1723 2493 1732 2521 ;

1061 2530 1119 2573 qui
1143 2530 1235 2564 solus
1251 2557 1261 2574 ,
1289 2537 1347 2564 aut
1367 2531 1583 2576 frequentius
1607 2532 1734 2565 immi-

1059 2583 1164 2626 serit,
1183 2584 1295 2617 aufert
1311 2596 1433 2618 omnes
1449 2597 1564 2619 nuces.
1587 2583 1732 2618 EnAsm.

1058 2655 1102 2662 —-
1139 2637 1310 2681 Quamvis
1351 2637 1555 2672 Scholiastes
1586 2636 1696 2672 Persii
1719 2662 1731 2680 ,

1059 2690 1210 2734 quisquis
1233 2690 1289 2724 ille
1316 2690 1359 2724 sit
1374 2716 1383 2734 ,
1412 2690 1480 2725 huc
1504 2691 1652 2733 reserat,
1686 2688 1729 2723 ad

1059 2742 1227 2776 Talorum
1240 2743 1370 2787 jactum
1386 2749 1437 2777 est
1451 2741 1686 2777 referendum.

1098 2807 1153 2841 9⁰·
1177 2795 1253 2831 Non
1269 2807 1292 2829 a
1309 2797 1430 2829 meina.
1454 2796 1529 2830 Noa
1543 2797 1597 2828 esl
1616 2795 1729 2827 m'ct'na
