1884 3112
452 414 1000 486 EPISTOLA
1040 417 1250 491 XVI.

555 822 799 881 PARIS
847 824 1228 881 HELENAE.

180 978 359 1047 HANG
381 997 466 1047 tibi
488 998 732 1047 Priamides
749 998 903 1057 mitto,
927 997 1106 1057 Ledaea,
1130 998 1339 1058 salutem,

241 1074 355 1139 Quae
377 1075 516 1124 tribui
540 1075 635 1125 sola
657 1087 701 1125 te
724 1076 836 1125 mihi
860 1075 991 1125 dante
1013 1087 1177 1143 potest.

176 1149 409 1219 Eloquar?
428 1172 485 1202 an
507 1152 690 1202 flammae
711 1173 806 1202 non
829 1165 897 1203 est
915 1173 1030 1221 opus
1050 1154 1194 1203 indice
1217 1166 1357 1212 notae;

211 1278 215 1281 .
241 1229 304 1278 Et
324 1227 451 1296 pluS,
477 1248 609 1296 quam
628 1229 806 1290 vellem,
828 1231 919 1297 jam
942 1249 1067 1280 meus
1089 1243 1234 1280 exstat
1257 1232 1411 1280 amor?

177 1304 259 1356 Ille
283 1307 462 1374 quidem
482 1306 632 1356 malim
655 1307 809 1367 lateat;
833 1309 940 1358 dum
963 1320 1163 1376 tempora
1186 1309 1347 1358 dentur
1585 1325 1606 1358 5

245 1385 427 1433 Laetitiae
447 1385 612 1434 mixtos
634 1404 728 1434 non
750 1386 959 1435 habitura
978 1398 1142 1435 metus:

180 1460 270 1510 Sed
291 1461 402 1511 male
426 1462 657 1511 dissimulo
678 1483 689 1512 :
710 1464 810 1530 quis
834 1464 951 1512 enim
975 1463 1180 1513 celaverit
1200 1464 1370 1528 ignem,

243 1539 433 1589 Lumine
456 1539 535 1606 qui
557 1558 728 1607 semper
748 1541 957 1607 proditur
978 1541 1074 1608 ipse
1100 1542 1219 1590 suo?

177 1616 229 1665 Si
251 1629 397 1668 tamen
420 1630 645 1685 exspectas
664 1637 817 1667 vocem
841 1638 1021 1686 quoque
1043 1619 1181 1668 rebus
1205 1631 1258 1668 ut
1280 1619 1437 1668 addam
1453 1656 1465 1678 ,

242 1697 392 1746 Uror:
410 1697 548 1746 habes
572 1697 707 1745 animi
729 1698 888 1746 nuntia
909 1698 1045 1746 verba
1066 1698 1167 1746 mei.
1566 1723 1606 1745 ιο

177 1770 329 1832 Parce,
352 1792 533 1841 precor,
558 1773 676 1823 fasso
698 1794 709 1823 ε
733 1774 815 1823 nec
833 1772 960 1822 vultu
984 1784 1125 1822 cetera
1149 1772 1263 1822 duro

241 1850 446 1914 Perlege,
469 1851 550 1900 sed
569 1851 723 1901 formae
747 1851 1036 1901 conveniente
1058 1863 1157 1900 tuae.

176 1928 448 1979 ,Iamdudum
467 1940 642 1992 gratum
663 1941 752 1989 est,
779 1929 900 1996 quod
925 1928 1112 1996 epistola
1130 1940 1286 1978 nostra
1303 1940 1479 1996 recepta

222 2089 253 2110 ι.
272 2075 385 2114 Hune.
403 2074 512 2110 Forte
528 2074 655 2110 rectius
667 2101 677 2119 ‚
694 2077 760 2110 hac
775 2078 856 2111 tibi.-

173 2126 303 2164 adlinet
317 2127 474 2174 Epist-ih
487 2128 543 2171 (ut
560 2127 668 2173 Epist.
686 2138 768 2171 xlx,
784 2141 856 2162 vet*-

175 2181 230 2215 δίε
243 2178 376 2215 mittete
387 2180 546 2223 salutem)
566 2180 669 2214 mitto
686 2180 747 2214 tibi
762 2180 856 2215 salu-

177 2239 251 2267 tem
269 2244 278 2266 ι
299 2231 358 2267 sed
383 2232 521 2278 vulgata
546 2231 688 2267 defendi
714 2239 828 2278 potest
842 2258 852 2277 ,

175 2297 218 2320 ex
233 2295 279 2330 v,
296 2285 402 2320 Trist.
419 2286 480 2330 13,
501 2300 528 2321 1.

175 2342 252 2368 unna
261 2346 323 2367 tun·
334 2350 350 2367 o
362 2341 452 2367 Getico
461 2342 543 2366 mittit
554 2342 604 2367 tihi
615 2342 688 2368 Naso
699 2342 818 2367 salutem.

175 2391 250 2428 Pro
265 2391 409 2430 ledea,
433 2389 583 2425 malebat
602 2391 756 2426 Hensius
778 2392 854 2425 Le·—

175 2446 250 2479 dei.
272 2443 403 2479 Bona.

221 2511 250 2543 7.
277 2497 362 2540 Quis
371 2498 460 2530 enin
483 2496 644 2530 celaverit
658 2498 769 2540 ignem
788 2500 852 2530 etc.

176 2549 274 2584 Hinc
289 2548 379 2583 sorte
401 2554 521 2583 noster
538 2548 703 2582 menen:

174 2609 215 2635 Et
233 2608 270 2635 15⁸
289 2609 364 2646 fiua-
384 2608 443 2633 mal
457 2613 572 2633 coucam
588 2608 647 2632 n'en
668 2606 784 2633 dolam
803 2616 854 2641 quc

241 2665 343 2683 mim-
365 2664 376 2670 “

217 2719 251 2754 9.
272 2707 314 2740 Si
333 2709 445 2740 lamen
467 2710 638 2750 expectas.
659 2707 849 2751 Expectes,

177 2757 351 2794 Junianus
366 2766 402 2794 et
417 2766 567 2804 quatuor
582 2758 646 2792 alii.
663 2760 734 2793 Sed
741 2763 853 2794 tamen

178 2814 337 2854 expectas
351 2810 448 2846 Leid.
463 2818 499 2846 et
513 2810 584 2846 duo
599 2817 766 2858 praeterea
786 2811 851 2847 alii.

970 2088 1019 2110 12.
1035 2076 1185 2120 Perlege.
1201 2076 1363 2121 Respice,
1379 2074 1604 2112 Lovaniensis

922 2140 1014 2163 unus
1028 2140 1036 2162 :
1050 2140 1124 2162 non
1141 2128 1242 2162 male.

968 2180 1016 2214 13.
1034 2182 1186 2224 Recepta
1193 2183 1255 2214 est.
1267 2179 1390 2215 Douza
1399 2185 1499 2214 notat
1507 2179 1599 2226 apud

918 2231 1063 2267 idoneos
1080 2232 1248 2268 Oratores
1269 2245 1343 2267 non
1359 2246 1431 2267 esse
1452 2232 1490 2267 in
1508 2245 1593 2276 usu,

918 2288 1032 2330 recepi
1042 2287 1231 2330 Epistolam
1253 2289 1345 2320 tuam
1356 2312 1364 2326 ,
1383 2284 1444 2320 sed
1460 2288 1600 2329 accepi.-

919 2345 954 2373 at
971 2339 1149 2374 Nasonem
1166 2338 1284 2373 secisse
1301 2338 1503 2373 necessitate
1520 2350 1599 2372 me-

918 2391 964 2425 tri
983 2404 992 2426 :
1007 2390 1067 2426 sed
1081 2390 1128 2426 ita
1143 2404 1302 2426 excusare
1320 2395 1437 2437 poe’tas
1448 2418 1458 2435 ,
1476 2398 1527 2426 est
1545 2404 1596 2426 ac-

916 2456 1058 2486 cusare;
1079 2455 1153 2478 non
1173 2443 1269 2479 enim
1290 2444 1394 2478 metri
1411 2443 1594 2478 necessitas

917 2497 1063 2532 efficere·
1078 2496 1204 2540 debet,
1222 2503 1262 2530 ut
1283 2495 1400 2531 minus
1420 2496 1597 2541 eleganter

917 2557 954 2584 et
970 2550 1075 2584 latine
1096 2552 1197 2596 poeta
1216 2547 1381 2595 loquatur
1399 2561 1407 2584 :
1423 2561 1529 2594 quare
1544 2560 1602 2594 po-

917 2602 984 2637 tius
1008 2609 1186 2637 auctorem
1202 2601 1306 2648 hujus
1328 2600 1491 2647 Epistolae
1509 2600 1597 2645 (du-

916 2655 1047 2690 bitatur
1057 2654 1154 2689 enim
1167 2667 1211 2689 an
1224 2653 1372 2690 Ovidius
1384 2654 1462 2697 sit),
1478 2652 1595 2690 lusisse

917 2714 1003 2754 puto
1014 2734 1024 2750 ,
1036 2707 1073 2741 in
1087 2707 1246 2753 ambigua
1260 2706 1510 2753 significatione
1522 2718 1596 2740 ver-

917 2759 952 2794 bi
966 2762 1130 2805 recipere:
1145 2756 1215 2805 quo
1228 2766 1349 2794 noster
1365 2758 1475 2794 utitur
1489 2758 1595 2794 etiam

917 2812 1011 2848 Naso
1024 2811 1066 2847 de
1081 2812 1274 2847 amantibus
1284 2818 1319 2846 et
1334 2811 1454 2857 puellis
1469 2811 1503 2845 in
1519 2819 1595 2844 toro
