1884 3112
285 247 395 281 xxxv
808 231 1185 279 PRAEFATIO.

284 333 454 381 multum
476 349 629 399 quoque
655 331 798 396 refirre
816 331 995 389 censui,
1032 349 1087 379 an
1104 341 1238 380 teneas
1268 350 1431 382 causam
1461 352 1511 383 ac
1541 335 1710 385 modum

267 404 471 485 figuraloe
489 417 692 474 dicubm's,
720 417 886 467 inversoe
899 427 1133 475 structum,
1150 421 1317 468 mutata?
1333 420 1517 487 vuffqan's
1539 441 1704 472 consue-

285 505 436 554 tudinis
454 505 494 553 ίη
509 503 805 570 exquisitzbrem
823 522 874 552 ac
889 503 1104 554 doctiorem
1117 545 1129 563 ‚
1148 523 1240 573 quoe
1247 516 1410 572 poetam
1428 507 1566 558 deceat
1577 521 1658 559 etc.
1680 515 1705 538 '³

288 595 393 643 Haec
409 594 546 656 igitur
561 591 712 653 volui,
736 593 1011 642 haec'tentavi
1030 606 1209 644 :utrum
1226 607 1372 645 autem
1385 596 1499 646 bene
1518 599 1706 647 tentanti

286 684 345 731 sit
367 699 673 732 successurum
687 719 700 740 ,
736 682 809 730 vix
835 681 979 731 habeo
1008 683 1126 732 unde
1155 702 1326 751 sperem
1344 721 1356 743 ,
1390 704 1528 751 quum
1553 697 1597 735 et
1619 686 1708 754 ipsi

285 772 461 840 Heynio
482 790 664 821 somnus
677 771 900 820 interdum
914 772 962 820 in
977 791 1110 839 opere
1127 784 1215 822 tam
1228 772 1365 837 longo
1379 774 1640 841 obrepserit.

351 861 451 908 Hoc
472 878 613 908 unum
634 871 676 908 te
690 896 703 918 ,
719 860 882 908 Lector
902 859 1219 910 humanissime
1232 899 1244 920 ‚
1267 881 1347 910 oro
1361 900 1374 920 ,
1393 862 1706 930 obtestorque,

286 958 337 995 ut
357 966 441 1014 pro
466 958 586 996 certo
614 946 779 996 habeas
800 946 914 995 nihil
936 946 1103 996 volenti
1126 960 1202 996 aut
1225 948 1443 998 inattento
1469 949 1707 1007 excidisse;

286 1053 366 1083 nec
388 1033 622 1096 indignum
639 1053 824 1102 prorsus
845 1036 1020 1084 Nasone
1044 1047 1089 1084 et
1109 1035 1215 1084 viris
1239 1035 1383 1085 doctis
1402 1055 1516 1103 opus
1535 1056 1605 1090 me
1622 1037 1711 1086 edi-

287 1134 437 1170 turum
449 1159 461 1180 ,
487 1121 526 1169 si
541 1134 755 1188 quantum
774 1122 822 1170 in
837 1142 907 1171 me
924 1122 1060 1171 studii
1083 1134 1127 1171 et
1142 1123 1310 1172 ardoris
1320 1161 1332 1182 ‚
1359 1135 1532 1174 tantum
1546 1125 1710 1174 inesset

288 1210 394 1258 artis
419 1220 464 1258 et
485 1209 666 1272 ingenii.
690 1210 791 1258 Hoc
812 1228 988 1276 quoque
1013 1210 1123 1258 scire
1147 1222 1211 1269 te,
1240 1211 1532 1278 inprimisque
1561 1223 1709 1261 tenere

286 1296 414 1346 velim
430 1335 443 1354 ‚
474 1315 569 1345 non
590 1296 727 1345 modo
749 1315 844 1344 non
865 1315 977 1360 aegre
1000 1295 1194 1345 laturum
1215 1298 1409 1347 censoris
1433 1299 1710 1349 animadver-

287 1386 483 1444 sionem3
510 1385 587 1434 sed
615 1384 892 1451 expostulare
917 1403 970 1433 ex
990 1384 1137 1433 animo
1157 1422 1168 1443 ,
1197 1367 1249 1433 ut
1273 1385 1492 1453 quidquid
1505 1405 1711 1453 peccave-

287 1475 389 1533 rim,
408 1492 589 1523 moneas
607 1473 742 1522 amice
756 1509 768 1531 ‚
796 1490 876 1520 nec
896 1472 1097 1538 peccanti
1109 1472 1285 1538 parcius
1303 1471 1534 1536 indulgeas
1546 1512 1558 1533 ,
1580 1491 1711 1541 quam

286 1563 382 1628 ipse
409 1561 520 1609 mihi
549 1559 672 1609 soleo
705 1578 906 1626 parcere,
931 1559 1016 1607 ubi
1045 1559 1239 1625 primum
1270 1561 1430 1609 erroris
1457 1580 1711 1610 commone-

289 1649 456 1698 factus:
504 1682 510 1693 .

357 1737 453 1784 Hac
477 1754 559 1798 ego
591 1753 660 1784 me
694 1733 780 1782 tibi
810 1733 905 1797 lege
935 1744 1081 1781 totum
1113 1732 1371 1792 committo,
1402 1752 1480 1801 spe
1502 1745 1712 1801 metuque

290 1822 534 1889 trepidum3
566 1833 610 1870 et
632 1821 741 1887 quid
767 1821 821 1869 de
843 1823 1022 1869 Nasone
1053 1831 1209 1868 nostro
1248 1821 1465 1880 senseris,=
1481 1822 1607 1871 anxie
1635 1821 1712 1872 ad·

290 1912 474 1960 modum
496 1921 834 1977 exspectantem.

354 2001 522 2049 Firmat
546 2011 691 2048 tamen
708 1998 934 2065 aliquanto
951 1997 1199 2047 dubitantis
1215 1998 1384 2047 animos
1405 1999 1559 2065 opinio
1579 1998 1710 2048 talem

290 2107 409 2137 nunc
440 2089 620 2155 prodire
657 2088 894 2147 Ovidium,
933 2086 1075 2154 qualis
1107 2105 1327 2153 nusquam
1349 2106 1372 2136 e
1396 2087 1541 2154 praelis
1565 2087 1710 2136 adhuc

292 2176 469 2234 exierit3
498 2187 542 2223 et
567 2175 820 2241 interpreti,
857 2174 896 2223 si
925 2174 1038 2223 forte
1075 2173 1301 2234 defecerit,
1327 2175 1560 2224 subvenire
1587 2175 1713 2224 auxi-

291 2262 420 2312 liares
444 2262 693 2311 chartarum
715 2263 929 2322 nitorem,
962 2274 1007 2311 et
1037 2274 1281 2312 accuratam
1300 2275 1510 2330 ¹typorum
1533 2262 1711 2326 elegan-

296 2352 427 2411 tiam,
453 2370 550 2418 quae
572 2352 862 2419 Typographi
885 2352 1027 2400 nostri
1047 2371 1211 2402 nomen
1248 2357 1297 2381 **
1324 2373 1424 2402 cum
1452 2353 1711 2402 nominibus

295 2439 343 2486 in
377 2438 461 2487 hac
505 2450 598 2487 arte
638 2437 933 2487 celeberrimis
963 2437 1049 2487 late
1082 2439 1357 2489 circumferet
1383 2439 1708 2490 celebrandum.

294 2525 421 2591 *Quid
444 2545 547 2574 vero
577 2526 841 2575 Chartarum
874 2527 1016 2586 nitor,
1053 2526 1161 2594 quid
1183 2526 1398 2591 elegantia
1419 2539 1651 2594 typorum,
1672 2525 1712 2574 si

337 2656 355 2676 *
365 2657 397 2693 E
409 2659 616 2695 Praesatione
628 2661 714 2696 tomi
725 2671 784 2705 111,
797 2660 890 2697 Edit.
901 2659 1022 2706 primae
1036 2675 1044 2703 ;
1060 2661 1196 2700 Nostrae
1207 2674 1303 2709 vero,
1317 2668 1402 2699 tom.
1413 2671 1441 2708 1,
1453 2673 1527 2708 pag.
1539 2674 1579 2708 27
1589 2667 1624 2697 et
1634 2661 1688 2696 28-

337 2723 371 2744 *⁸
390 2724 486 2761 MM.
504 2725 826 2764 Dounax-Duras
839 2752 849 2771 ‚
865 2729 951 2772 pere
963 2730 1001 2764 et
1000 2728 1076 2773 fils.
