1884 3112
651 266 1052 313 PRAEFA'I'IO.
1504 283 1585 316 xxi

143 368 373 431 >diambus
383 406 396 427 ‚
410 368 458 418 in
467 366 626 419 melius
639 388 952 420 consanescere
966 369 1179 420 fecerunt.
1194 370 1289 419 Nec
1300 367 1581 421 diffitendum

142 456 310 521 auxilio
327 456 405 507 tali
420 459 637 508 Nostrum
655 459 817 526 saepius
835 459 1096 523 indiguisse,
1113 458 1193 527 qui
1209 457 1278 522 {el
1291 459 1391 527 ipsa
1407 458 1581 523 ingenii

143 546 318 599 luxurie
336 559 381 598 et
393 548 505 598 mira
518 567 706 616 prorsus
719 547 896 598 dicendi
912 548 1062 616 copia,
1078 548 1280 598 latiorem
1290 587 1303 608 ‚
1325 567 1458 616 quam
1471 547 1585 597 alius

146 639 438 707 quicumque,
455 638 799 705 conjicientibus
812 657 1018 706 campum
1031 638 1296 706 praebuerit.⁴
1305 637 1423 702 Quis
1438 649 1584 687 autem

145 729 294 779 animo
332 728 445 779 ferat
480 727 665 796 aequiori
699 727 974 792 Scaligerum
988 765 1001 786 ‚
1040 727 1243 782 Douzam
1263 763 1276 786 ‚
1318 727 1556 777 Heinsium
1572 763 1584 784 ‚

143 818 476 882 Burmannuxn,
500 815 570 866 vel
592 816 729 867 alium
752 817 953 885 quemvis
971 836 994 866 e
1013 816 1301 885 principibus
1317 816 1367 864 in
1387 828 1479 866 arte
1501 815 1588 864 cri-

145 906 235 956 tica
254 907 386 967 viris,
421 907 716 971 Augustaeum
741 918 922 974 poetam
953 906 1165 958 audacius
1191 905 1505 970 refingentem,
1542 916 1587 954 et

144 995 254 1045 male
282 1005 464 1045 tornatos
487 996 548 1060 (si
569 995 751 1064 quando
774 996 838 1045 sic
859 994 1115 1057 videantur)
1143 1013 1288 1043 versus
1314 1012 1410 1042 non
1436 992 1589 1042 incudi

144 1086 283 1150 modo
302 1088 562 1145 reddentem
583 1108 637 1140 ex
659 1090 865 1160 professo
886 1128 899 1150 ‚
933 1090 1012 1140 sed
1035 1089 1098 1139 ita
1120 1088 1428 1146 recudentem,
1452 1098 1505 1135 ut
1531 1106 1587 1135 ne

145 1196 288 1235 unum
305 1177 488 1245 quidem
508 1198 532 1229 e
549 1179 692 1247 priori
707 1179 900 1229 lectione
918 1179 1124 1238 verbum,
1147 1179 1196 1227 in
1213 1176 1452 1228 recentiori
1473 1195 1588 1244 saepe

146 1265 454 1334 deprehendas
471 1267 492 1316 ?

212 1354 300 1403 His
314 1354 455 1418 igitur
468 1354 784 1412 animadversis
796 1392 808 1414 ,
826 1367 1085 1405 contextum
1101 1354 1164 1404 sic
1179 1354 1291 1403 mihi
1304 1352 1588 1403 statuendum

147 1442 392 1509 proposui,
415 1454 469 1493 ut
484 1442 1012 1499 Hei‘tzsaeb-Bunnanm'anoe
1024 1442 1274 1492 recensioni
1293 1442 1427 1491 toties
1445 1441 1589 1491 adhae-

149 1549 316 1590 rerem,
347 1531 524 1598 quoties
546 1549 641 1582 non
663 1531 727 1584 ita
749 1531 909 1598 procul
937 1532 994 1581 ab
1015 1530 1187 1581 ,ovidio
1210 1530 1458 1590 recederet;
1492 1551 1590 1598 quae

149 1637 253 1668 vero
273 1617 379 1686 plus
398 1618 601 1678 minusve
621 1617 810 1674 feliciter
831 1619 1140 1685 conjecerunt,
1167 1638 1192 1668 a
1216 1631 1340 1668 textu
1361 1618 1520 1686 procul
1542 1619 1590 1668 in

147 1716 280 1755 notas
295 1704 534 1770 releganda
551 1707 715 1766 curavi,
731 1707 1138 1772 ingeniosissimam
1158 1708 1354 1757 virorum
1373 1709 1591 1773 sagacita—

146 1805 258 1854 tem,
278 1805 324 1854 et
341 1793 609 1859 elegantiam
626 1816 771 1864 prope
789 1797 1093 1848 Nasonianam
1111 1797 1234 1847 haud
1251 1797 1386 1848 semel
1405 1797 1591 1847 demira-

147 1893 245 1947 tus3
267 1883 348 1941 sed
366 1902 458 1951 quo
474 1884 765 1951 procederem
786 1884 969 1949 longius
983 1923 996 1944 ‚
1029 1906 1082 1936 eo
1107 1887 1249 1950 magis
1270 1899 1395 1936 ratus
1416 1907 1509 1936 non
1528 1887 1591 1936 sic

147 1982 376 2033 auctorem
391 1971 639 2031 emendari,
660 1972 738 2022 sed
756 1973 819 2022 ita
833 1974 999 2024 sensim
1014 1974 1251 2024 deformari
1261 2013 1274 2034 ‚
1295 1987 1349 2025 ut
1362 1976 1434 2025 vix
1447 1975 1589 2026 ullum

148 2073 292 2123 servet
314 2061 557 2129 aliquando
585 2062 656 2112 sui
678 2062 931 2127 vestigium.
962 2063 1054 2113 Sed
1081 2064 1179 2113 haec'
1199 2063 1254 2113 de
1283 2064 1591 2115 emendatione

151 2150 271 2204 satis.

215 2240 358 2305 Quod
377 2259 484 2303 vero
507 2241 564 2301 ad
588 2241 1003 2310 interpretationem
1028 2253 1223 2308 spectat,
1259 2241 1425 2310 duplex
1449 2263 1590 2307 genus

151 2346 246 2377 esse
266 2327 409 2378 dicam
433 2348 445 2377 :
468 2348 540 2378 res
562 2329 730 2378 scilieet
747 2341 792 2378 et
809 2330 966 2388 verba;
988 2329 1078 2388 vel,
1103 2342 1156 2380 ut
1173 2331 1237 2380 ait
1254 2331 1591 2396 Quintilianus,

150 2416 252 2484 quid
269 2428 315 2466 et
330 2417 530 2484 quomodo
549 2417 721 2467 dicatur.
748 2419 817 2468 De
837 2419 989 2468 verbis
1013 2419 1215 2485 quidem,
1246 2420 1362 2470 nihil
1381 2434 1450 2470 est
1474 2434 1591 2471 certe

152 2506 278 2574 quod
298 2505 543 2566 desideres;
565 2506 697 2574 plura
721 2519 869 2557 autem
891 2527 989 2576 quae
1012 2507 1145 2558 tollas
1164 2508 1379 2559 libentius
1392 2548 1405 2568 ,
1432 2510 1480 2558 in
1502 2522 1592 2559 tam

152 2594 337 2662 copiosa
357 2604 544 2644 notarum
566 2607 612 2645 et
631 2595 936 2651 adnotationum
957 2597 1176 2662 farragine
1189 2635 1201 2656 ,
1233 2617 1354 2665 quae,
1381 2598 1489 2647 dum
1518 2599 1593 2647 in-

152 2694 298 2746 tegras
316 2682 408 2732 sere
423 2684 607 2751 paginas
627 2684 850 2746 obruunt,
870 2685 1019 2754 ipsum
1035 2685 1108 2735 vix
1123 2697 1350 2735 auctorem
1367 2686 1591 2735 interdum

153 2770 311 2822 sinunt
332 2790 543 2840 apparere
557 2810 569 2834 ,
596 2784 641 2823 et
665 2773 840 2838 gurgite
864 2786 990 2825 vasto
1012 2794 1107 2825 non
1128 2775 1190 2824 ita
1213 2774 1340 2826 facile
1364 2794 1593 2840 emergen-
