1884 3112
595 284 878 331 HELENA
908 286 1170 334 PAR1n1.
1211 352 1215 355 .

247 376 448 443 Cumque
471 395 554 427 suo
575 378 800 430 Priamum
821 382 1121 432 Laomedonte
1143 382 1267 433 refer.

182 451 313 518 Quos
336 472 419 516 ego
441 455 633 523 suspicio
653 478 664 506 :
683 457 781 516 sed,
815 459 893 525 qui
918 460 1002 508 tibi
1026 459 1167 524 gloria
1189 479 1348 524 magna
1369 472 1436 510 est

247 529 469 595 Quintus,
488 531 527 582 is
549 553 574 582 a
595 547 753 584 nostro
780 536 992 599 sanguine
1017 537 1188 603 primus
1212 537 1308 586 erit.
1553 551 1597 586 σο

177 605 363 674 Sceptra
382 619 467 657 tuae
491 611 688 677 quamvis
709 631 806 661 rear
828 630 921 661 esse
944 613 1147 680 potentia
1167 613 1311 679 Trojae
1330 650 1342 672 ‚

241 684 348 733 Non
372 695 517 734 tamen
537 686 629 736 haec
652 687 741 736 illis
765 708 858 738 esse
878 689 1052 738 minora
1073 701 1199 756 puto.

176 760 227 821 Si
245 758 336 827 jain
359 761 523 813 divitiis
546 764 671 814 locus
694 765 768 815 hic
791 785 1066 834 numeroque
1089 767 1285 817 virorum

241 838 472 900 Vincitur3
492 852 537 890 at
559 854 675 891 certe
698 842 888 892 barbara
908 854 1023 892 terra
1046 854 1123 891 tua
1145 854 1225 892 est.

174 915 366 965 Munera
387 927 511 966 tanta
534 919 713 985 quidem
736 921 962 986 promittit
985 920 1175 988 epistola
1197 921 1337 978 dives,
1555 937 1599 972 65

238 994 304 1041 Ut
318 994 494 1060 possint
515 995 634 1062 ipsas
657 996 734 1046 illa
756 1017 931 1048 movere
955 1000 1086 1048 Deas.

173 1069 262 1119 Sed
283 1070 322 1118 si
340 1070 431 1137 jam
451 1071 562 1121 fines
586 1071 742 1123 vellem
767 1075 952 1125 transire
972 1076 1181 1143 pudoris;

237 1149 310 1196 Tu
332 1148 490 1198 melior
513 1150 655 1218 culpae
678 1170 809 1200 causa
830 1152 1008 1202 futurus
1033 1173 1142 1203 eras.

1509 291 1594 336 313

172 1228 269 1277 Aut
289 1247 373 1293 ego
396 1241 614 1298 perpetuo
635 1229 795 1280 famam
817 1231 912 1281 sine
937 1230 1037 1281 labe
1060 1233 1223 1282 tenebo
1241 1252 1251 1291 ;

173 1387 339 1436 Micyllus
353 1415 364 1434 ‚
387 1395 424 1424 et
449 1387 624 1427 Colinaeus
636 1416 646 1435 ,
662 1392 764 1426 claroe
773 1395 856 1436 pn·-

172 1444 304 1477 mordia
322 1446 446 1488 gentis.
461 1443 591 1479 Forte:

173 1497 189 1522 1
200 1506 280 1530 nime,
289 1503 316 1523 et
325 1497 474 1534 Phrygibus
484 1499 559 1525 elam
564 1501 707 1533 primordia
713 1502 796 1535 gentis
803 1507 854 1528 ete.

172 1546 275 1582 Jacta
287 1553 322 1582 te
340 1546 537 1596 Phrygibus
554 1549 640 1594 tuis,
654 1563 729 1586 non
744 1550 854 1596 mihi,

174 1598 236 1644 qui
247 1611 374 1646 genere
385 1599 555 1635 nobiliore
568 1614 627 1636 me
639 1603 764 1637 efferre
774 1616 857 1648 pos-

171 1663 254 1686 sum
262 1664 277 1687 ·:
288 1651 390 1687 multi
404 1651 511 1687 etiam
525 1654 642 1700 scripti
650 1658 863 1709 praecondia5⁴

171 1704 267 1743 soree,
277 1730 288 1748 ‚
321 1716 386 1751 pro
403 1711 583 1750 preconia.
604 1707 735 1744 Bunlm
762 1710 855 1745 Ser—

172 1757 328 1793 vandum
337 1760 410 1794 late
418 1770 431 1802 ,·
439 1759 476 1794 id
487 1766 539 1795 est
549 1761 623 1796 suse
634 1787 643 1805 ,
655 1762 853 1808 magnifice,

172 1811 292 1847 multis
303 1812 426 1848 verbis.
440 1813 493 1848 Ita
507 1813 620 1850 Cicer.
631 1814 674 1850 de
686 1811 799 1852 Finib.
808 1827 853 1861 11,

171 1863 211 1898 6:
220 1877 237 1893 a
248 1865 370 1900 Latius
379 1865 576 1912 loquuntur
589 1866 749 1903 rhetores
760 1883 769 1911 ;
787 1868 856 1903 dia-

171 1913 285 1950 lectici
297 1917 536 1963 compressius.
546 1933 564 1949 »
574 1918 622 1953 Et
628 1919 769 1964 Noster,
779 1920 855 1955 Art.

173 1966 294 2004 Amat.
307 1979 372 2014 111,
389 1970 473 2005 535:

171 2022 231 2048 No·
238 2021 352 2049 sah-n·
363 2024 466 2058 planit-
477 2025 532 2050 Ian
542 2027 670 2059 preconio
677 2026 775 2053 sorma-
787 2028 821 2053 L.

209 2072 271 2118 *Go-
294 2073 332 2108 A
343 2077 456 2109 noslm
466 2078 631 2120 sanguine
644 2081 772 2120 primus
782 2079 859 2114 en't.

172 2124 316 2160 Nomine
322 2125 522 2161 Puteaneus
531 2134 567 2161 et
574 2127 675 2163 multi
683 2128 737 2163 alii
746 2142 754 2164 :
762 2130 857 2175 quod

173 2182 298 2210 verum
307 2183 375 2213 est:
385 2188 504 2212 nomen
518 2191 582 2224 pro
597 2187 719 2225 gente3
732 2194 800 2226 qua
812 2181 856 2216 de

172 2238 214 2261 re
224 2225 386 2263 nonnihil
396 2229 470 2275 jam
484 2229 617 2265 dictum
628 2237 680 2266 est
691 2231 735 2266 ad
747 2232 856 2278 Epist.

173 2287 224 2322 11,
238 2290 326 2314 vers.
345 2281 398 2316 50.
421 2279 480 2316 Sic
491 2281 584 2327 apud
602 2282 700 2329 Virg.
713 2282 770 2319 lib.
786 2294 831 2318 111
843 2310 854 2329 ,

174 2330 303 2379 Georg.
319 2332 381 2369 35:

353 2409 384 2418 ..·
396 2394 574 2428 Dominoque
585 2395 618 2420 ab
629 2396 695 2421 Jove
705 2396 788 2429 genti·

173 2441 308 2474 Non-ina,
324 2441 444 2476 Trosque
465 2451 558 2477 pareus
569 2449 597 2469 et
618 2444 706 2477 Trojae
725 2443 855 2479 Cynthius

256 2495 358 2516 auctor.
665 2493 771 2519 Huius.

173 2557 219 2565 —
233 2540 270 2573 A
279 2543 395 2574 nostro
408 2543 541 2575 nomine
554 2567 564 2582 ‚
580 2540 638 2576 hic
649 2541 855 2587 explicarem

173 2604 198 2625 a
212 2603 266 2626 me
279 2594 382 2636 1‘psa‚·
407 2604 492 2626 nam
513 2593 542 2628 si
566 2599 607 2628 tu
631 2595 854 2630 numerando

178 2642 345 2689 quintum
351 2644 480 2679 Jovem
492 2642 649 2681 invenias
662 2673 672 2691 ,
688 2659 754 2693 ego
764 2660 785 2682 a
795 2661 853 2684 me

168 2698 312 2741 primum
335 2695 457 2731 habeo.
483 2696 542 2732 Sic
565 2697 674 2744 Epist.
693 2709 723 2733 11
737 2725 746 2742 ,
768 2713 828 2734 ιιι
845 2713 854 2736 :

173 2748 317 2782 Nomine
316 2748 472 2793 femineo
485 2762 553 2784 non
564 2753 654 2784 salis
669 2755 753 2796 apta
763 2756 855 2797 regi,-

175 2799 212 2833 id
227 2807 297 2844 est,
314 2813 338 2835 a
351 2802 495 2846 semina.
515 2803 574 2839 Sic
592 2804 770 2850 Justinus,
791 2819 856 2841 no-

920 1396 1014 1428 mina
1022 1386 1176 1439 Pbffep'pi
1182 1397 1219 1428 el
1229 1393 1430 1434 Alexandri,
1445 1406 1509 1439 pro
1518 1392 1598 1429 Phi-

919 1445 1015 1492 lippo
1034 1452 1070 1481 et
1093 1445 1290 1481 Alexandro
1314 1446 1438 1492 posuit.
1461 1445 1521 1482 Sic
1536 1459 1600 1480 no-

920 1511 996 1533 men
1010 1500 1121 1542 agelli
1131 1511 1196 1544 pro
1207 1511 1290 1545 agro
1300 1525 1309 1543 ,
1321 1505 1356 1533 et
1368 1506 1512 1533 centum
1523 1498 1598 1533 alia.

963 1549 1018 1584 63.
1034 1551 1076 1584 St
1075 1550 1157 1595 jam
1170 1553 1298 1586 dtismzc
1315 1558 1378 1587 etc.
1395 1551 1452 1586 Ad
1466 1564 1507 1586 ea
1517 1563 1600 1586 res-

920 1601 1072 1646 pondet,
1091 1615 1169 1649 quae
1180 1603 1359 1638 ambitiose
1373 1603 1524 1637 nimium
1535 1603 1599 1637 Pa-

920 1654 966 1688 ris
978 1654 1224 1699 praedicaverat
1235 1655 1278 1689 de
1292 1655 1451 1702 Phrygiis
1458 1655 1580 1700 opibus
1591 1668 1598 1688 :

952 1708 1015 1733 Una
1025 1709 1118 1734 domus
1128 1710 1227 1743 quoevis
1241 1710 1313 1735 urbis
1324 1709 1428 1735 habebit
1440 1711 1515 1743 opes!

921 1757 996 1793 Nee
1023 1759 1153 1794 minori
1185 1760 1370 1805 jactatione
1383 1786 1392 1804 ,
1420 1759 1464 1794 ad
1488 1760 1598 1805 ipsam

921 1809 1121 1854 Helenam;
1141 1811 1249 1858 Epist.
1266 1823 1349 1856 xv1,
1371 1813 1453 1847 185:

920 1865 945 1889 Ο
955 1866 1055 1898 quoties
1061 1866 1131 1891 dices
1138 1875 1146 1891 t
1153 1875 1235 1900 quam
1236 1866 1447 1901 pauper-Achaia
1456 1868 1596 1891 nostrnest!

921 1914 993 1948 sed
1010 1915 1200 1949 verborum
1217 1915 1308 1950 hanc
1327 1916 1599 1951 ostentationem

920 1978 994 2000 uno
1010 1973 1149 2002 tantum
1165 1968 1274 2002 verbo
1294 1969 1420 2003 refellit
1442 1969 1599 2003 Helena:

922 2019 975 2053 At
988 2024 1079 2053 cede
1093 2021 1237 2054 barbam
1252 2025 1340 2054 term
1354 2024 1414 2055 tua
1432 2025 1488 2055 est
1496 2021 1505 2055 ,⁷
1531 2033 1599 2066 qua

919 2070 994 2117 lege
1007 2098 1016 2115 ,
1037 2071 1163 2107 divitiis
1177 2075 1287 2114 vinci,
1314 2080 1350 2108 et
1366 2077 1507 2108 virorum
1526 2087 1597 2108 nu·-

921 2137 1009 2158 mero
1025 2124 1155 2159 Achaia
1171 2137 1244 2159 non
1258 2125 1400 2171 respuit.

964 2175 1017 2222 67.
1040 2177 1110 2211 Sed
1119 2177 1238 2222 sijum
1260 2179 1380 2212 vellem
1389 2179 1486 2223 fines
1501 2180 1596 2211 {ran—

920 2231 987 2262 sire
996 2231 1136 2273 pudoris
1151 2236 1215 2265 etc.
1238 2229 1385 2275 Quanto
1400 2230 1596 2275 praeclarius

921 2280 1113 2317 Homerica
1136 2282 1314 2328 Penelope
1328 2308 1338 2326 ,
1363 2281 1434 2317 Od.
1450 2289 1470 2316 Σ
1482 2309 1491 2326 ,
1509 2283 1573 2326 254
1584 2307 1594 2326 ,

920 2332 964 2367 de
979 2346 1043 2368 suo
1058 2334 1160 2369 Ulixe
1174 2361 1184 2379 ,
1202 2347 1309 2380 quem
1325 2334 1505 2370 absentem
1528 2347 1596 2369 ex-

918 2392 1034 2431 pectat
1047 2387 1054 2420 !

918 2442 959 2474 Ei
979 2442 1072 2478 κεῖνός
1093 2439 1123 2485 γ’
1141 2441 1227 2477 {Mein
1242 2443 1291 2477 τᾶν
1314 2443 1383 2486 ε’μὲν
1404 2446 1473 2486 βίον
1488 2441 1595 2487 ἄμμ-

1008 2495 1124 2529 πολι-ὕοι
1136 2520 1146 2537 ,

918 2548 1031 2587 Magi„
1052 2562 1083 2581 κε
1105 2549 1185 2586 κλέος
1209 2552 1254 2588 ε’ίη
1283 2549 1374 2592 ε’μὲν,
1401 2552 1455 2583 xxi
1474 2548 1593 2582 κάλλιον

1009 2602 1095 2633 οὕτω.

920 2649 1118 2695 Caeterum,
1136 2651 1351 2696 praescriptos
1363 2650 1488 2696 pudori
1505 2650 1593 2685 fines

915 2702 973 2736 illa
983 2703 1054 2747 jam
1068 2706 1222 2745 transiit,
1237 2703 1293 2738 cui
1312 2702 1435 2738 excidit
1451 2715 1459 2737 :
1475 2707 1511 2738 si
1518 2705 1591 2738 vel-

916 2758 982 2790 Iem
998 2759 1140 2790 transire
1153 2754 1163 2790 .¹
1445 2771 1447 2774 ¹

959 2808 1013 2855 69.
1028 2809 1203 2853 Perpetuo.
1219 2810 1418 2854 Perpetuam
1433 2809 1590 2845 Beruen-
