1884 3112
430 232 729 280 PHYLLIS
767 234 1312 285 DEMOPHOONTI.
1526 244 1582 288 33

161 323 284 374 Inter
304 333 353 372 et
374 324 560 388 AEgidas
581 326 726 377 media
747 323 953 379 statuaris
975 329 1024 378 in
1045 329 1157 380 urbe
1182 346 1194 378 τ

225 401 492 464 Magnificus
517 402 658 453 titulis
683 417 771 454 stet
792 417 918 472 pater
941 419 1041 456 ante
1065 408 1170 456 suis.
1212 469 1215 488 i

161 477 276 542 Cum
297 478 431 529 fuerit
453 481 622 548 Scyron
644 480 805 540 lectus,
833 494 1073 549 torvusque
1097 474 1383 572 Procrustes,

223 557 285 605 Et
306 557 447 617 Sinis,
472 570 517 608 et
539 559 653 608 tauri
675 560 900 625 mixtaque
922 558 1063 608 forma
1086 561 1190 619 viri;
1541 590 1588 627 7⁰

157 634 220 683 Et
241 634 418 686 domitae
440 635 561 685 bello
586 635 775 694 Thebae,
799 635 976 702 fusique
1000 636 1291 700 bimembres,

222 714 283 761 Et
304 712 485 780 pulsata*
500 713 619 776 nigri
643 713 763 775 regia
786 731 898 761 caeca
922 712 1007 761 Dei
1033 732 1045 761 τ

155 788 259 839 Hoc
282 801 359 839 tua
377 801 483 858 post
504 788 631 838 illum
654 788 786 838 titulo
810 789 1013 852 signetur
1034 789 1180 854 imago
1206 808 1218 839 :

224 889 250 911 «
272 867 359 916 Hic
381 878 470 926 est,
496 867 621 932 cujus
645 885 794 915 amans
816 866 997 933 hospita
1020 880 1147 934 capta
1169 868 1275 917 dolo
1300 881 1379 920 est.
1408 893 1433 916 »

154 942 223 994 De
248 953 370 993 tanta
391 962 538 996 rerum
561 943 710 1001 turba,
737 943 956 1010 factisque
975 945 1193 1010 parentis,
1541 966 1584 1010 75

217 1019 346 1069 Sedit
366 1020 416 1068 in
437 1020 618 1083 ingenio
644 1020 803 1069 Cressa
824 1020 977 1069 relicta
1002 1032 1093 1069 tuo.

153 1095 292 1160 Quod
314 1095 459 1147 solum
483 1109 681 1157 excusat,
709 1097 855 1146 solum
878 1097 1050 1146 miraris
1073 1097 1122 1144 in
1145 1095 1239 1145 illo.

194 1209 250 1258 67.
271 1211 369 1246 Inter
384 1215 424 1246 et
441 1211 586 1256 AEgidas
607 1218 671 1247 etc.
695 1210 832 1246 Ironice

150 1260 226 1298 bec
240 1269 276 1297 et
291 1276 368 1309 quae
378 1271 583 1310 sequuntur.
596 1263 724 1298 Thesei
737 1261 834 1298 enirn

150 1312 286 1349 labores
302 1315 432 1351 extollit
448 1315 745 1362 magnificentius,
763 1326 834 1360 quo

153 1366 351 1413 maligniori
361 1368 398 1402 in
408 1367 483 1404 luce
494 1367 638 1404 collocet
648 1366 709 1401 filii
721 1374 814 1413 gesta
823 1393 833 1410 ,

153 1430 307 1464 quorum
321 1432 459 1465 summa
475 1426 526 1455 est
539 1418 690 1466 puellam
701 1421 834 1453 creden-

152 1474 220 1505 tem
229 1471 380 1518 turpiter
391 1471 574 1518 decepisse.
586 1489 631 1497 -—
642 1471 811 1505 statuaris
822 1480 832 1501 .·

151 1529 220 1558 stes
235 1522 352 1558 media
367 1524 405 1558 in
421 1524 508 1559 urbe
518 1549 528 1568 ,
544 1529 657 1558 statua
674 1521 835 1556 donatus.

194 1574 248 1624 69.
265 1575 593 1623 Cumsuen‘tScymn
606 1582 670 1610 etc.
683 1574 831 1620 Legant,

150 1625 314 1674 colligant
333 1639 457 1663 omnes
472 1628 578 1674 patris
595 1627 646 1662 tui
662 1626 780 1662 titulos
797 1633 832 1662 et

148 1678 312 1727 praelate
325 1679 414 1716 sacta
423 1706 432 1723 ,
450 1679 596 1715 nomina
608 1692 737 1726 nempe
750 1679 832 1727 Scy-

147 1730 264 1776 ronis,
277 1732 493 1777 Procrustae,
511 1732 604 1768 Sinis
620 1739 684 1767 etc.
702 1732 752 1766 Hi
771 1732 831 1766 sa-

149 1783 240 1819 mosi
254 1781 420 1829 latrones,
433 1797 587 1831 quorum
597 1784 730 1830 primus
740 1783 831 1818 Me—

148 1848 230 1883 gara
245 1862 256 1880 ,
285 1835 372 1872 alter
389 1835 607 1886 Corydalum
629 1836 665 1871 in
691 1836 804 1871 Attica
819 1862 829 1881 ‚

149 1894 348 1934 postremus
361 1902 446 1924 vero
463 1888 731 1925 Corinthiacum
743 1888 832 1924 isth-
875 1917 879 1925 s

148 1951 251 1975 mum
271 1940 490 1978 infestabant.
521 1941 658 1990 Scyron
683 1941 831 1976 viatores

147 1995 310 2042 spoliatos
332 2009 352 2031 e
374 1996 459 2032 saxis
476 1996 666 2043 praecipites
684 1995 828 2041 agebat;

150 2047 244 2083 Sinis
259 2047 438 2084 arboribus
454 2049 641 2084 incurvatis
657 2048 704 2083 ita
719 2047 831 2093 alliga-

149 2098 210 2135 bat
227 2125 238 2144 ,
286 2107 327 2135 ut
368 2100 629 2147 resurgentibus
646 2126 656 2145 ,
687 2111 829 2151 ⁸eorum

151 2151 312 2187 membra
339 2152 629 2199 discerperentur.
661 2153 831 2188 Famosus

149 2209 203 2238 est
213 2203 407 2240 Procrustae
415 2205 524 2240 lectus
533 2232 542 2250 ,
554 2204 609 2240 cui
619 2211 830 2251 praetereun-

150 2261 225 2291 tem
247 2268 422 2302 quemque
445 2258 602 2303 aequabat
617 2284 626 2302 ,
656 2257 830 2304 longiores

148 2307 366 2354 amputando
383 2334 392 2352 ,
425 2308 717 2355 distrahendoque
740 2310 829 2344 bre-

148 2357 274 2395 viores.
306 2359 383 2396 Hos
406 2372 529 2398 omnes
543 2362 706 2396 mactavit
723 2361 829 2397 The-

146 2423 245 2456 seus,
260 2419 299 2447 ut
313 2419 459 2448 narrant
468 2413 643 2448 Plutarch.
656 2414 714 2448 vit.
724 2413 828 2449 Thes.

146 2462 223 2499 init.
235 2463 383 2498 etDiod.
391 2464 459 2500 sic.
472 2464 608 2500 Eadem
620 2464 688 2501 Ov.
698 2466 829 2501 iterum

148 2513 297 2551 Metam.
313 2526 388 2561 vn,
413 2517 487 2561 432.
512 2519 665 2561 Hacine,
678 2519 826 2562 Phedre,

145 2570 216 2604 ccl.
231 2578 256 2602 1.
268 2580 361 2603 scen.
381 2579 404 2603 1.

193 2621 554 2666 70.Mi2·taqucsorma.
565 2622 698 2657 V.AEn.
708 2634 760 2668 vl,
770 2626 829 2662 25:

199 2696 232 2707 ...
247 2680 418 2715 Mixtumque
432 2690 510 2714 genus
518 2701 528 2713 ‚
545 2684 680 2717 prolesque
692 2684 808 2711 biformi·
819 2706 827 2719 ,

162 2726 330 2755 “immarus
350 2729 417 2755 inest
426 2748 436 2761 ,
463 2731 573 2757 Veneti·
592 2740 760 2761 monumenta
775 2744 828 2762 m·-

207 2775 300 2803 fond..

304 2839 345 2883 Ι.

899 1210 1035 1245 Partim
1051 1210 1147 1244 enim
1163 1209 1327 1254 hominis,
1351 1211 1478 1257 partim
1493 1215 1585 1249 tauri

898 1262 1066 1296 membris
1079 1262 1257 1297 constabat
1273 1263 1509 1309 Minotaurus,
1519 1266 1584 1300 Pa-

899 1313 1032 1359 siphaes
1056 1314 1165 1358 filius,
1196 1327 1302 1360 quem
1324 1315 1360 1349 in
1384 1316 1583 1363 labyrintho

904 1365 1020 1400 Cretae
1035 1366 1220 1400 trucidavit
1230 1367 1396 1403 Theseus.
1412 1369 1493 1403 Vi‘d.
1512 1369 1584 1405 Ca-

901 1417 963 1452 tul.
987 1418 1094 1463 Nupt.
1131 1417 1204 1452 Pel.
1234 1426 1269 1453 et
1296 1419 1401 1454 Thes.
1432 1421 1513 1465 113;
1547 1429 1584 1457 et

901 1468 1007 1515 Ovid.
1025 1470 1172 1504 Metam.
1192 1480 1284 1514 vlu,
1306 1471 1378 1505 153.

946 1534 962 1566 7
970 1534 982 1554 1
990 1547 997 1554 .
1010 1522 1061 1555 Et
1067 1523 1201 1556 domita·
1209 1529 1272 1557 etc.
1287 1521 1407 1558 Creon
1418 1550 1426 1567 ,
1440 1524 1583 1562 Theba-

898 1584 980 1606 rum
990 1573 1027 1607 in
1036 1573 1169 1608 Boeotia
1178 1586 1250 1617 rex,
1261 1575 1320 1619 qui
1329 1574 1464 1622 Argivis
1473 1578 1583 1623 sepul-

899 1630 1015 1659 turam
1027 1632 1227 1671 negaverat,
1241 1625 1406 1661 aTheseo
1417 1641 1583 1677 peremp-

899 1683 954 1726 tus
965 1679 1307 1712 est.—-B1‘membres.
1318 1677 1487 1715 Centauri
1498 1683 1582 1728 ,qui

897 1741 1047 1774 superne
1059 1729 1220 1764 homines
1232 1737 1345 1774 erant,
1359 1732 1512 1768 umbilici
1526 1741 1582 1769 te-

898 1793 982 1825 nus,
1000 1781 1090 1815 infra
1107 1789 1225 1816 autem
1242 1783 1349 1827 equi:
1366 1783 1459 1819 inter
1476 1786 1582 1833 Pyri-

897 1832 971 1867 thoi
987 1833 1125 1879 nuptias
1142 1846 1161 1867 a
1178 1833 1318 1869 Theseo
1333 1835 1518 1872 interfecti.

942 1885 993 1931 73.
1016 1886 1092 1920 Hoc
1108 1889 1167 1919 tua
1176 1891 1260 1929 post
1273 1889 1366 1921 illum
1382 1894 1446 1922 etc.
1478 1891 1578 1923 Illum

896 1937 990 1971 reser
1012 1936 1056 1971 ad
1073 1937 1271 1983 Theseum,
1297 1938 1579 1985 Demophoontis

898 1995 1044 2034 patrem.

941 2043 992 2087 74.
1015 2042 1086 2075 Hic
1107 2044 1163 2075 est
1181 2042 1280 2087 cujus
1301 2055 1422 2077 amans
1443 2045 1579 2089 hospita

895 2097 999 2137 capla
1013 2095 1091 2127 dolo
1106 2097 1168 2127 est.
1186 2093 1281 2128 Libri
1297 2095 1452 2141 quinque
1463 2121 1474 2140 ,
1490 2098 1578 2131 hos-

889 2148 964 2189 pite
975 2146 1074 2179 dolo:
1091 2152 1130 2179 ut
1146 2143 1201 2179 hic
1212 2144 1308 2181 idem
1320 2147 1463 2193 innuat,
1482 2147 1577 2195 quod

895 2197 932 2231 in
952 2197 1106 2232 Helenes
1123 2197 1267 2243 epistola
1282 2208 1291 2232 ε

961 2258 1053 2282 Certus
1066 2258 1092 2282 'm
1105 2256 1254 2290 hospitibus
1265 2267 1318 2284 non
1329 2263 1368 2284 est
1379 2268 1461 2285 umor.

894 2307 1028 2351 Hospes
1039 2308 1148 2347 dolus,
1157 2313 1197 2342 ut
1206 2310 1327 2355 cymba
1339 2310 1470 2353 hospes,
1485 2308 1577 2355 apud

894 2358 1047 2393 Statium
1058 2385 1068 2401 ,
1086 2358 1180 2406 Sylv.
1196 2372 1227 2393 v.
1243 2370 1268 2394 1.
1284 2362 1360 2395 252.
1377 2361 1510 2396 Hssms.

939 2410 990 2456 76.
1013 2411 1108 2445 Sedit
1120 2414 1157 2445 in
1169 2414 1305 2456 Ingenio
1322 2413 1444 2446 Cressa
1456 2414 1576 2446 tela-la

892 2465 960 2497 luo.
982 2462 1112 2498 Sensus
1129 2470 1180 2498 est
1197 2476 1204 2498 :
1229 2477 1248 2498 e
1266 2469 1318 2498 tot
1334 2470 1474 2508 tamque
1491 2477 1575 2509 prae-

892 2514 982 2549 clare
1000 2515 1102 2560 gestis
1118 2527 1138 2549 a
1149 2515 1308 2559 Theseo,
1325 2515 1438 2550 solum
1454 2515 1520 2551 hoc
1537 2517 1575 2551 in

892 2566 1011 2600 animo
1021 2573 1081 2600 tuo
1099 2566 1195 2602 haesit
1209 2565 1439 2610 imitandum,
1454 2567 1575 2603 Ariad-

891 2630 937 2653 ne
954 2618 1135 2664 quondam
1152 2631 1171 2652 a
1187 2625 1284 2664 patre
1302 2617 1484 2654 derelicta!

937 2684 987 2717 77.
1022 2673 1122 2714 Quod
1144 2673 1250 2706 solum
1273 2675 1434 2711 excusat,
1468 2674 1574 2708 solum

890 2726 1024 2758 misartlr
1034 2726 1071 2756 in
1082 2725 1152 2757 illo.
1168 2723 1248 2758 Hoc
1261 2735 1374 2757 unum
1387 2723 1424 2757 in
1435 2722 1573 2759 Theseo

890 2778 1053 2819 haitans,
1088 2774 1183 2820 quod
1217 2782 1271 2811 tot
1301 2775 1395 2810 inter
1429 2775 1573 2821 gloriose
1606 2815 1610 2819 .

1363 2847 1388 2889 3
