1884 3112
765 259 1116 308 EPISTOLA
1152 265 1276 311 XII.

376 345 569 404 Invenit,
595 358 638 396 et
660 347 848 399 lacrimis
874 353 1020 401 omnia
1042 354 1320 420 plenameiszi

312 421 424 469 Orat
446 441 574 488 opem
598 424 763 491 Minyis
783 447 793 474 :
813 428 927 493 petit
949 429 1108 489 altera3
1134 444 1178 481 et
1201 433 1333 483 altera
1355 433 1549 487 habebit.
1674 456 1720 490 65

371 499 557 546 AEsonio
575 499 743 564 juveni,
771 505 891 569 quod
914 519 1039 568 rogat
1064 506 1158 566 illa,
1185 508 1350 558 damus.

306 576 388 623 Est
411 595 584 635 nemus,
610 590 654 626 et
675 580 830 646 piceis,
856 594 901 631 et
923 583 1158 633 frondibus
1182 585 1296 635 ilicis
1321 599 1489 638 atrum:

371 653 457 701 Vix
480 653 585 703 illuc
608 657 741 706 radiis
766 658 873 707 solis
898 660 1015 709 adire
1039 661 1152 710 licet.

303 729 419 777 Sunt
442 730 489 777 in
514 750 585 789 eo,
611 732 869 801 fuerantque
894 735 992 794 diu,
1018 737 1203 787 delubra
1226 739 1407 790 Dianae:

367 808 514 856 Aurea
536 809 766 858 barbarica
789 823 875 860 stat
897 813 992 861 Dea
1014 813 1127 863 facta
1153 835 1298 864 manu.
1388 839 1391 841 ⁴
1674 845 1716 880 70

304 882 464 931 Nescio
490 904 545 932 an
569 886 809 936 exciderint
831 907 999 937 mecum
1023 888 1149 939 loca?
1170 892 1368 940 venimus
1392 892 1521 952 illuc;

369 962 512 1010 Orsus
536 981 581 1010 es
606 963 743 1012 infido
769 965 830 1013 sic
855 966 978 1031 prior
1002 986 1076 1015 ore
1100 966 1225 1034 loqui
1245 988 1256 1016 :

297 1037 379 1085 Jus
400 1038 482 1086 tibi
506 1051 549 1087 et
572 1040 803 1089 arbitrium
825 1053 986 1090 nostrae
1007 1042 1188 1092 fortuna
1208 1044 1362 1094 salutis

360 1114 562 1162 Tradidit
580 1136 590 1172 3
617 1116 750 1182 inque
773 1129 848 1164 tua
870 1117 1045 1183 vitaque
1067 1137 1272 1185 morsque
1294 1139 1439 1169 manu.

297 1189 481 1237 'Perdere
505 1209 635 1255 posse
661 1203 728 1239 sat
750 1204 833 1249 est,
861 1193 897 1240 si
921 1212 1051 1259 quem
1071 1195 1194 1259 juvet
1214 1196 1298 1245 ista
1320 1208 1534 1263 potestas;
1669 1211 1713 1258 75

361 1265 450 1313 Sed
473 1266 557 1314 tibi
582 1279 775 1316 servatus
800 1267 939 1330 gloria
958 1271 1097 1336 major
1121 1290 1209 1319 ero.

315 269 400 297 220

340 1409 392 1443 65.
405 1411 501 1445 Petit
513 1413 642 1455 altem‚·
662 1418 699 1448 et
712 1417 821 1449 altera
828 1417 971 1451 habebit.

296 1460 482 1497 Salmasius
493 1463 536 1497 ad
551 1464 700 1510 Capitol.
710 1467 892 1502 Maximin.
903 1482 931 1504 c.
944 1482 971 1504 1:

293 1514 396 1547 Alter
400 1518 507 1558 petit,
532 1519 624 1551 alter
632 1520 770 1552 babebit
783 1532 823 1553 ex
840 1520 972 1555 Putea-

292 1577 362 1598 neo
377 1592 386 1609 ,
419 1568 594 1611 quomodo
622 1576 657 1604 et
682 1570 967 1616 Gottorphianus.

291 1617 462 1653 Nonnulli
475 1632 483 1654 ε
500 1622 594 1654 Petit
604 1625 729 1663 altera,
753 1628 789 1657 et
802 1627 891 1657 aller
905 1626 970 1658 ha-

290 1671 391 1703 bebit.
413 1670 451 1705 Si
478 1671 561 1716 quid
592 1673 803 1708 mutandum
833 1676 895 1718 sit,
921 1675 968 1711 ita

291 1723 524 1768 rescripserim
541 1737 549 1759 :

290 1781 354 1807 Orat
364 1792 438 1816 opem
449 1784 550 1818 Minyis
562 1793 633 1810 soror
643 1787 721 1811 altem
729 1806 738 1818 ,
748 1792 774 1811 at
783 1787 863 1812 ultera
875 1787 945 1813 ssevit
958 1797 965 1813 :

321 1833 429 1856 AEsonio
438 1833 546 1866 juveni,
567 1835 637 1867 quod
650 1842 722 1867 rog-n
735 1836 779 1860 illa
789 1856 797 1866 ,
809 1837 910 1863 damus.

289 1882 334 1914 Τό
360 1893 456 1915 soror
473 1882 663 1926 exciderat;
695 1897 759 1929 pro
784 1898 854 1930 quo
876 1886 965 1921 male

289 1932 402 1966 feriati
430 1941 641 1969 correctores
661 1941 753 1981 petit
776 1950 967 1982 supposue-

288 1991 373 2019 runt
388 1997 395 2019 ε
412 1988 640 2031 altemfleus't,
657 1988 712 2022 vel
714 1989 840 2033 flebat,
860 1989 966 2025 facilis

286 2037 435 2071 mutatio
451 2051 491 2071 ex
514 2041 604 2073 alter
621 2041 761 2074 habebit
778 2049 836 2076 aut
860 2044 966 2076 babe-

287 2091 363 2130 bat,
385 2090 478 2134 quod
499 2091 535 2124 in
551 2091 668 2126 multis
687 2093 818 2138 scriptis
837 2101 906 2137 est,
926 2101 966 2129 ut

286 2141 359 2186 jam
372 2143 504 2176 monui.
519 2142 689 2178 Ceterum
702 2158 763 2179 cur
775 2144 961 2191 Chalciope

288 2192 500 2238 Argonautis
509 2195 643 2239 faverit,
659 2197 697 2230 in
710 2204 852 2242 promtu
865 2211 965 2233 causa

286 2251 351 2289 est,
364 2246 455 2290 quod
467 2246 527 2280 filii
538 2248 612 2292 ejus
622 2256 771 2293 quatuor
783 2263 823 2284 ex
834 2250 962 2284 Phrixo

286 2299 395 2343 geniti
426 2299 463 2333 in
490 2300 630 2334 illorum
664 2310 777 2337 essent
803 2315 963 2338 numeru.

286 2350 368 2383 vid.
382 2350 529 2398 Hygin.,
549 2353 631 2387 Fab.
647 2365 702 2387 111.
714 2355 760 2389 H.
774 2372 818 2380 —
832 2354 962 2390 Sensus

286 2408 338 2435 est
356 2415 363 2436 :
378 2416 485 2447 quam
499 2416 603 2449 opem
615 2406 701 2450 petit
718 2409 827 2440 altera
843 2408 963 2451 (soror

285 2455 379 2497 mea)
388 2456 527 2490 AEronio
533 2457 660 2499 juveni,
677 2460 784 2492 altera
797 2457 961 2502 (Creusa)

285 2507 442 2549 habebi&
462 2520 535 2541 non
553 2508 658 2552 mihi,
672 2509 732 2543 sed
746 2508 885 2544 Creusae
900 2510 964 2544 Ja—

285 2569 408 2591 sonem
420 2558 626 2594 instantibus
637 2560 785 2595 eximam
795 2560 963 2606 periculis.

287 2607 396 2651 Quod
406 2610 619 2655 satisliquet,
635 2624 654 2645 e
670 2612 829 2656 sequenti
840 2625 960 2655 versu;

285 2659 380 2693 unde
400 2674 471 2694 non
483 2663 584 2696 video
593 2690 603 2707 ‚
619 2676 682 2697 cur
693 2671 871 2709 tantopere
885 2663 962 2698 doc-

285 2711 407 2745 tissimi
418 2713 483 2747 viri
495 2714 695 2749 desudat-int
705 2715 741 2749 in
749 2715 960 2761 explicando,

286 2763 380 2808 quod
395 2777 458 2810 per
472 2778 507 2801 se
524 2766 603 2801 satis
621 2766 818 2812 explicatur.

1080 1417 1133 1463 67.
1148 1419 1218 1452 Est
1234 1431 1358 1453 nemus.
1378 1418 1512 1454 Locum
1528 1418 1649 1465 adeas,
1673 1419 1711 1455 in

1038 1469 1184 1503 Metam.
1198 1479 1273 1513 vn,
1294 1471 1344 1514 75.

1077 1521 1133 1554 68.
1146 1522 1242 1554 Illuc.
1256 1522 1353 1555 Illud
1364 1521 1520 1566 Moreti;
1537 1527 1574 1556 et
1588 1521 1636 1557 ita
1647 1534 1712 1557 vo-

1033 1571 1126 1606 lebat
1145 1573 1321 1608 Francius.

1077 1623 1129 1671 69.
1145 1624 1230 1657 Sunt
1243 1627 1278 1657 ιἰι
1292 1637 1332 1658 eo
1340 1650 1350 1666 ,
1358 1624 1505 1668 fuerant
1513 1629 1613 1660 certe.
1628 1627 1711 1661 Fue·

1032 1679 1169 1720 rantque
1184 1677 1240 1709 diu
1256 1676 1357 1710 multi
1370 1676 1503 1711 codices
1517 1688 1526 1709 :
1539 1676 1631 1722 quod
1647 1676 1711 1712 ad-

1032 1727 1244 1762 mittendum
1266 1728 1413 1763 videtur.
1436 1728 1591 1763 Delubra
1613 1728 1709 1764 enim

1032 1792 1052 1813 a
1071 1786 1240 1814 vetustate
1259 1780 1521 1814 venerationem
1538 1780 1710 1825 praecipue

1031 1832 1292 1866 mutuabantur.
1301 1832 1443 1875 Noster,
1458 1832 1548 1866 Fast.
1560 1842 1614 1876 lv,
1624 1831 1708 1879 649:

1031 1891 1102 1916 Silva
1113 1897 1187 1916 vetus
1195 1910 1203 1923 ,
1215 1891 1338 1926 nullaque
1349 1891 1396 1916 diu
1406 1891 1502 1916 violata
1514 1891 1597 1916 seem-i
1611 1910 1621 1922 ‚

1062 1940 1148 1965 stabat
1155 1959 1163 1971 ,
1177 1941 1300 1965 Moenalio
1311 1949 1380 1965 sacra
1390 1940 1478 1964 relicta
1487 1941 1552 1965 Deo.
1566 1940 1673 1965 Hms.

1075 2002 1126 2033 71.
1148 1990 1270 2023 Nescio
1299 2002 1344 2022 an
1371 1990 1560 2023 exciderint
1580 2001 1706 2024 mecum

1028 2042 1114 2074 loca.
1131 2041 1173 2075 In
1190 2041 1381 2082 Puteaneo‚
1399 2041 1547 2082 Nostin',
1561 2054 1580 2075 a
1594 2053 1704 2075 manu

1030 2093 1141 2138 prima
1154 2094 1254 2128 fuisse
1270 2093 1408 2128 videtur
1420 2119 1430 2137 ,
1455 2100 1490 2128 et
1503 2095 1706 2127 exciderunt.

1030 2145 1133 2180 Unus
1147 2145 1329 2180 Mediceus
1339 2146 1457 2181 Nostis
1465 2158 1475 2179 .’
1484 2144 1540 2179 alii
1551 2144 1707 2190 quinque

1027 2198 1168 2232 Noscl‘s..
1183 2199 1315 2237 Nescis,
1329 2210 1375 2230 an
1393 2198 1598 2237 exciderant,
1617 2196 1708 2231 Hel-

1028 2248 1275 2283 maestadiensis
1292 2261 1300 2283 :
1325 2261 1409 2282 nam
1426 2247 1521 2293 quod
1545 2247 1647 2282 multi
1665 2259 1707 2282 ex

1027 2301 1170 2346 vulgatis
1189 2299 1337 2344 habent,
1366 2302 1487 2334 Nesca«
1508 2313 1575 2341 an,
1601 2311 1707 2345 repu-

1028 2359 1111 2397 gnat
1128 2359 1252 2386 metro.
1267 2353 1389 2386 Nostin
1401 2355 1420 2388 ,Ρ
1442 2351 1628 2397 eleganter.
1648 2349 1705 2385 Sic

1027 2406 1128 2438 viden
1140 2431 1148 2445 ,
1166 2406 1257 2444 scin,
1283 2407 1360 2445 vin,
1381 2410 1416 2438 et
1431 2403 1554 2438 similia
1572 2415 1635 2449 pro
1650 2404 1705 2435 υί-

1027 2458 1128 2490 desne
1141 2483 1149 2497 ,
1175 2459 1304 2496 scisne,
1331 2459 1428 2490 visne
1440 2454 1531 2500 apud
1551 2461 1705 2489 veteres:

1027 2508 1162 2542 censen’
1178 2507 1269 2553 apud
1286 2508 1456 2542 Persium.
1484 2507 1615 2541 Hmns.

1074 2561 1124 2606 73.
1138 2561 1204 2594 Jus
1219 2561 1286 2593 tibi
1299 2566 1362 2593 etc.
1390 2559 1442 2593 Ex
1460 2556 1609 2603 Apollon
1631 2567 1679 2591 111
1691 2582 1700 2600 ,

1027 2626 1058 2647 v.
1073 2624 1168 2657 1007;
1183 2611 1231 2646 sic
1241 2623 1379 2656 quoque
1390 2611 1434 2644 V.
1445 2609 1535 2644 Facl.
1545 2609 1703 2652 v11,418.

1072 2665 1122 2709 74.
1137 2665 1239 2707 Inque
1251 2667 1310 2696 tua
1317 2666 1379 2697 est.
1392 2660 1535 2695 Tollunt
1543 2664 1598 2694 est
1605 2659 1702 2704 quin-

1030 2728 1096 2761 que
1113 2715 1200 2749 libri.
1217 2715 1349 2748 Hssms.

1073 2767 1124 2811 75.
1139 2767 1214 2802 Ista
1227 2769 1392 2811 potestas.
1410 2765 1490 2808 Ipsa
1504 2764 1701 2800 Puteaneus
