<?xml version="1.0" encoding="UTF-8"?>
<!DOCTYPE html PUBLIC "-//W3C//DTD XHTML 1.0 Transitional//EN"
    "http://www.w3.org/TR/xhtml1/DTD/xhtml1-transitional.dtd">
<html xmlns="http://www.w3.org/1999/xhtml" xml:lang="en" lang="en">
 <head>
  <title>
</title>
<meta http-equiv="Content-Type" content="text/html;charset=utf-8" />
  <meta name='ocr-system' content='tesseract 3.04.00' />
  <meta name='ocr-capabilities' content='ocr_page ocr_carea ocr_par ocr_line ocrx_word'/>
</head>
<body>
  <div class='ocr_page' id='page_1' title='image "./quaeextantomniao01oviduoft_0321.png"; bbox 0 0 1884 3112; ppageno 0'>
   <div class='ocr_carea' id='block_1_1' title="bbox 0 399 17 748">
    <p class='ocr_par' dir='ltr' id='par_1_1' title="bbox 0 399 17 748">
     <span class='ocr_line' id='line_1_1' title="bbox 0 399 17 610; baseline 0 -68"><span class='ocrx_word' id='word_1_1' title='bbox 0 399 17 610; x_wconf 54' lang='grc' dir='ltr'>ξ</span> 
     </span>
     <span class='ocr_line' id='line_1_2' title="bbox 0 631 14 748; baseline 0 0"><span class='ocrx_word' id='word_1_2' title='bbox 0 631 14 748; x_wconf 64' lang='grc' dir='ltr'><em>ἓ</em></span> 
     </span>
    </p>
   </div>
   <div class='ocr_carea' id='block_1_2' title="bbox 596 224 1142 274">
    <p class='ocr_par' dir='ltr' id='par_1_2' title="bbox 596 224 1142 274">
     <span class='ocr_line' id='line_1_3' title="bbox 596 224 1142 274; baseline 0.005 -5"><span class='ocrx_word' id='word_1_3' title='bbox 596 224 796 271; x_wconf 88' lang='lat' dir='ltr'><strong>PARIS</strong></span> <span class='ocrx_word' id='word_1_4' title='bbox 842 227 1142 274; x_wconf 87' lang='lat' dir='ltr'><strong>HELENAE.</strong></span> 
     </span>
    </p>
   </div>
   <div class='ocr_carea' id='block_1_3' title="bbox 1497 233 1585 292">
    <p class='ocr_par' dir='ltr' id='par_1_3' title="bbox 1497 233 1585 292">
     <span class='ocr_line' id='line_1_4' title="bbox 1497 233 1585 292; baseline 0.011 -1"><span class='ocrx_word' id='word_1_5' title='bbox 1497 233 1585 292; x_wconf 76' lang='lat'>289</span> 
     </span>
    </p>
   </div>
   <div class='ocr_carea' id='block_1_4' title="bbox 164 317 1593 1067">
    <p class='ocr_par' dir='ltr' id='par_1_4' title="bbox 164 317 1593 1067">
     <span class='ocr_line' id='line_1_5' title="bbox 226 317 1592 387; baseline 0.002 -19"><span class='ocrx_word' id='word_1_6' title='bbox 226 317 416 368; x_wconf 91' lang='lat' dir='ltr'>Lumina</span> <span class='ocrx_word' id='word_1_7' title='bbox 437 335 537 367; x_wconf 88' lang='lat' dir='ltr'>cum</span> <span class='ocrx_word' id='word_1_8' title='bbox 559 317 736 385; x_wconf 88' lang='lat' dir='ltr'>placido</span> <span class='ocrx_word' id='word_1_9' title='bbox 758 319 873 369; x_wconf 85' lang='lat' dir='ltr'>victa</span> <span class='ocrx_word' id='word_1_10' title='bbox 895 338 1057 387; x_wconf 89' lang='lat' dir='ltr'>sopore</span> <span class='ocrx_word' id='word_1_11' title='bbox 1074 320 1233 386; x_wconf 84' lang='lat' dir='ltr'>jacent.</span> <span class='ocrx_word' id='word_1_12' title='bbox 1526 348 1592 371; x_wconf 82' lang='lat'>100.</span> 
     </span>
     <span class='ocr_line' id='line_1_6' title="bbox 164 394 1392 465; baseline 0.003 -22"><span class='ocrx_word' id='word_1_13' title='bbox 164 395 291 464; x_wconf 80' lang='lat' dir='ltr'>Quid</span> <span class='ocrx_word' id='word_1_14' title='bbox 310 394 443 444; x_wconf 87' lang='lat' dir='ltr'>facies</span> <span class='ocrx_word' id='word_1_15' title='bbox 466 413 659 462; x_wconf 80' lang='lat' dir='ltr'>praesens</span> <span class='ocrx_word' id='word_1_16' title='bbox 672 434 685 455; x_wconf 83' lang='lat'><em>‚</em></span> <span class='ocrx_word' id='word_1_17' title='bbox 709 415 806 463; x_wconf 84' lang='lat' dir='ltr'>quae</span> <span class='ocrx_word' id='word_1_18' title='bbox 824 396 1026 446; x_wconf 89' lang='lat' dir='ltr'>nondum</span> <span class='ocrx_word' id='word_1_19' title='bbox 1043 397 1136 446; x_wconf 84' lang='lat' dir='ltr'>visa</span> <span class='ocrx_word' id='word_1_20' title='bbox 1156 397 1392 465; x_wconf 83' lang='lat' dir='ltr'>placebas?</span> 
     </span>
     <span class='ocr_line' id='line_1_7' title="bbox 230 472 1281 540; baseline 0.002 -18"><span class='ocrx_word' id='word_1_21' title='bbox 230 472 456 522; x_wconf 84' lang='lat' dir='ltr'>Ardebam</span> <span class='ocrx_word' id='word_1_22' title='bbox 470 509 483 530; x_wconf 86' lang='lat'>‚</span> <span class='ocrx_word' id='word_1_23' title='bbox 510 472 708 539; x_wconf 83' lang='lat' dir='ltr'>quamvis</span> <span class='ocrx_word' id='word_1_24' title='bbox 730 473 835 522; x_wconf 88' lang='lat' dir='ltr'>hinc</span> <span class='ocrx_word' id='word_1_25' title='bbox 857 473 1018 540; x_wconf 88' lang='lat' dir='ltr'>procul</span> <span class='ocrx_word' id='word_1_26' title='bbox 1036 473 1153 537; x_wconf 87' lang='lat' dir='ltr'>ignis</span> <span class='ocrx_word' id='word_1_27' title='bbox 1177 487 1281 524; x_wconf 90' lang='lat' dir='ltr'>erat.</span> 
     </span>
     <span class='ocr_line' id='line_1_8' title="bbox 165 549 1254 618; baseline -0.001 -17"><span class='ocrx_word' id='word_1_28' title='bbox 165 551 258 601; x_wconf 84' lang='lat' dir='ltr'>Nec</span> <span class='ocrx_word' id='word_1_29' title='bbox 280 550 412 618; x_wconf 87' lang='lat' dir='ltr'>potui</span> <span class='ocrx_word' id='word_1_30' title='bbox 437 549 595 598; x_wconf 91' lang='lat' dir='ltr'>debere</span> <span class='ocrx_word' id='word_1_31' title='bbox 619 549 730 598; x_wconf 89' lang='lat' dir='ltr'>mihi</span> <span class='ocrx_word' id='word_1_32' title='bbox 750 569 872 617; x_wconf 90' lang='lat' dir='ltr'>spem</span> <span class='ocrx_word' id='word_1_33' title='bbox 894 549 1076 614; x_wconf 84' lang='lat' dir='ltr'>longius</span> <span class='ocrx_word' id='word_1_34' title='bbox 1099 551 1227 600; x_wconf 82' lang='lat' dir='ltr'>istam</span> <span class='ocrx_word' id='word_1_35' title='bbox 1241 590 1254 611; x_wconf 88' lang='lat'>,</span> 
     </span>
     <span class='ocr_line' id='line_1_9' title="bbox 232 627 1117 695; baseline -0.003 -17"><span class='ocrx_word' id='word_1_36' title='bbox 232 627 429 678; x_wconf 80' lang='lat' dir='ltr'>Caerulea</span> <span class='ocrx_word' id='word_1_37' title='bbox 449 638 644 695; x_wconf 81' lang='lat' dir='ltr'><strong>peterem</strong></span> <span class='ocrx_word' id='word_1_38' title='bbox 668 627 777 694; x_wconf 88' lang='lat' dir='ltr'>quin</span> <span class='ocrx_word' id='word_1_39' title='bbox 799 646 895 676; x_wconf 89' lang='lat' dir='ltr'>mea</span> <span class='ocrx_word' id='word_1_40' title='bbox 915 638 1018 676; x_wconf 87' lang='lat' dir='ltr'>vota</span> <span class='ocrx_word' id='word_1_41' title='bbox 1036 627 1117 675; x_wconf 89' lang='lat' dir='ltr'>via.</span> 
     </span>
     <span class='ocr_line' id='line_1_10' title="bbox 166 704 1593 773; baseline -0.005 -15"><span class='ocrx_word' id='word_1_42' title='bbox 166 708 304 758; x_wconf 84' lang='lat' dir='ltr'>Troia</span> <span class='ocrx_word' id='word_1_43' title='bbox 326 706 555 756; x_wconf 68' lang='lat' dir='ltr'>caeduntur</span> <span class='ocrx_word' id='word_1_44' title='bbox 576 705 770 773; x_wconf 83' lang='lat' dir='ltr'>Phrygia</span> <span class='ocrx_word' id='word_1_45' title='bbox 793 705 944 772; x_wconf 82' lang='lat' dir='ltr'>pineta</span> <span class='ocrx_word' id='word_1_46' title='bbox 963 704 1106 753; x_wconf 89' lang='lat' dir='ltr'>securi</span> <span class='ocrx_word' id='word_1_47' title='bbox 1120 742 1133 764; x_wconf 92' lang='lat'>,</span> <span class='ocrx_word' id='word_1_48' title='bbox 1533 723 1593 757; x_wconf 81' lang='lat'>105</span> 
     </span>
     <span class='ocr_line' id='line_1_11' title="bbox 234 780 1290 851; baseline -0.007 -17"><span class='ocrx_word' id='word_1_49' title='bbox 234 784 434 851; x_wconf 81' lang='lat' dir='ltr'>Quaeque</span> <span class='ocrx_word' id='word_1_50' title='bbox 459 793 554 832; x_wconf 86' lang='lat' dir='ltr'>erat</span> <span class='ocrx_word' id='word_1_51' title='bbox 575 781 791 848; x_wconf 83' lang='lat' dir='ltr'>aequoreis</span> <span class='ocrx_word' id='word_1_52' title='bbox 814 780 939 830; x_wconf 89' lang='lat' dir='ltr'>utilis</span> <span class='ocrx_word' id='word_1_53' title='bbox 963 781 1098 830; x_wconf 88' lang='lat' dir='ltr'>arbor</span> <span class='ocrx_word' id='word_1_54' title='bbox 1121 781 1247 848; x_wconf 90' lang='lat' dir='ltr'>aquis</span> <span class='ocrx_word' id='word_1_55' title='bbox 1265 798 1290 831; x_wconf 72' lang='lat' dir='ltr'>t,</span> 
     </span>
     <span class='ocr_line' id='line_1_12' title="bbox 168 857 1200 929; baseline -0.005 -18"><span class='ocrx_word' id='word_1_56' title='bbox 168 861 322 911; x_wconf 85' lang='lat' dir='ltr'>Ardua</span> <span class='ocrx_word' id='word_1_57' title='bbox 342 859 538 929; x_wconf 84' lang='lat' dir='ltr'><strong>proceris</strong></span> <span class='ocrx_word' id='word_1_58' title='bbox 556 858 805 927; x_wconf 87' lang='lat' dir='ltr'>spoliantur</span> <span class='ocrx_word' id='word_1_59' title='bbox 830 858 1026 922; x_wconf 83' lang='lat' dir='ltr'>Gargara</span> <span class='ocrx_word' id='word_1_60' title='bbox 1049 857 1170 907; x_wconf 86' lang='lat' dir='ltr'>silvis</span> <span class='ocrx_word' id='word_1_61' title='bbox 1187 896 1200 917; x_wconf 91' lang='lat'><strong>‚</strong></span> 
     </span>
     <span class='ocr_line' id='line_1_13' title="bbox 239 936 1256 1006; baseline -0.005 -17"><span class='ocrx_word' id='word_1_62' title='bbox 239 942 586 1006; x_wconf 83' lang='lat' dir='ltr'>Innumerasque</span> <span class='ocrx_word' id='word_1_63' title='bbox 609 936 720 986; x_wconf 87' lang='lat' dir='ltr'>mihi</span> <span class='ocrx_word' id='word_1_64' title='bbox 738 936 871 1000; x_wconf 84' lang='lat' dir='ltr'>longa</span> <span class='ocrx_word' id='word_1_65' title='bbox 895 936 971 985; x_wconf 86' lang='lat' dir='ltr'>dat</span> <span class='ocrx_word' id='word_1_66' title='bbox 992 936 1072 988; x_wconf 88' lang='lat' dir='ltr'>Ida</span> <span class='ocrx_word' id='word_1_67' title='bbox 1096 936 1256 985; x_wconf 82' lang='lat' dir='ltr'>trabes.</span> 
     </span>
     <span class='ocr_line' id='line_1_14' title="bbox 169 1014 1191 1067; baseline -0.004 0"><span class='ocrx_word' id='word_1_68' title='bbox 169 1017 426 1067; x_wconf 85' lang='lat' dir='ltr'>Fundatura</span> <span class='ocrx_word' id='word_1_69' title='bbox 447 1016 556 1066; x_wconf 81' lang='lat' dir='ltr'>citas</span> <span class='ocrx_word' id='word_1_70' title='bbox 579 1014 819 1065; x_wconf 87' lang='lat' dir='ltr'>flectuntur</span> <span class='ocrx_word' id='word_1_71' title='bbox 839 1014 1006 1064; x_wconf 88' lang='lat' dir='ltr'>robora</span> <span class='ocrx_word' id='word_1_72' title='bbox 1028 1033 1159 1063; x_wconf 86' lang='lat' dir='ltr'>naves</span> <span class='ocrx_word' id='word_1_73' title='bbox 1180 1034 1191 1062; x_wconf 87' lang='lat'><strong>:</strong></span> 
     </span>
    </p>
   </div>
   <div class='ocr_carea' id='block_1_5' title="bbox 171 1171 849 1269">
    <p class='ocr_par' dir='ltr' id='par_1_5' title="bbox 171 1171 849 1269">
     <span class='ocr_line' id='line_1_15' title="bbox 225 1171 849 1217; baseline -0.002 -9"><span class='ocrx_word' id='word_1_74' title='bbox 225 1184 299 1208; x_wconf 87' lang='grc' dir='ltr'><strong>ιοο.</strong></span> <span class='ocrx_word' id='word_1_75' title='bbox 336 1173 447 1208; x_wconf 75' lang='lat' dir='ltr'>Victa.</span> <span class='ocrx_word' id='word_1_76' title='bbox 480 1171 647 1208; x_wconf 81' lang='lat' dir='ltr'>Francius</span> <span class='ocrx_word' id='word_1_77' title='bbox 675 1171 826 1207; x_wconf 78' lang='lat' dir='ltr'>malebat</span> <span class='ocrx_word' id='word_1_78' title='bbox 838 1198 849 1217; x_wconf 93' lang='lat'>,</span> 
     </span>
     <span class='ocr_line' id='line_1_16' title="bbox 171 1223 801 1269; baseline -0.002 -9"><span class='ocrx_word' id='word_1_79' title='bbox 171 1227 298 1260; x_wconf 80' lang='lat' dir='ltr'>vincta.</span> <span class='ocrx_word' id='word_1_80' title='bbox 318 1223 400 1260; x_wconf 82' lang='lat' dir='ltr'>vid.</span> <span class='ocrx_word' id='word_1_81' title='bbox 417 1224 460 1260; x_wconf 86' lang='lat' dir='ltr'>ad</span> <span class='ocrx_word' id='word_1_82' title='bbox 481 1235 520 1260; x_wconf 86' lang='lat' dir='ltr'>x1</span> <span class='ocrx_word' id='word_1_83' title='bbox 533 1250 543 1269; x_wconf 88' lang='lat'><strong><em>‚</em></strong></span> <span class='ocrx_word' id='word_1_84' title='bbox 562 1224 710 1260; x_wconf 88' lang='lat' dir='ltr'>Metam.</span> <span class='ocrx_word' id='word_1_85' title='bbox 727 1224 801 1259; x_wconf 80' lang='lat'>238.</span> 
     </span>
    </p>
   </div>
   <div class='ocr_carea' id='block_1_6' title="bbox 915 1171 1599 1273">
    <p class='ocr_par' dir='ltr' id='par_1_6' title="bbox 915 1171 1599 1273">
     <span class='ocr_line' id='line_1_17' title="bbox 915 1171 1598 1218; baseline 0.004 -12"><span class='ocrx_word' id='word_1_86' title='bbox 915 1171 981 1207; x_wconf 88' lang='lat' dir='ltr'>suit</span> <span class='ocrx_word' id='word_1_87' title='bbox 992 1198 1002 1216; x_wconf 90' lang='lat'>,</span> <span class='ocrx_word' id='word_1_88' title='bbox 1018 1172 1116 1217; x_wconf 76' lang='lat' dir='ltr'>cujus</span> <span class='ocrx_word' id='word_1_89' title='bbox 1129 1184 1210 1218; x_wconf 86' lang='lat' dir='ltr'>ager</span> <span class='ocrx_word' id='word_1_90' title='bbox 1222 1172 1376 1218; x_wconf 77' lang='lat' dir='ltr'>frugibus</span> <span class='ocrx_word' id='word_1_91' title='bbox 1388 1173 1507 1209; x_wconf 85' lang='lat' dir='ltr'>fertilis</span> <span class='ocrx_word' id='word_1_92' title='bbox 1514 1174 1598 1210; x_wconf 85' lang='lat' dir='ltr'>suit:</span> 
     </span>
     <span class='ocr_line' id='line_1_18' title="bbox 917 1223 1599 1273; baseline 0.006 -15"><span class='ocrx_word' id='word_1_93' title='bbox 917 1223 960 1258; x_wconf 92' lang='lat' dir='ltr'>de</span> <span class='ocrx_word' id='word_1_94' title='bbox 973 1236 1043 1269; x_wconf 90' lang='lat' dir='ltr'>quo</span> <span class='ocrx_word' id='word_1_95' title='bbox 1053 1223 1148 1259; x_wconf 87' lang='lat' dir='ltr'>idem</span> <span class='ocrx_word' id='word_1_96' title='bbox 1156 1224 1266 1260; x_wconf 82' lang='lat' dir='ltr'>Poeta</span> <span class='ocrx_word' id='word_1_97' title='bbox 1273 1224 1329 1259; x_wconf 88' lang='lat' dir='ltr'>lib.</span> <span class='ocrx_word' id='word_1_98' title='bbox 1340 1224 1449 1269; x_wconf 86' lang='lat' dir='ltr'>1,Art.</span> <span class='ocrx_word' id='word_1_99' title='bbox 1461 1226 1599 1273; x_wconf 84' lang='lat' dir='ltr'>Am.57:</span> 
     </span>
    </p>
   </div>
   <div class='ocr_carea' id='block_1_7' title="bbox 222 1276 1602 1322">
    <p class='ocr_par' dir='ltr' id='par_1_7' title="bbox 222 1276 1602 1322">
     <span class='ocr_line' id='line_1_19' title="bbox 222 1276 1602 1322; baseline -0.001 -9"><span class='ocrx_word' id='word_1_100' title='bbox 222 1290 294 1313; x_wconf 81' lang='lat'>101.</span> <span class='ocrx_word' id='word_1_101' title='bbox 311 1279 443 1314; x_wconf 77' lang='lat' dir='ltr'>Facies.</span> <span class='ocrx_word' id='word_1_102' title='bbox 454 1277 574 1317; x_wconf 81' lang='lat' dir='ltr'>Scribe</span> <span class='ocrx_word' id='word_1_103' title='bbox 584 1302 594 1321; x_wconf 89' lang='lat'>,</span> <span class='ocrx_word' id='word_1_104' title='bbox 605 1276 854 1322; x_wconf 78' lang='lat' dir='ltr'>quidsaceres?</span> <span class='ocrx_word' id='word_1_105' title='bbox 916 1284 1029 1317; x_wconf 64' lang='lat' dir='ltr'>Gurgan</span> <span class='ocrx_word' id='word_1_106' title='bbox 1045 1289 1110 1318; x_wconf 79' lang='lat' dir='ltr'>quot</span> <span class='ocrx_word' id='word_1_107' title='bbox 1126 1290 1223 1318; x_wconf 68' lang='lat' dir='ltr'>segetes</span> <span class='ocrx_word' id='word_1_108' title='bbox 1234 1303 1244 1316; x_wconf 91' lang='lat'><em>,</em></span> <span class='ocrx_word' id='word_1_109' title='bbox 1267 1290 1332 1319; x_wconf 80' lang='lat' dir='ltr'>quot</span> <span class='ocrx_word' id='word_1_110' title='bbox 1350 1284 1427 1311; x_wconf 71' lang='lat' dir='ltr'>habet</span> <span class='ocrx_word' id='word_1_111' title='bbox 1447 1285 1602 1321; x_wconf 61' lang='lat' dir='ltr'>Methym:</span> 
     </span>
    </p>
   </div>
   <div class='ocr_carea' id='block_1_8' title="bbox 173 1327 860 2156">
    <p class='ocr_par' dir='ltr' id='par_1_8' title="bbox 173 1327 860 2156">
     <span class='ocr_line' id='line_1_20' title="bbox 173 1327 854 1376; baseline -0.006 -11"><span class='ocrx_word' id='word_1_112' title='bbox 173 1330 249 1376; x_wconf 78' lang='lat' dir='ltr'>iam</span> <span class='ocrx_word' id='word_1_113' title='bbox 264 1330 361 1365; x_wconf 84' lang='lat' dir='ltr'>enirn</span> <span class='ocrx_word' id='word_1_114' title='bbox 374 1329 507 1366; x_wconf 87' lang='lat' dir='ltr'>viderat</span> <span class='ocrx_word' id='word_1_115' title='bbox 523 1329 699 1366; x_wconf 82' lang='lat' dir='ltr'>Helenam</span> <span class='ocrx_word' id='word_1_116' title='bbox 710 1343 720 1370; x_wconf 82' lang='lat'>;</span> <span class='ocrx_word' id='word_1_117' title='bbox 733 1327 787 1362; x_wconf 89' lang='lat' dir='ltr'>vel</span> <span class='ocrx_word' id='word_1_118' title='bbox 793 1327 854 1372; x_wconf 89' lang='lat' dir='ltr'>sa-</span> 
     </span>
     <span class='ocr_line' id='line_1_21' title="bbox 174 1381 729 1428; baseline -0.005 -11"><span class='ocrx_word' id='word_1_119' title='bbox 174 1385 270 1425; x_wconf 79' lang='lat' dir='ltr'>ce&#39;as,</span> <span class='ocrx_word' id='word_1_120' title='bbox 287 1389 328 1418; x_wconf 90' lang='lat' dir='ltr'>ut</span> <span class='ocrx_word' id='word_1_121' title='bbox 342 1393 430 1428; x_wconf 87' lang='lat' dir='ltr'>saepe</span> <span class='ocrx_word' id='word_1_122' title='bbox 447 1382 586 1418; x_wconf 82' lang='lat' dir='ltr'>Noster.</span> <span class='ocrx_word' id='word_1_123' title='bbox 597 1381 729 1416; x_wconf 70' lang='lat' dir='ltr'>Hssms.</span> 
     </span>
     <span class='ocr_line' id='line_1_22' title="bbox 223 1434 857 1479; baseline -0.006 -10"><span class='ocrx_word' id='word_1_124' title='bbox 223 1447 296 1469; x_wconf 77' lang='grc' dir='ltr'>ιω.</span> <span class='ocrx_word' id='word_1_125' title='bbox 319 1434 489 1469; x_wconf 79' lang='lat' dir='ltr'>Ardebam</span> <span class='ocrx_word' id='word_1_126' title='bbox 499 1460 507 1474; x_wconf 85' lang='lat'><strong><em>‚</em></strong></span> <span class='ocrx_word' id='word_1_127' title='bbox 525 1435 674 1479; x_wconf 74' lang='lat' dir='ltr'>quamvis</span> <span class='ocrx_word' id='word_1_128' title='bbox 687 1434 767 1466; x_wconf 77' lang='lat' dir='ltr'>hinc</span> <span class='ocrx_word' id='word_1_129' title='bbox 774 1444 857 1476; x_wconf 85' lang='lat' dir='ltr'>pro-</span> 
     </span>
     <span class='ocr_line' id='line_1_23' title="bbox 176 1483 855 1529; baseline -0.006 -8"><span class='ocrx_word' id='word_1_130' title='bbox 176 1488 236 1521; x_wconf 82' lang='lat' dir='ltr'>cul</span> <span class='ocrx_word' id='word_1_131' title='bbox 250 1492 316 1521; x_wconf 87' lang='lat' dir='ltr'>etc:</span> <span class='ocrx_word' id='word_1_132' title='bbox 339 1486 433 1521; x_wconf 90' lang='lat' dir='ltr'>Puto</span> <span class='ocrx_word' id='word_1_133' title='bbox 451 1487 532 1520; x_wconf 82' lang='lat' dir='ltr'>hinc</span> <span class='ocrx_word' id='word_1_134' title='bbox 546 1486 679 1529; x_wconf 80' lang='lat' dir='ltr'>procul,</span> <span class='ocrx_word' id='word_1_135' title='bbox 700 1483 766 1518; x_wconf 87' lang='lat' dir='ltr'>hoc</span> <span class='ocrx_word' id='word_1_136' title='bbox 782 1490 833 1518; x_wconf 87' lang='lat' dir='ltr'>est</span> <span class='ocrx_word' id='word_1_137' title='bbox 845 1509 855 1526; x_wconf 90' lang='lat'>,</span> 
     </span>
     <span class='ocr_line' id='line_1_24' title="bbox 176 1537 855 1585; baseline -0.007 -12"><span class='ocrx_word' id='word_1_138' title='bbox 176 1537 298 1585; x_wconf 88' lang='lat' dir='ltr'>procul</span> <span class='ocrx_word' id='word_1_139' title='bbox 309 1550 329 1572; x_wconf 89' lang='lat' dir='ltr'>a</span> <span class='ocrx_word' id='word_1_140' title='bbox 338 1549 395 1572; x_wconf 88' lang='lat' dir='ltr'>me</span> <span class='ocrx_word' id='word_1_141' title='bbox 404 1563 415 1582; x_wconf 85' lang='lat'>,</span> <span class='ocrx_word' id='word_1_142' title='bbox 432 1543 469 1572; x_wconf 88' lang='lat' dir='ltr'>et</span> <span class='ocrx_word' id='word_1_143' title='bbox 481 1548 582 1580; x_wconf 83' lang='lat' dir='ltr'>ems‚·</span> <span class='ocrx_word' id='word_1_144' title='bbox 597 1542 637 1570; x_wconf 91' lang='lat' dir='ltr'>ut</span> <span class='ocrx_word' id='word_1_145' title='bbox 649 1547 712 1582; x_wconf 90' lang='lat' dir='ltr'>per</span> <span class='ocrx_word' id='word_1_146' title='bbox 725 1539 834 1579; x_wconf 61' lang='grc' dir='ltr'>ιᾈηιινιιι</span> <span class='ocrx_word' id='word_1_147' title='bbox 845 1561 855 1575; x_wconf 84' lang='grc'><em>,</em></span> 
     </span>
     <span class='ocr_line' id='line_1_25' title="bbox 177 1585 856 1633; baseline -0.007 -8"><span class='ocrx_word' id='word_1_148' title='bbox 177 1589 376 1633; x_wconf 83' lang='lat' dir='ltr'>Helenam,</span> <span class='ocrx_word' id='word_1_149' title='bbox 399 1600 536 1624; x_wconf 83' lang='lat' dir='ltr'>amores</span> <span class='ocrx_word' id='word_1_150' title='bbox 554 1599 654 1631; x_wconf 81' lang='lat' dir='ltr'>suos,</span> <span class='ocrx_word' id='word_1_151' title='bbox 675 1585 856 1632; x_wconf 84' lang='lat' dir='ltr'>intelligat.</span> 
     </span>
     <span class='ocr_line' id='line_1_26' title="bbox 177 1640 683 1687; baseline -0.01 -10"><span class='ocrx_word' id='word_1_152' title='bbox 177 1641 262 1677; x_wconf 81' lang='lat' dir='ltr'>Am.</span> <span class='ocrx_word' id='word_1_153' title='bbox 280 1650 334 1686; x_wconf 85' lang='lat'>11,</span> <span class='ocrx_word' id='word_1_154' title='bbox 353 1640 450 1687; x_wconf 78' lang='lat' dir='ltr'>Eleg.</span> <span class='ocrx_word' id='word_1_155' title='bbox 465 1649 552 1683; x_wconf 78' lang='lat' dir='ltr'>m,</span> <span class='ocrx_word' id='word_1_156' title='bbox 569 1652 602 1673; x_wconf 80' lang='lat' dir='ltr'>v.</span> <span class='ocrx_word' id='word_1_157' title='bbox 621 1650 683 1673; x_wconf 86' lang='lat'>11:</span> 
     </span>
     <span class='ocr_line' id='line_1_27' title="bbox 177 1697 822 1734; baseline -0.006 -7"><span class='ocrx_word' id='word_1_158' title='bbox 177 1700 298 1727; x_wconf 63' lang='lat' dir='ltr'>mmm</span> <span class='ocrx_word' id='word_1_159' title='bbox 306 1697 374 1734; x_wconf 67' lang='lat' dir='ltr'>ignis</span> <span class='ocrx_word' id='word_1_160' title='bbox 386 1699 459 1725; x_wconf 68' lang='lat' dir='ltr'>abest</span> <span class='ocrx_word' id='word_1_161' title='bbox 471 1707 479 1725; x_wconf 91' lang='lat'>:</span> <span class='ocrx_word' id='word_1_162' title='bbox 490 1698 570 1724; x_wconf 73' lang='lat' dir='ltr'>verbo</span> <span class='ocrx_word' id='word_1_163' title='bbox 583 1698 749 1732; x_wconf 72' lang='lat' dir='ltr'>peccavimus</span> <span class='ocrx_word' id='word_1_164' title='bbox 762 1706 822 1723; x_wconf 85' lang='lat' dir='ltr'>uno.</span> 
     </span>
     <span class='ocr_line' id='line_1_28' title="bbox 209 1743 839 1783; baseline -0.006 -8"><span class='ocrx_word' id='word_1_165' title='bbox 209 1749 276 1783; x_wconf 73' lang='lat' dir='ltr'>Qu·</span> <span class='ocrx_word' id='word_1_166' title='bbox 283 1743 372 1774; x_wconf 56' lang='lat' dir='ltr'>&#39;novet</span> <span class='ocrx_word' id='word_1_167' title='bbox 384 1749 489 1774; x_wconf 70' lang='lat' dir='ltr'>ardum</span> <span class='ocrx_word' id='word_1_168' title='bbox 499 1752 539 1773; x_wconf 69' lang='lat' dir='ltr'>est</span> <span class='ocrx_word' id='word_1_169' title='bbox 552 1747 644 1781; x_wconf 82' lang='lat' dir='ltr'>procul</span> <span class='ocrx_word' id='word_1_170' title='bbox 652 1765 662 1779; x_wconf 92' lang='lat'><em>‚</em></span> <span class='ocrx_word' id='word_1_171' title='bbox 671 1746 749 1772; x_wconf 78' lang='lat' dir='ltr'>ardor</span> <span class='ocrx_word' id='word_1_172' title='bbox 757 1746 839 1772; x_wconf 76' lang='lat' dir='ltr'>adest.</span> 
     </span>
     <span class='ocr_line' id='line_1_29' title="bbox 176 1795 844 1844; baseline -0.004 -12"><span class='ocrx_word' id='word_1_173' title='bbox 176 1797 345 1844; x_wconf 75' lang='lat' dir='ltr'>&#39;Virgilius</span> <span class='ocrx_word' id='word_1_174' title='bbox 356 1823 366 1842; x_wconf 91' lang='lat'>,</span> <span class='ocrx_word' id='word_1_175' title='bbox 383 1805 431 1831; x_wconf 91' lang='lat'>111</span> <span class='ocrx_word' id='word_1_176' title='bbox 448 1795 565 1843; x_wconf 84' lang='lat' dir='ltr'>Eclog.</span> <span class='ocrx_word' id='word_1_177' title='bbox 581 1795 646 1830; x_wconf 77' lang='lat'>66:</span> <span class='ocrx_word' id='word_1_178' title='bbox 842 1834 844 1837; x_wconf 21' lang='lat' dir='ltr'>v</span> 
     </span>
     <span class='ocr_line' id='line_1_30' title="bbox 177 1850 855 1886; baseline -0.006 -7"><span class='ocrx_word' id='word_1_179' title='bbox 177 1852 217 1879; x_wconf 77' lang='lat' dir='ltr'>At</span> <span class='ocrx_word' id='word_1_180' title='bbox 224 1852 290 1879; x_wconf 77' lang='lat' dir='ltr'>mibi</span> <span class='ocrx_word' id='word_1_181' title='bbox 300 1860 356 1878; x_wconf 69' lang='lat' dir='ltr'>sete</span> <span class='ocrx_word' id='word_1_182' title='bbox 364 1851 444 1878; x_wconf 74' lang='lat' dir='ltr'>offert</span> <span class='ocrx_word' id='word_1_183' title='bbox 448 1852 518 1878; x_wconf 80' lang='lat' dir='ltr'>ultro</span> <span class='ocrx_word' id='word_1_184' title='bbox 523 1860 593 1877; x_wconf 70' lang='lat' dir='ltr'>mous</span> <span class='ocrx_word' id='word_1_185' title='bbox 598 1852 664 1886; x_wconf 77' lang='lat' dir='ltr'>ignis</span> <span class='ocrx_word' id='word_1_186' title='bbox 671 1850 810 1885; x_wconf 72' lang='lat' dir='ltr'>Amyntas.</span> <span class='ocrx_word' id='word_1_187' title='bbox 817 1850 855 1876; x_wconf 82' lang='grc' dir='ltr'>Η.</span> 
     </span>
     <span class='ocr_line' id='line_1_31' title="bbox 227 1901 857 1946; baseline -0.003 -10"><span class='ocrx_word' id='word_1_188' title='bbox 227 1901 299 1936; x_wconf 81' lang='grc' dir='ltr'>ιο3.</span> <span class='ocrx_word' id='word_1_189' title='bbox 321 1901 395 1936; x_wconf 83' lang='lat' dir='ltr'>Nec</span> <span class='ocrx_word' id='word_1_190' title='bbox 409 1903 511 1946; x_wconf 74' lang='lat' dir='ltr'>potui</span> <span class='ocrx_word' id='word_1_191' title='bbox 522 1901 642 1935; x_wconf 70' lang='lat' dir='ltr'>debete</span> <span class='ocrx_word' id='word_1_192' title='bbox 663 1901 751 1934; x_wconf 77' lang='lat' dir='ltr'>mihi</span> <span class='ocrx_word' id='word_1_193' title='bbox 765 1902 857 1944; x_wconf 82' lang='lat' dir='ltr'>spem</span> 
     </span>
     <span class='ocr_line' id='line_1_32' title="bbox 176 1951 856 1998; baseline -0.004 -10"><span class='ocrx_word' id='word_1_194' title='bbox 176 1954 312 1998; x_wconf 67' lang='lat' dir='ltr'>Iougim</span> <span class='ocrx_word' id='word_1_195' title='bbox 317 1956 430 1988; x_wconf 78' lang='lat' dir='ltr'>istam.</span> <span class='ocrx_word' id='word_1_196' title='bbox 439 1952 514 1987; x_wconf 87' lang='lat' dir='ltr'>Nec</span> <span class='ocrx_word' id='word_1_197' title='bbox 525 1951 622 1997; x_wconf 86' lang='lat' dir='ltr'>potui</span> <span class='ocrx_word' id='word_1_198' title='bbox 632 1963 730 1997; x_wconf 87' lang='lat' dir='ltr'>spem</span> <span class='ocrx_word' id='word_1_199' title='bbox 742 1951 856 1995; x_wconf 84' lang='lat' dir='ltr'>istam,</span> 
     </span>
     <span class='ocr_line' id='line_1_33' title="bbox 181 2003 857 2052; baseline -0.007 -11"><span class='ocrx_word' id='word_1_200' title='bbox 181 2005 309 2041; x_wconf 85' lang='lat' dir='ltr'>amoris</span> <span class='ocrx_word' id='word_1_201' title='bbox 318 2003 489 2052; x_wconf 79' lang='lat' dir='ltr'>potiundi,</span> <span class='ocrx_word' id='word_1_202' title='bbox 500 2003 634 2050; x_wconf 84' lang='lat' dir='ltr'>longius</span> <span class='ocrx_word' id='word_1_203' title='bbox 645 2003 795 2038; x_wconf 78' lang='lat' dir='ltr'>differre.</span> <span class='ocrx_word' id='word_1_204' title='bbox 805 2003 857 2037; x_wconf 90' lang='lat' dir='ltr'>M.</span> 
     </span>
     <span class='ocr_line' id='line_1_34' title="bbox 229 2054 859 2102; baseline -0.005 -10"><span class='ocrx_word' id='word_1_205' title='bbox 229 2058 302 2092; x_wconf 83' lang='lat'><strong>105.</strong></span> <span class='ocrx_word' id='word_1_206' title='bbox 332 2059 432 2092; x_wconf 82' lang='lat' dir='ltr'>Tmia</span> <span class='ocrx_word' id='word_1_207' title='bbox 445 2060 576 2102; x_wconf 76' lang='lat' dir='ltr'>pineta.</span> <span class='ocrx_word' id='word_1_208' title='bbox 598 2056 639 2091; x_wconf 90' lang='lat' dir='ltr'>In</span> <span class='ocrx_word' id='word_1_209' title='bbox 663 2054 730 2090; x_wconf 86' lang='lat' dir='ltr'>hoc</span> <span class='ocrx_word' id='word_1_210' title='bbox 750 2055 859 2090; x_wconf 86' lang='lat' dir='ltr'>scelus</span> 
     </span>
     <span class='ocr_line' id='line_1_35' title="bbox 181 2107 860 2156; baseline -0.009 -9"><span class='ocrx_word' id='word_1_211' title='bbox 181 2117 258 2148; x_wconf 85' lang='lat' dir='ltr'>erat</span> <span class='ocrx_word' id='word_1_212' title='bbox 270 2136 280 2155; x_wconf 90' lang='lat'>,</span> <span class='ocrx_word' id='word_1_213' title='bbox 304 2109 384 2156; x_wconf 81' lang='lat' dir='ltr'>quia</span> <span class='ocrx_word' id='word_1_214' title='bbox 407 2109 464 2144; x_wconf 87' lang='lat' dir='ltr'>illa</span> <span class='ocrx_word' id='word_1_215' title='bbox 491 2121 586 2144; x_wconf 89' lang='lat' dir='ltr'>sacra</span> <span class='ocrx_word' id='word_1_216' title='bbox 611 2107 730 2142; x_wconf 71' lang='lat' dir='ltr'>Deum</span> <span class='ocrx_word' id='word_1_217' title='bbox 755 2107 860 2142; x_wconf 86' lang='lat' dir='ltr'>matri</span> 
     </span>
    </p>
   </div>
   <div class='ocr_carea' id='block_1_9' title="bbox 185 2156 739 2211">
    <p class='ocr_par' dir='ltr' id='par_1_9' title="bbox 185 2156 739 2211">
     <span class='ocr_line' id='line_1_36' title="bbox 185 2156 739 2211; baseline -0.007 -13"><span class='ocrx_word' id='word_1_218' title='bbox 185 2161 336 2211; x_wconf 67' lang='lat' dir='ltr'>Cybelae.</span> <span class='ocrx_word' id='word_1_219' title='bbox 353 2161 483 2197; x_wconf 78' lang='lat' dir='ltr'>Statius</span> <span class='ocrx_word' id='word_1_220' title='bbox 497 2172 522 2196; x_wconf 77' lang='lat' dir='ltr'><strong>v</strong></span> <span class='ocrx_word' id='word_1_221' title='bbox 533 2186 543 2205; x_wconf 85' lang='lat'>,</span> <span class='ocrx_word' id='word_1_222' title='bbox 560 2156 669 2195; x_wconf 81' lang='lat' dir='ltr'>Ac&#39;hil.</span> <span class='ocrx_word' id='word_1_223' title='bbox 685 2159 739 2194; x_wconf 77' lang='lat'>60.</span> 
     </span>
    </p>
   </div>
   <div class='ocr_carea' id='block_1_10' title="bbox 180 2219 844 2403">
    <p class='ocr_par' dir='ltr' id='par_1_10' title="bbox 180 2219 844 2403">
     <span class='ocr_line' id='line_1_37' title="bbox 180 2219 818 2257; baseline -0.008 -9"><span class='ocrx_word' id='word_1_224' title='bbox 180 2223 232 2249; x_wconf 72' lang='lat' dir='ltr'>lue</span> <span class='ocrx_word' id='word_1_225' title='bbox 243 2222 359 2257; x_wconf 68' lang='lat' dir='ltr'>Phryga·</span> <span class='ocrx_word' id='word_1_226' title='bbox 369 2222 442 2247; x_wconf 71' lang='lat' dir='ltr'>lucos</span> <span class='ocrx_word' id='word_1_227' title='bbox 449 2240 458 2253; x_wconf 92' lang='lat'><em>,</em></span> <span class='ocrx_word' id='word_1_228' title='bbox 471 2220 565 2247; x_wconf 64' lang='lat' dir='ltr'>Mau-1⁸</span> <span class='ocrx_word' id='word_1_229' title='bbox 575 2220 715 2254; x_wconf 62' lang='lat' dir='ltr'>penetran-</span> <span class='ocrx_word' id='word_1_230' title='bbox 723 2238 731 2251; x_wconf 87' lang='lat'><em>‚</em></span> <span class='ocrx_word' id='word_1_231' title='bbox 742 2219 818 2244; x_wconf 72' lang='lat' dir='ltr'>caedit</span> 
     </span>
     <span class='ocr_line' id='line_1_38' title="bbox 181 2269 844 2305; baseline -0.008 -7"><span class='ocrx_word' id='word_1_232' title='bbox 181 2272 328 2305; x_wconf 68' lang='lat' dir='ltr'>&#39;run-iger-</span> <span class='ocrx_word' id='word_1_233' title='bbox 337 2290 347 2303; x_wconf 93' lang='lat'><em>‚</em></span> <span class='ocrx_word' id='word_1_234' title='bbox 360 2271 507 2304; x_wconf 61' lang='lat' dir='ltr'>vetit-sque</span> <span class='ocrx_word' id='word_1_235' title='bbox 517 2270 571 2296; x_wconf 68' lang='lat' dir='ltr'>solo</span> <span class='ocrx_word' id='word_1_236' title='bbox 585 2269 755 2303; x_wconf 75' lang='lat' dir='ltr'>procumbere</span> <span class='ocrx_word' id='word_1_237' title='bbox 766 2269 844 2302; x_wconf 74' lang='lat' dir='ltr'>pinus</span> 
     </span>
     <span class='ocr_line' id='line_1_39' title="bbox 180 2317 799 2354; baseline -0.005 -9"><span class='ocrx_word' id='word_1_238' title='bbox 180 2320 343 2354; x_wconf 45' lang='lat' dir='ltr'>[Recipit-23</span> <span class='ocrx_word' id='word_1_239' title='bbox 354 2324 487 2353; x_wconf 57' lang='lat' dir='ltr'>tensaque</span> <span class='ocrx_word' id='word_1_240' title='bbox 498 2317 566 2344; x_wconf 72' lang='lat' dir='ltr'>freto</span> <span class='ocrx_word' id='word_1_241' title='bbox 577 2318 678 2343; x_wconf 72' lang='lat' dir='ltr'>delam»</span> <span class='ocrx_word' id='word_1_242' title='bbox 690 2317 799 2343; x_wconf 70' lang='lat' dir='ltr'>Acboens</span> 
     </span>
     <span class='ocr_line' id='line_1_40' title="bbox 180 2366 794 2403; baseline -0.007 -8"><span class='ocrx_word' id='word_1_243' title='bbox 180 2369 300 2403; x_wconf 66' lang='lat' dir='ltr'>nospiti-</span> <span class='ocrx_word' id='word_1_244' title='bbox 311 2367 412 2394; x_wconf 69' lang='lat' dir='ltr'>Atridn</span> <span class='ocrx_word' id='word_1_245' title='bbox 421 2368 514 2401; x_wconf 71' lang='lat' dir='ltr'>spoli-t</span> <span class='ocrx_word' id='word_1_246' title='bbox 525 2366 661 2392; x_wconf 71' lang='lat' dir='ltr'>thalamos.</span> <span class='ocrx_word' id='word_1_247' title='bbox 694 2367 794 2392; x_wconf 69' lang='lat' dir='ltr'>Bonu-</span> 
     </span>
    </p>
   </div>
   <div class='ocr_carea' id='block_1_11' title="bbox 180 2423 862 2680">
    <p class='ocr_par' dir='ltr' id='par_1_11' title="bbox 180 2423 862 2680">
     <span class='ocr_line' id='line_1_41' title="bbox 228 2423 861 2475; baseline -0.009 -12"><span class='ocrx_word' id='word_1_248' title='bbox 228 2440 301 2475; x_wconf 86' lang='lat'><strong>¹⁰7·</strong></span> <span class='ocrx_word' id='word_1_249' title='bbox 324 2427 444 2462; x_wconf 71' lang='lat' dir='ltr'>Ardua</span> <span class='ocrx_word' id='word_1_250' title='bbox 463 2427 624 2469; x_wconf 75' lang='lat' dir='ltr'>Gargara.</span> <span class='ocrx_word' id='word_1_251' title='bbox 639 2423 792 2470; x_wconf 82' lang='lat' dir='ltr'>Gargara</span> <span class='ocrx_word' id='word_1_252' title='bbox 806 2436 861 2470; x_wconf 87' lang='lat' dir='ltr'>ge-</span> 
     </span>
     <span class='ocr_line' id='line_1_42' title="bbox 180 2475 862 2527; baseline -0.009 -12"><span class='ocrx_word' id='word_1_253' title='bbox 180 2479 347 2515; x_wconf 85' lang='lat' dir='ltr'>neraliter</span> <span class='ocrx_word' id='word_1_254' title='bbox 366 2481 405 2515; x_wconf 69' lang='grc' dir='ltr'><strong><em>τᾶ</em></strong></span> <span class='ocrx_word' id='word_1_255' title='bbox 422 2480 518 2527; x_wconf 69' lang='grc' dir='ltr'><strong><em>ἄκρα,</em></strong></span> <span class='ocrx_word' id='word_1_256' title='bbox 539 2476 607 2511; x_wconf 90' lang='lat' dir='ltr'>hoc</span> <span class='ocrx_word' id='word_1_257' title='bbox 624 2483 697 2521; x_wconf 86' lang='lat' dir='ltr'>est,</span> <span class='ocrx_word' id='word_1_258' title='bbox 713 2475 862 2511; x_wconf 88' lang='lat' dir='ltr'>summi-</span> 
     </span>
     <span class='ocr_line' id='line_1_43' title="bbox 181 2527 862 2573; baseline -0.009 -6"><span class='ocrx_word' id='word_1_259' title='bbox 181 2538 269 2567; x_wconf 85' lang='lat' dir='ltr'>tates</span> <span class='ocrx_word' id='word_1_260' title='bbox 288 2530 464 2565; x_wconf 87' lang='lat' dir='ltr'>montium</span> <span class='ocrx_word' id='word_1_261' title='bbox 473 2555 483 2573; x_wconf 89' lang='lat'>‚</span> <span class='ocrx_word' id='word_1_262' title='bbox 496 2529 565 2564; x_wconf 79' lang='lat' dir='ltr'>sive</span> <span class='ocrx_word' id='word_1_263' title='bbox 578 2528 722 2563; x_wconf 83' lang='lat' dir='ltr'>vertices</span> <span class='ocrx_word' id='word_1_264' title='bbox 737 2527 862 2562; x_wconf 88' lang='lat' dir='ltr'>dicun-</span> 
     </span>
     <span class='ocr_line' id='line_1_44' title="bbox 181 2578 861 2626; baseline -0.012 -6"><span class='ocrx_word' id='word_1_265' title='bbox 181 2590 251 2620; x_wconf 78' lang='lat' dir='ltr'>tur.</span> <span class='ocrx_word' id='word_1_266' title='bbox 261 2582 332 2620; x_wconf 85' lang='lat' dir='ltr'>Sed</span> <span class='ocrx_word' id='word_1_267' title='bbox 343 2581 496 2618; x_wconf 89' lang='lat' dir='ltr'>hocloco</span> <span class='ocrx_word' id='word_1_268' title='bbox 507 2580 550 2615; x_wconf 86' lang='lat' dir='ltr'>de</span> <span class='ocrx_word' id='word_1_269' title='bbox 562 2586 659 2626; x_wconf 85' lang='lat' dir='ltr'>parte</span> <span class='ocrx_word' id='word_1_270' title='bbox 678 2578 749 2614; x_wconf 82' lang='lat' dir='ltr'>ldae</span> <span class='ocrx_word' id='word_1_271' title='bbox 762 2591 861 2613; x_wconf 89' lang='lat' dir='ltr'>mon-</span> 
     </span>
     <span class='ocr_line' id='line_1_45' title="bbox 184 2632 861 2680; baseline -0.009 -8"><span class='ocrx_word' id='word_1_272' title='bbox 184 2637 229 2672; x_wconf 76' lang='lat' dir='ltr'>tis</span> <span class='ocrx_word' id='word_1_273' title='bbox 238 2633 715 2680; x_wconf 54' lang='lat' dir='ltr'>australiaccipiendumfluae</span> <span class='ocrx_word' id='word_1_274' title='bbox 722 2632 861 2678; x_wconf 83' lang='lat' dir='ltr'>proprie</span> 
     </span>
    </p>
   </div>
   <div class='ocr_carea' id='block_1_12' title="bbox 185 2683 864 2734">
    <p class='ocr_par' dir='ltr' id='par_1_12' title="bbox 185 2683 864 2734">
     <span class='ocr_line' id='line_1_46' title="bbox 185 2683 864 2734; baseline -0.009 -10"><span class='ocrx_word' id='word_1_275' title='bbox 185 2688 255 2724; x_wconf 77' lang='lat' dir='ltr'>hoc</span> <span class='ocrx_word' id='word_1_276' title='bbox 260 2688 405 2723; x_wconf 88' lang='lat' dir='ltr'>nomine</span> <span class='ocrx_word' id='word_1_277' title='bbox 414 2686 605 2734; x_wconf 88' lang='lat' dir='ltr'>appellatur</span> <span class='ocrx_word' id='word_1_278' title='bbox 612 2698 620 2720; x_wconf 72' lang='grc' dir='ltr'><strong>ε</strong></span> <span class='ocrx_word' id='word_1_279' title='bbox 626 2685 662 2719; x_wconf 90' lang='lat' dir='ltr'>in</span> <span class='ocrx_word' id='word_1_280' title='bbox 673 2685 771 2730; x_wconf 82' lang='lat' dir='ltr'>cujus</span> <span class='ocrx_word' id='word_1_281' title='bbox 778 2683 864 2718; x_wconf 89' lang='lat' dir='ltr'>radi-</span> 
     </span>
    </p>
   </div>
   <div class='ocr_carea' id='block_1_13' title="bbox 186 2736 862 2786">
    <p class='ocr_par' dir='ltr' id='par_1_13' title="bbox 186 2736 862 2786">
     <span class='ocr_line' id='line_1_47' title="bbox 186 2736 862 2786; baseline -0.009 -9"><span class='ocrx_word' id='word_1_282' title='bbox 186 2740 283 2777; x_wconf 69' lang='lat' dir='ltr'>cibus</span> <span class='ocrx_word' id='word_1_283' title='bbox 298 2747 334 2776; x_wconf 91' lang='lat' dir='ltr'>et</span> <span class='ocrx_word' id='word_1_284' title='bbox 349 2739 516 2786; x_wconf 87' lang='lat' dir='ltr'>oppidum</span> <span class='ocrx_word' id='word_1_285' title='bbox 537 2737 694 2784; x_wconf 82' lang='lat' dir='ltr'>ejusdem</span> <span class='ocrx_word' id='word_1_286' title='bbox 711 2736 862 2773; x_wconf 77' lang='lat' dir='ltr'>nominis</span> 
     </span>
    </p>
   </div>
   <div class='ocr_carea' id='block_1_14' title="bbox 313 2806 359 2851">
    <p class='ocr_par' dir='ltr' id='par_1_14' title="bbox 313 2806 359 2851">
     <span class='ocr_line' id='line_1_48' title="bbox 313 2806 359 2851; baseline -0.022 0"><span class='ocrx_word' id='word_1_287' title='bbox 313 2806 359 2851; x_wconf 90' lang='lat' dir='ltr'>I.</span> 
     </span>
    </p>
   </div>
   <div class='ocr_carea' id='block_1_15' title="bbox 1002 1341 1125 1359">
    <p class='ocr_par' dir='ltr' id='par_1_15' title="bbox 1002 1341 1125 1359">
     <span class='ocr_line' id='line_1_49' title="bbox 1002 1341 1125 1359; baseline 0 -1"><span class='ocrx_word' id='word_1_288' title='bbox 1002 1341 1125 1359; x_wconf 65' lang='lat' dir='ltr'>BCCUOS·</span> 
     </span>
    </p>
   </div>
   <div class='ocr_carea' id='block_1_16' title="bbox 920 1380 1607 2771">
    <p class='ocr_par' dir='ltr' id='par_1_16' title="bbox 921 1380 1602 1571">
     <span class='ocr_line' id='line_1_50' title="bbox 922 1380 1602 1432; baseline 0.006 -16"><span class='ocrx_word' id='word_1_289' title='bbox 922 1380 1024 1416; x_wconf 86' lang='lat' dir='ltr'>Dicta</span> <span class='ocrx_word' id='word_1_290' title='bbox 1051 1387 1169 1416; x_wconf 86' lang='lat' dir='ltr'>autem</span> <span class='ocrx_word' id='word_1_291' title='bbox 1195 1381 1349 1428; x_wconf 80' lang='lat' dir='ltr'>Gargara</span> <span class='ocrx_word' id='word_1_292' title='bbox 1366 1413 1376 1427; x_wconf 85' lang='grc'>,</span> <span class='ocrx_word' id='word_1_293' title='bbox 1400 1396 1419 1418; x_wconf 90' lang='lat' dir='ltr'>a</span> <span class='ocrx_word' id='word_1_294' title='bbox 1445 1383 1602 1432; x_wconf 86' lang='lat' dir='ltr'>Gargaro</span> 
     </span>
     <span class='ocr_line' id='line_1_51' title="bbox 921 1433 1601 1480; baseline 0.006 -13"><span class='ocrx_word' id='word_1_295' title='bbox 921 1433 946 1467; x_wconf 85' lang='lat' dir='ltr'>J</span> <span class='ocrx_word' id='word_1_296' title='bbox 948 1433 1018 1468; x_wconf 85' lang='lat' dir='ltr'>ovis</span> <span class='ocrx_word' id='word_1_297' title='bbox 1032 1439 1067 1467; x_wconf 91' lang='lat' dir='ltr'>et</span> <span class='ocrx_word' id='word_1_298' title='bbox 1083 1433 1224 1468; x_wconf 83' lang='lat' dir='ltr'>Larissae</span> <span class='ocrx_word' id='word_1_299' title='bbox 1240 1434 1321 1469; x_wconf 85' lang='lat' dir='ltr'>filio.</span> <span class='ocrx_word' id='word_1_300' title='bbox 1341 1452 1386 1461; x_wconf 90' lang='lat'>·-</span> <span class='ocrx_word' id='word_1_301' title='bbox 1401 1436 1601 1480; x_wconf 81' lang='lat' dir='ltr'>Spoliantur.</span> 
     </span>
     <span class='ocr_line' id='line_1_52' title="bbox 922 1484 1601 1535; baseline 0.01 -17"><span class='ocrx_word' id='word_1_302' title='bbox 922 1484 1130 1530; x_wconf 72' lang='lat' dir='ltr'>Eleganter3</span> <span class='ocrx_word' id='word_1_303' title='bbox 1155 1485 1249 1520; x_wconf 88' lang='lat' dir='ltr'>unde</span> <span class='ocrx_word' id='word_1_304' title='bbox 1274 1488 1498 1522; x_wconf 77' lang='lat' dir='ltr'>nudimontes</span> <span class='ocrx_word' id='word_1_305' title='bbox 1512 1501 1601 1535; x_wconf 81' lang='lat' dir='ltr'>saepe</span> 
     </span>
     <span class='ocr_line' id='line_1_53' title="bbox 922 1535 1096 1571; baseline 0.006 -1"><span class='ocrx_word' id='word_1_306' title='bbox 922 1535 1096 1571; x_wconf 87' lang='lat' dir='ltr'>dicuntur.</span> 
     </span>
    </p>

    <p class='ocr_par' dir='ltr' id='par_1_17' title="bbox 920 1589 1607 2771">
     <span class='ocr_line' id='line_1_54' title="bbox 969 1589 1605 1633; baseline 0.009 -11"><span class='ocrx_word' id='word_1_307' title='bbox 969 1589 1040 1622; x_wconf 84' lang='lat'><strong>108.</strong></span> <span class='ocrx_word' id='word_1_308' title='bbox 1062 1590 1183 1633; x_wconf 74' lang='lat' dir='ltr'>Longa</span> <span class='ocrx_word' id='word_1_309' title='bbox 1201 1591 1266 1623; x_wconf 82' lang='lat' dir='ltr'>dal</span> <span class='ocrx_word' id='word_1_310' title='bbox 1277 1591 1343 1624; x_wconf 82' lang='lat' dir='ltr'>Ida</span> <span class='ocrx_word' id='word_1_311' title='bbox 1361 1593 1482 1625; x_wconf 81' lang='lat' dir='ltr'>trabes.</span> <span class='ocrx_word' id='word_1_312' title='bbox 1495 1592 1536 1626; x_wconf 91' lang='lat' dir='ltr'>Id</span> <span class='ocrx_word' id='word_1_313' title='bbox 1553 1599 1605 1628; x_wconf 82' lang='lat' dir='ltr'>est</span> 
     </span>
     <span class='ocr_line' id='line_1_55' title="bbox 921 1639 1607 1686; baseline 0.01 -13"><span class='ocrx_word' id='word_1_314' title='bbox 921 1639 1083 1685; x_wconf 89' lang='lat' dir='ltr'>arbores,</span> <span class='ocrx_word' id='word_1_315' title='bbox 1109 1653 1151 1675; x_wconf 86' lang='lat' dir='ltr'>ex</span> <span class='ocrx_word' id='word_1_316' title='bbox 1177 1641 1300 1686; x_wconf 85' lang='lat' dir='ltr'>quibus</span> <span class='ocrx_word' id='word_1_317' title='bbox 1325 1644 1438 1677; x_wconf 82' lang='lat' dir='ltr'>trabes</span> <span class='ocrx_word' id='word_1_318' title='bbox 1460 1644 1607 1681; x_wconf 85' lang='lat' dir='ltr'>navium</span> 
     </span>
     <span class='ocr_line' id='line_1_56' title="bbox 920 1690 1604 1738; baseline 0.01 -13"><span class='ocrx_word' id='word_1_319' title='bbox 920 1690 1021 1727; x_wconf 80' lang='lat' dir='ltr'>fiunt.</span> <span class='ocrx_word' id='word_1_320' title='bbox 1045 1691 1147 1726; x_wconf 89' lang='lat' dir='ltr'>Idam</span> <span class='ocrx_word' id='word_1_321' title='bbox 1169 1699 1287 1727; x_wconf 86' lang='lat' dir='ltr'>autem</span> <span class='ocrx_word' id='word_1_322' title='bbox 1307 1695 1440 1738; x_wconf 75' lang='lat' dir='ltr'>longam</span> <span class='ocrx_word' id='word_1_323' title='bbox 1461 1703 1561 1731; x_wconf 83' lang='lat' dir='ltr'>vocat</span> <span class='ocrx_word' id='word_1_324' title='bbox 1585 1711 1604 1732; x_wconf 90' lang='lat' dir='ltr'>a</span> 
     </span>
     <span class='ocr_line' id='line_1_57' title="bbox 920 1744 1605 1796; baseline 0.009 -19"><span class='ocrx_word' id='word_1_325' title='bbox 920 1744 1035 1789; x_wconf 89' lang='lat' dir='ltr'>positu</span> <span class='ocrx_word' id='word_1_326' title='bbox 1044 1756 1053 1779; x_wconf 76' lang='lat' dir='ltr'>z</span> <span class='ocrx_word' id='word_1_327' title='bbox 1062 1744 1164 1790; x_wconf 87' lang='lat' dir='ltr'>longa</span> <span class='ocrx_word' id='word_1_328' title='bbox 1178 1744 1273 1779; x_wconf 87' lang='lat' dir='ltr'>enim</span> <span class='ocrx_word' id='word_1_329' title='bbox 1285 1758 1348 1790; x_wconf 89' lang='lat' dir='ltr'>per</span> <span class='ocrx_word' id='word_1_330' title='bbox 1362 1753 1474 1790; x_wconf 78' lang='lat' dir='ltr'>totam</span> <span class='ocrx_word' id='word_1_331' title='bbox 1486 1747 1605 1796; x_wconf 82' lang='lat' dir='ltr'>Phry-</span> 
     </span>
     <span class='ocr_line' id='line_1_58' title="bbox 921 1795 1605 1843; baseline 0.009 -14"><span class='ocrx_word' id='word_1_332' title='bbox 921 1795 1012 1841; x_wconf 85' lang='lat' dir='ltr'>giam</span> <span class='ocrx_word' id='word_1_333' title='bbox 1028 1796 1323 1832; x_wconf 78' lang='lat' dir='ltr'>extenditurzaliis</span> <span class='ocrx_word' id='word_1_334' title='bbox 1333 1805 1436 1843; x_wconf 88' lang='lat' dir='ltr'>atque</span> <span class='ocrx_word' id='word_1_335' title='bbox 1450 1799 1521 1834; x_wconf 85' lang='lat' dir='ltr'>aliis</span> <span class='ocrx_word' id='word_1_336' title='bbox 1536 1813 1605 1835; x_wconf 93' lang='lat' dir='ltr'>no-</span> 
     </span>
     <span class='ocr_line' id='line_1_59' title="bbox 921 1847 1606 1894; baseline 0.01 -13"><span class='ocrx_word' id='word_1_337' title='bbox 921 1847 1074 1882; x_wconf 88' lang='lat' dir='ltr'>minibus</span> <span class='ocrx_word' id='word_1_338' title='bbox 1100 1848 1225 1894; x_wconf 87' lang='lat' dir='ltr'>passim</span> <span class='ocrx_word' id='word_1_339' title='bbox 1250 1849 1451 1894; x_wconf 87' lang='lat' dir='ltr'>appellatur.</span> <span class='ocrx_word' id='word_1_340' title='bbox 1482 1851 1551 1886; x_wconf 88' lang='lat' dir='ltr'>Vel</span> <span class='ocrx_word' id='word_1_341' title='bbox 1577 1853 1606 1888; x_wconf 90' lang='lat' dir='ltr'>si</span> 
     </span>
     <span class='ocr_line' id='line_1_60' title="bbox 921 1899 1604 1948; baseline 0.007 -15"><span class='ocrx_word' id='word_1_342' title='bbox 921 1899 1030 1934; x_wconf 88' lang='lat' dir='ltr'>mavis</span> <span class='ocrx_word' id='word_1_343' title='bbox 1048 1927 1058 1944; x_wconf 93' lang='lat'>,</span> <span class='ocrx_word' id='word_1_344' title='bbox 1085 1900 1198 1946; x_wconf 83' lang='lat' dir='ltr'>accipe</span> <span class='ocrx_word' id='word_1_345' title='bbox 1228 1900 1417 1946; x_wconf 84' lang='lat' dir='ltr'>improprie</span> <span class='ocrx_word' id='word_1_346' title='bbox 1449 1905 1583 1948; x_wconf 73' lang='lat' dir='ltr'>longam</span> <span class='ocrx_word' id='word_1_347' title='bbox 1594 1932 1604 1946; x_wconf 90' lang='lat'><em>,</em></span> 
     </span>
     <span class='ocr_line' id='line_1_61' title="bbox 922 1952 1606 2001; baseline 0.007 -16"><span class='ocrx_word' id='word_1_348' title='bbox 922 1964 987 1997; x_wconf 92' lang='lat' dir='ltr'>pro</span> <span class='ocrx_word' id='word_1_349' title='bbox 999 1952 1085 1986; x_wconf 85' lang='lat' dir='ltr'>alta:</span> <span class='ocrx_word' id='word_1_350' title='bbox 1098 1958 1194 1985; x_wconf 88' lang='lat' dir='ltr'>tanta</span> <span class='ocrx_word' id='word_1_351' title='bbox 1210 1958 1328 1986; x_wconf 89' lang='lat' dir='ltr'>autem</span> <span class='ocrx_word' id='word_1_352' title='bbox 1342 1953 1488 1988; x_wconf 84' lang='lat' dir='ltr'>altitudo</span> <span class='ocrx_word' id='word_1_353' title='bbox 1500 1955 1606 2001; x_wconf 82' lang='lat' dir='ltr'>hujus</span> 
     </span>
     <span class='ocr_line' id='line_1_62' title="bbox 923 2002 1604 2054; baseline 0.009 -18"><span class='ocrx_word' id='word_1_354' title='bbox 923 2002 1052 2037; x_wconf 88' lang='lat' dir='ltr'>montis</span> <span class='ocrx_word' id='word_1_355' title='bbox 1065 2029 1074 2046; x_wconf 90' lang='lat'>,</span> <span class='ocrx_word' id='word_1_356' title='bbox 1092 2009 1132 2037; x_wconf 85' lang='lat' dir='ltr'>ut</span> <span class='ocrx_word' id='word_1_357' title='bbox 1147 2002 1273 2038; x_wconf 90' lang='lat' dir='ltr'>eodem</span> <span class='ocrx_word' id='word_1_358' title='bbox 1289 2010 1447 2049; x_wconf 88' lang='lat' dir='ltr'>tempore</span> <span class='ocrx_word' id='word_1_359' title='bbox 1463 2007 1604 2054; x_wconf 85' lang='lat' dir='ltr'>vestigia</span> 
     </span>
     <span class='ocr_line' id='line_1_63' title="bbox 923 2055 1604 2102; baseline 0.004 -11"><span class='ocrx_word' id='word_1_360' title='bbox 923 2056 1066 2091; x_wconf 89' lang='lat' dir='ltr'>orientis</span> <span class='ocrx_word' id='word_1_361' title='bbox 1090 2055 1169 2090; x_wconf 88' lang='lat' dir='ltr'>solis</span> <span class='ocrx_word' id='word_1_362' title='bbox 1184 2081 1193 2098; x_wconf 93' lang='lat'>‚</span> <span class='ocrx_word' id='word_1_363' title='bbox 1222 2061 1257 2089; x_wconf 84' lang='lat' dir='ltr'>et</span> <span class='ocrx_word' id='word_1_364' title='bbox 1282 2056 1357 2100; x_wconf 83' lang='lat' dir='ltr'>ejus</span> <span class='ocrx_word' id='word_1_365' title='bbox 1376 2083 1386 2100; x_wconf 87' lang='lat'>,</span> <span class='ocrx_word' id='word_1_366' title='bbox 1410 2057 1469 2102; x_wconf 86' lang='lat' dir='ltr'>qui</span> <span class='ocrx_word' id='word_1_367' title='bbox 1496 2059 1604 2094; x_wconf 90' lang='lat' dir='ltr'>modo</span> 
     </span>
     <span class='ocr_line' id='line_1_64' title="bbox 923 2107 1605 2156; baseline 0.003 -13"><span class='ocrx_word' id='word_1_368' title='bbox 923 2107 1087 2143; x_wconf 87' lang='lat' dir='ltr'>occiderit</span> <span class='ocrx_word' id='word_1_369' title='bbox 1100 2134 1110 2151; x_wconf 85' lang='lat'>‚</span> <span class='ocrx_word' id='word_1_370' title='bbox 1132 2107 1169 2141; x_wconf 88' lang='lat' dir='ltr'>in</span> <span class='ocrx_word' id='word_1_371' title='bbox 1194 2107 1322 2142; x_wconf 88' lang='lat' dir='ltr'>vertice</span> <span class='ocrx_word' id='word_1_372' title='bbox 1342 2107 1459 2143; x_wconf 88' lang='lat' dir='ltr'>videre</span> <span class='ocrx_word' id='word_1_373' title='bbox 1481 2109 1581 2145; x_wconf 88' lang='lat' dir='ltr'>liceat</span> <span class='ocrx_word' id='word_1_374' title='bbox 1596 2138 1605 2156; x_wconf 90' lang='lat'>,</span> 
     </span>
     <span class='ocr_line' id='line_1_65' title="bbox 922 2159 1601 2206; baseline 0.003 -11"><span class='ocrx_word' id='word_1_375' title='bbox 922 2167 963 2195; x_wconf 85' lang='lat' dir='ltr'>ut</span> <span class='ocrx_word' id='word_1_376' title='bbox 979 2159 1120 2206; x_wconf 88' lang='lat' dir='ltr'>quidem</span> <span class='ocrx_word' id='word_1_377' title='bbox 1140 2159 1235 2194; x_wconf 87' lang='lat' dir='ltr'>Mela</span> <span class='ocrx_word' id='word_1_378' title='bbox 1251 2166 1371 2194; x_wconf 86' lang='lat' dir='ltr'>auctor</span> <span class='ocrx_word' id='word_1_379' title='bbox 1384 2167 1444 2196; x_wconf 88' lang='lat' dir='ltr'>est.</span> <span class='ocrx_word' id='word_1_380' title='bbox 1461 2161 1601 2197; x_wconf 72' lang='lat' dir='ltr'>Mlcu.</span> 
     </span>
     <span class='ocr_line' id='line_1_66' title="bbox 922 2211 1602 2256; baseline 0.001 -8"><span class='ocrx_word' id='word_1_381' title='bbox 922 2213 1048 2249; x_wconf 85' lang='lat' dir='ltr'>-Non</span> <span class='ocrx_word' id='word_1_382' title='bbox 1058 2211 1124 2246; x_wconf 89' lang='lat' dir='ltr'>hoc</span> <span class='ocrx_word' id='word_1_383' title='bbox 1136 2211 1244 2256; x_wconf 90' lang='lat' dir='ltr'>Mela,</span> <span class='ocrx_word' id='word_1_384' title='bbox 1253 2221 1279 2255; x_wconf 85' lang='lat'>¹,</span> <span class='ocrx_word' id='word_1_385' title='bbox 1297 2211 1355 2254; x_wconf 79' lang='lat'>183</span> <span class='ocrx_word' id='word_1_386' title='bbox 1369 2212 1442 2256; x_wconf 88' lang='lat' dir='ltr'>sed,</span> <span class='ocrx_word' id='word_1_387' title='bbox 1456 2226 1474 2247; x_wconf 92' lang='lat' dir='ltr'>a</span> <span class='ocrx_word' id='word_1_388' title='bbox 1485 2213 1602 2249; x_wconf 88' lang='lat' dir='ltr'>media</span> 
     </span>
     <span class='ocr_line' id='line_1_67' title="bbox 922 2263 1600 2310; baseline 0.001 -11"><span class='ocrx_word' id='word_1_389' title='bbox 922 2265 995 2310; x_wconf 78' lang='lat' dir='ltr'>jam</span> <span class='ocrx_word' id='word_1_390' title='bbox 1021 2270 1123 2298; x_wconf 90' lang='lat' dir='ltr'>nocte</span> <span class='ocrx_word' id='word_1_391' title='bbox 1149 2263 1262 2308; x_wconf 86' lang='lat' dir='ltr'>spargi</span> <span class='ocrx_word' id='word_1_392' title='bbox 1286 2263 1383 2309; x_wconf 85' lang='lat' dir='ltr'>ignes</span> <span class='ocrx_word' id='word_1_393' title='bbox 1407 2265 1600 2310; x_wconf 87' lang='lat' dir='ltr'>passimque</span> 
     </span>
     <span class='ocr_line' id='line_1_68' title="bbox 922 2315 1606 2362; baseline 0 -11"><span class='ocrx_word' id='word_1_394' title='bbox 922 2317 1050 2351; x_wconf 88' lang='lat' dir='ltr'>micare</span> <span class='ocrx_word' id='word_1_395' title='bbox 1063 2330 1072 2358; x_wconf 92' lang='lat'>;</span> <span class='ocrx_word' id='word_1_396' title='bbox 1090 2323 1126 2350; x_wconf 87' lang='lat' dir='ltr'>et</span> <span class='ocrx_word' id='word_1_397' title='bbox 1141 2322 1180 2350; x_wconf 90' lang='lat' dir='ltr'>ut</span> <span class='ocrx_word' id='word_1_398' title='bbox 1195 2315 1253 2350; x_wconf 83' lang='lat' dir='ltr'>lux</span> <span class='ocrx_word' id='word_1_399' title='bbox 1268 2316 1521 2362; x_wconf 87' lang='lat' dir='ltr'>appropinquat</span> <span class='ocrx_word' id='word_1_400' title='bbox 1533 2343 1542 2360; x_wconf 88' lang='lat'>‚</span> <span class='ocrx_word' id='word_1_401' title='bbox 1557 2318 1606 2351; x_wconf 88' lang='lat' dir='ltr'>ita</span> 
     </span>
     <span class='ocr_line' id='line_1_69' title="bbox 923 2367 1603 2414; baseline 0 -11"><span class='ocrx_word' id='word_1_402' title='bbox 923 2369 1015 2404; x_wconf 90' lang='lat' dir='ltr'>coire</span> <span class='ocrx_word' id='word_1_403' title='bbox 1033 2381 1071 2402; x_wconf 87' lang='lat' dir='ltr'>ac</span> <span class='ocrx_word' id='word_1_404' title='bbox 1091 2381 1126 2402; x_wconf 91' lang='lat' dir='ltr'>se</span> <span class='ocrx_word' id='word_1_405' title='bbox 1147 2368 1360 2414; x_wconf 87' lang='lat' dir='ltr'>conjungere</span> <span class='ocrx_word' id='word_1_406' title='bbox 1384 2367 1515 2412; x_wconf 85' lang='lat' dir='ltr'>videri,</span> <span class='ocrx_word' id='word_1_407' title='bbox 1537 2368 1603 2403; x_wconf 90' lang='lat' dir='ltr'>do-</span> 
     </span>
     <span class='ocr_line' id='line_1_70' title="bbox 922 2420 1602 2466; baseline -0.001 -10"><span class='ocrx_word' id='word_1_408' title='bbox 922 2433 988 2456; x_wconf 90' lang='lat' dir='ltr'>nec</span> <span class='ocrx_word' id='word_1_409' title='bbox 1009 2420 1136 2466; x_wconf 87' lang='lat' dir='ltr'>magis,</span> <span class='ocrx_word' id='word_1_410' title='bbox 1154 2420 1330 2466; x_wconf 85' lang='lat' dir='ltr'>magisque</span> <span class='ocrx_word' id='word_1_411' title='bbox 1353 2420 1485 2454; x_wconf 84' lang='lat' dir='ltr'>collecti</span> <span class='ocrx_word' id='word_1_412' title='bbox 1507 2433 1602 2466; x_wconf 87' lang='lat' dir='ltr'>pau—</span> 
     </span>
     <span class='ocr_line' id='line_1_71' title="bbox 922 2471 1600 2517; baseline -0.003 -9"><span class='ocrx_word' id='word_1_413' title='bbox 922 2474 1031 2509; x_wconf 88' lang='lat' dir='ltr'>ciores</span> <span class='ocrx_word' id='word_1_414' title='bbox 1049 2471 1194 2506; x_wconf 90' lang='lat' dir='ltr'>subinde</span> <span class='ocrx_word' id='word_1_415' title='bbox 1210 2499 1219 2516; x_wconf 90' lang='lat'><strong><em>,</em></strong></span> <span class='ocrx_word' id='word_1_416' title='bbox 1238 2479 1274 2506; x_wconf 88' lang='lat' dir='ltr'>et</span> <span class='ocrx_word' id='word_1_417' title='bbox 1296 2484 1368 2506; x_wconf 88' lang='lat' dir='ltr'>una</span> <span class='ocrx_word' id='word_1_418' title='bbox 1392 2471 1435 2506; x_wconf 90' lang='lat' dir='ltr'>ad</span> <span class='ocrx_word' id='word_1_419' title='bbox 1459 2479 1600 2517; x_wconf 87' lang='lat' dir='ltr'>postre—</span> 
     </span>
     <span class='ocr_line' id='line_1_72' title="bbox 922 2523 1602 2559; baseline 0 0"><span class='ocrx_word' id='word_1_420' title='bbox 922 2538 1022 2559; x_wconf 88' lang='lat' dir='ltr'>mum</span> <span class='ocrx_word' id='word_1_421' title='bbox 1036 2523 1177 2558; x_wconf 86' lang='lat' dir='ltr'>flamma</span> <span class='ocrx_word' id='word_1_422' title='bbox 1190 2523 1334 2558; x_wconf 87' lang='lat' dir='ltr'>ardeant</span> <span class='ocrx_word' id='word_1_423' title='bbox 1342 2530 1405 2558; x_wconf 85' lang='lat' dir='ltr'>etc.</span> <span class='ocrx_word' id='word_1_424' title='bbox 1414 2524 1602 2559; x_wconf 88' lang='lat' dir='ltr'>—Frustra</span> 
     </span>
     <span class='ocr_line' id='line_1_73' title="bbox 923 2575 1600 2618; baseline -0.004 -5"><span class='ocrx_word' id='word_1_425' title='bbox 923 2578 996 2613; x_wconf 85' lang='lat' dir='ltr'>haec</span> <span class='ocrx_word' id='word_1_426' title='bbox 1002 2577 1120 2612; x_wconf 88' lang='lat' dir='ltr'>omnia</span> <span class='ocrx_word' id='word_1_427' title='bbox 1133 2590 1141 2618; x_wconf 90' lang='lat'>;</span> <span class='ocrx_word' id='word_1_428' title='bbox 1154 2575 1354 2610; x_wconf 79' lang='lat' dir='ltr'>transmisso</span> <span class='ocrx_word' id='word_1_429' title='bbox 1364 2575 1496 2609; x_wconf 82' lang='lat' dir='ltr'>etenim</span> <span class='ocrx_word' id='word_1_430' title='bbox 1506 2588 1524 2609; x_wconf 88' lang='lat' dir='ltr'>a</span> <span class='ocrx_word' id='word_1_431' title='bbox 1534 2583 1600 2611; x_wconf 89' lang='lat' dir='ltr'>tra-</span> 
     </span>
     <span class='ocr_line' id='line_1_74' title="bbox 922 2627 1600 2674; baseline -0.003 -9"><span class='ocrx_word' id='word_1_432' title='bbox 922 2630 1022 2665; x_wconf 84' lang='lat' dir='ltr'>bibus</span> <span class='ocrx_word' id='word_1_433' title='bbox 1031 2631 1150 2674; x_wconf 65' lang='lat' dir='ltr'>longzlr,</span> <span class='ocrx_word' id='word_1_434' title='bbox 1163 2627 1206 2662; x_wconf 90' lang='lat' dir='ltr'>ad</span> <span class='ocrx_word' id='word_1_435' title='bbox 1221 2628 1335 2673; x_wconf 88' lang='lat' dir='ltr'>ipsum</span> <span class='ocrx_word' id='word_1_436' title='bbox 1347 2634 1507 2661; x_wconf 86' lang='lat' dir='ltr'>montem</span> <span class='ocrx_word' id='word_1_437' title='bbox 1524 2628 1600 2674; x_wconf 88' lang='lat' dir='ltr'>epi-</span> 
     </span>
     <span class='ocr_line' id='line_1_75' title="bbox 923 2680 1600 2726; baseline -0.004 -8"><span class='ocrx_word' id='word_1_438' title='bbox 923 2683 1035 2726; x_wconf 81' lang='lat' dir='ltr'>theto,</span> <span class='ocrx_word' id='word_1_439' title='bbox 1046 2682 1147 2716; x_wconf 87' lang='lat' dir='ltr'>venia</span> <span class='ocrx_word' id='word_1_440' title='bbox 1158 2681 1268 2714; x_wconf 84' lang='lat' dir='ltr'>utitur</span> <span class='ocrx_word' id='word_1_441' title='bbox 1278 2680 1384 2723; x_wconf 79' lang='lat' dir='ltr'>Naso,</span> <span class='ocrx_word' id='word_1_442' title='bbox 1396 2692 1504 2726; x_wconf 83' lang='lat' dir='ltr'>quam</span> <span class='ocrx_word' id='word_1_443' title='bbox 1513 2692 1600 2725; x_wconf 90' lang='lat' dir='ltr'>poe-</span> 
     </span>
     <span class='ocr_line' id='line_1_76' title="bbox 923 2731 1374 2771; baseline -0.009 0"><span class='ocrx_word' id='word_1_444' title='bbox 923 2736 967 2771; x_wconf 85' lang='lat' dir='ltr'>tis</span> <span class='ocrx_word' id='word_1_445' title='bbox 979 2735 1129 2771; x_wconf 90' lang='lat' dir='ltr'>libenter</span> <span class='ocrx_word' id='word_1_446' title='bbox 1140 2731 1374 2767; x_wconf 86' lang='lat' dir='ltr'>concedimus.</span> 
     </span>
    </p>
   </div>
   <div class='ocr_carea' id='block_1_17' title="bbox 1371 2802 1490 2860">
    <p class='ocr_par' dir='ltr' id='par_1_18' title="bbox 1371 2802 1490 2860">
     <span class='ocr_line' id='line_1_77' title="bbox 1371 2802 1490 2860; baseline -0.008 -18"><span class='ocrx_word' id='word_1_447' title='bbox 1371 2802 1490 2860; x_wconf 60' lang='lat' dir='ltr'>19v</span> 
     </span>
    </p>
   </div>
  </div>
 </body>
</html>
