1884 3112
335 250 422 310 370

788 249 1135 295 EPISTOLA
1167 253 1282 298 XX.

334 343 431 390 Hoc
455 361 654 408 quoque,
681 341 804 408 quod
824 342 895 407 jus
919 354 1012 402 est,
1037 343 1098 391 sit
1114 344 1327 411 scriptum
1342 345 1502 412 injuria
1517 361 1748 399 nostrum:

399 418 536 481 Quod
558 418 610 466 de
633 436 701 466 me
726 417 824 466 solo
845 438 1003 486 nempe
1026 422 1244 486 queraris,
1269 422 1421 490 habes.

332 499 434 545 Non
458 497 618 545 meruit
638 496 732 545 falli
755 516 925 545 mecum
949 517 1127 564 quoque
1152 499 1279 548 Delia
1299 519 1309 547 :
1334 496 1489 550 sinon
1703 504 1748 564 95

391 574 472 621 Vis
495 574 604 621 mihi
626 574 892 640 promissum
914 575 1117 633 reddere,
1143 577 1276 625 redde
1302 578 1420 627 Deae.

328 651 506 709 Adfuit,
532 663 576 700 et
597 651 726 710 vidit,
753 671 889 718 quum
913 663 962 700 tu
981 652 1164 720 decepta
1185 654 1378 703 rubebas
1396 674 1405 712 ;

391 732 451 778 Et
472 748 621 778 vocem
641 729 825 778 memori
848 730 1050 778 condidit
1072 751 1173 780 aure
1198 735 1329 780 taam.
1374 749 1377 769 1

329 806 491 856 Omina
513 825 559 854 re
582 818 755 854 careant
774 825 784 853 ε
803 806 915 853 nihil
941 818 1008 855 est
1029 807 1266 857 violentius
1291 809 1391 867 illa,

391 883 544 946 Quum
568 902 670 941 sua,
697 883 819 948 quod
841 883 1004 943 nolim,
1028 885 1210 934 numina
1232 885 1333 934 laesa
1350 886 1482 934 videt.

1688 912 1698 933 1
1706 912 1748 934 00

324 961 471 1009 Testis
492 961 576 1009 erit
599 960 839 1027 Calydonis
861 980 967 1027 aper
985 982 995 1010 ε
1013 981 1116 1011 nam
1144 963 1329 1021 scimus,
1350 975 1401 1011 ut
1422 962 1502 1011 illo

390 1038 459 1086 Sit
482 1037 620 1100 magis
643 1037 691 1084 in
713 1050 866 1085 natum
890 1055 1000 1086 saeva
1023 1051 1197 1105 reperta
1215 1059 1388 1106 parens.

322 1116 467 1165 Testis
489 1127 533 1164 et
551 1116 735 1163 Actaeon
750 1152 762 1172 ‚
789 1115 1011 1181 quondam
1035 1116 1126 1165 fera
1145 1116 1340 1165 creditus
1363 1116 1477 1175 illis,

387 1195 489 1259 Ipse
515 1191 635 1240 dedit
657 1191 746 1239 leto
772 1210 871 1239 cum
897 1192 1063 1258 quibus
1088 1204 1188 1241 ante
1211 1192 1347 1251 feras;

365 1312 418 1359 93.
427 1312 504 1346 Hoc
514 1324 637 1357 quoque
651 1316 714 1345 etc.
725 1311 801 1345 Hoc
811 1312 901 1355 quod
909 1324 1006 1345 amor

313 1365 443 1409 sussil,
467 1366 625 1407 scnjntum
651 1367 706 1397 est
725 1363 853 1408 injuria
874 1367 999 1397 nostra.

322 1419 400 1451 Hoc
420 1428 544 1460 quoque
561 1417 678 1460 quod...
691 1415 817 1461 jussit,
840 1418 999 1459 scnjotum

319 1469 445 1513 injun'a
451 1472 607 1507 nostrum,
618 1467 827 1502 Puteaneus.
840 1470 917 1502 Hoc
925 1481 1000 1512 quo-

323 1533 384 1566 que
404 1521 494 1565 quod
499 1519 613 1563 jussit
630 1522 789 1563 scnjotum
804 1524 859 1553 est
875 1520 1001 1564 injun'a

322 1575 444 1612 nostri,
469 1571 522 1605 vel
539 1575 671 1612 nostra,
689 1571 744 1606 vel
758 1575 907 1605 nostrum
918 1571 999 1616 ple-

321 1624 420 1668 rique
428 1649 435 1657 .
445 1625 521 1656 Hoc
529 1635 652 1667 quoque
660 1625 750 1667 quod
759 1626 812 1657 vis
820 1625 876 1663 sit,
888 1623 1000 1668 prima

321 1675 427 1710 editio
435 1681 469 1708 et
479 1680 628 1719 quatuor
634 1670 998 1718 scripti.Lovaniensis‚

322 1727 399 1761 Hoc
411 1727 502 1770 quod
516 1737 598 1770 opus
603 1725 725 1770 jussit.
738 1725 830 1759 Puto
844 1737 853 1760 ι

321 1787 380 1811 Hoc
392 1794 507 1819 quoque,
517 1794 599 1818 quum
611 1786 655 1818 jus
668 1784 712 1816 sit,
721 1783 758 1809 sit*
766 1785 893 1818 scriptum
903 1785 939 1819 inj
945 1786 1001 1811 uria

420 1840 548 1860 nostrum·

323 1884 391 1918 Vel
399 1882 482 1928 quid
493 1882 613 1917 simile.
622 1881 691 1917 Sed
705 1888 816 1916 totum
828 1881 998 1917 ffistichon

321 1936 447 1981 opinor
462 1948 533 1970 esse
549 1934 795 1969 adulterinum.
813 1934 945 1968 HEINS.
956 1953 1001 1959 -—

324 1987 437 2022 Facile
465 1986 643 2032 acquiesco
667 1986 704 2020 in
728 1985 867 2031 recepta
891 1971 1000 2020 semel

321 2039 426 2084 hujus
447 2051 565 2073 versus
585 2038 732 2072 lectione
750 2064 759 2081 ,
786 2051 896 2083 quum
918 2050 1001 2073 sen-

322 2104 401 2126 sum
420 2091 571 2136 praebeat
585 2090 667 2125 huic
680 2090 757 2124 loco
772 2090 851 2124 vel
842 2090 1000 2136 inprimis

324 2142 635 2177 accommodatum.
643 2142 788 2184 Etiamsi
795 2142 998 2187 concedam,

322 2195 454 2240 inqui-t,
471 2198 628 2240 scrtjotum
644 2194 729 2228 illud
745 2195 782 2229 in
799 2207 904 2240 pomo
919 2194 999 2239 jus-

323 2246 514 2292 jurandum
525 2273 534 2290 ,
559 2247 596 2280 in
612 2259 682 2291 quo
702 2253 822 2281 tamen
835 2246 922 2280 nihil
934 2246 1013 2280 nisi.

314 2299 379 2343 jus
403 2302 471 2340 est,
500 2305 622 2332 contra
648 2299 703 2342 jus
716 2324 725 2342 ,
755 2299 825 2333 sive
849 2299 975 2344 injun'a
987 2325 996 2339 ,

324 2350 492 2395 scriptum
512 2350 625 2384 fuisse.
649 2349 738 2384 [ΕΝ.

367 2404 420 2450 95.
430 2403 507 2437 Non
517 2404 644 2436 meruit.
655 2401 766 2446 Malo,
774 2402 998 2436 num.HEms.

324 2456 397 2490 Nec
415 2457 535 2488 memit
545 2454 703 2500 Francos.
722 2453 853 2488 Lovan.
869 2460 904 2488 et
920 2453 999 2487 Ex—

323 2513 441 2551 cerpta
456 2505 598 2539 Douzae.

374 2570 447 2591 100.
476 2559 583 2600 Quum
598 2569 662 2590 sua
672 2583 681 2598 ‚
698 2559 789 2602 quod
794 2560 904 2592 nolim.
917 2558 1001 2592 For-

326 2610 421 2644 mula
436 2608 654 2643 usitatissima
664 2609 701 2642 in
714 2609 902 2643 avertendo
914 2610 999 2644 omi-

327 2675 391 2703 ne;
410 2661 631 2706 Propertius,
648 2661 704 2695 lib.
719 2672 733 2694 1
746 2687 755 2704 ,
776 2675 793 2706 7
810 2673 818 2695 :

360 2717 439 2748 Quod
449 2717 530 2741 nolim
541 2723 642 2741 nostros
653 2716 784 2740 evoluisse
791 2717 870 2753 Deos.

331 2763 442 2799 Cicer.
461 2764 525 2809 Ep.
535 2775 618 2807 v111,
633 2763 674 2798 ad
687 2764 784 2798 Fani.
797 2778 829 2808 2,
843 2770 877 2798 et
893 2764 913 2798 6
926 2764 996 2804 :S1‘,

1066 1313 1157 1357 quod
1181 1314 1284 1347 nolim
1297 1339 1305 1354 ,
1331 1313 1469 1346 adversi
1489 1311 1573 1356 quid
1593 1304 1746 1345 evenerit.

1070 1365 1172 1406 Quod
1183 1367 1325 1410 nollem,
1349 1363 1482 1415 Mox-eti
1497 1377 1506 1406 ;
1529 1369 1567 1398 et
1585 1362 1651 1398 hac
1664 1362 1746 1397 sor-

1065 1415 1160 1450 mula
1176 1428 1257 1451 usus
1275 1423 1327 1451 est
1343 1415 1494 1450 Martial.
1511 1426 1526 1449 1
1539 1440 1549 1459 ,
1569 1428 1609 1462 72
1623 1427 1632 1449 :

1065 1476 1192 1500 Hesterna
1201 1475 1298 1500 sactum
1310 1481 1430 1500 narratur
1438 1494 1448 1507 ‚
1462 1475 1599 1506 Postume,
1610 1483 1681 1500 coem
1687 1493 1697 1506 ‚

1097 1524 1176 1556 Quod
1185 1524 1292 1549 nollem.

1065 1579 1101 1607 et
1114 1572 1178 1607 alii.
1192 1571 1379 1614 Contraria
1389 1571 1560 1616 formula,
1569 1573 1746 1617 ‘quodmal-

1064 1626 1130 1658 lem
1151 1624 1263 1659 utitur
1278 1625 1408 1660 Noster
1424 1624 1488 1669 Ep.
1501 1631 1575 1670 sqq.
1589 1637 1676 1659 vers.
1692 1624 1745 1659 35.

1111 1677 1184 1709 10'1.
1213 1676 1326 1710 Testtls·
1351 1679 1418 1709 erit
1435 1677 1620 1721 Calydomir
1641 1688 1746 1720 aper:

1064 1739 1143 1760 nam
1158 1729 1298 1767 scimus,
1314 1731 1355 1760 ut
1366 1729 1427 1760 illo
1437 1733 1502 1761 etc.
1518 1726 1609 1760 Mihi
1625 1733 1661 1761 et
1678 1726 1745 1762 hoc

1064 1777 1236 1812 distichon
1244 1777 1480 1812 adulterinum
1487 1777 1746 1814 videtur.Scho-

1063 1829 1177 1864 liastes
1193 1829 1314 1875 aliquis
1330 1830 1528 1875 exemplum
1545 1831 1619 1876 apri
1639 1830 1746 1877 Caly-

1065 1879 1162 1914 donii
1175 1881 1316 1926 reliquis
1331 1880 1466 1916 duobus
1475 1881 1517 1917 de
1530 1881 1697 1918 Actaeone
1710 1890 1744 1918 et

1064 1933 1176 1968 Niobe
1194 1933 1374 1968 addiderat
1391 1946 1399 1968 :
1419 1946 1519 1981 exeo
1531 1934 1663 1969 scholio
1674 1934 1747 1970 dis-

1065 1984 1184 2019 tichon
1198 1991 1316 2030 postea
1332 1993 1384 2034 est
1398 1985 1592 2021 conflatum
1604 2013 1613 2030 ‚
1626 1985 1745 2020 barba-

1064 2049 1146 2070 rum
1168 2050 1251 2071 sane
1276 2043 1312 2072 et
1334 2036 1515 2072 insulsum.
1546 2037 1686 2081 Ηιῑῐιῐερζ
1701 2056 1745 2064 -

1067 2087 1239 2133 Quamvis
1267 2090 1399 2124 variare
1434 2090 1524 2124 circa
1555 2089 1743 2135 lectionem

1064 2140 1169 2185 hujus
1189 2140 1323 2175 distichi
1340 2139 1474 2176 codices
1489 2140 1646 2186 videam,
1668 2153 1742 2176 non

1063 2191 1144 2226 ideo
1159 2193 1277 2228 minus
1297 2193 1466 2238 optimam
1488 2192 1543 2227 hic
1567 2192 1742 2239 vulgatam

1064 2244 1222 2279 habeam.
1245 2245 1358 2280 Locus
1386 2245 1505 2288 enim,
1533 2244 1641 2290 qualis
1667 2245 1742 2280 cir-

1064 2308 1145 2330 cum
1161 2297 1273 2331 fertur
1286 2323 1295 2341 ,
1313 2296 1449 2343 egregie
1466 2296 1546 2331 facit
1561 2295 1604 2330 ad
1623 2303 1743 2332 osten-

1064 2347 1217 2382 dendam
1246 2348 1332 2383 laesae
1362 2348 1487 2383 Dianae
1516 2348 1718 2383 violentiam
1730 2375 1741 2393 ‚

1064 2412 1140 2445 quoe
1162 2426 1172 2444 ‚
1213 2413 1288 2434 non
1321 2406 1486 2434 contenta
1518 2399 1674 2435 immisso
1700 2400 1740 2435 ‘in

1063 2463 1186 2497 agrum
1214 2450 1403 2499 Calydonis
1427 2463 1512 2496 apro
1532 2451 1739 2495 saevissimo,

1062 2503 1173 2549 ipsam
1194 2508 1332 2549 quoque
1358 2502 1505 2537 domum
1533 2501 1740 2538 Oenei'su-

1062 2556 1137 2590 riali
1152 2556 1216 2590 ista
1236 2568 1275 2590 ac
1292 2561 1477 2601 superante
1495 2554 1622 2589 belluae
1633 2554 1739 2588 saevi-

1063 2608 1149 2642 tiam
1183 2607 1303 2642 matris
1329 2607 1366 2641 in
1391 2606 1503 2640 filium
1521 2605 1738 2640 immanitate

1063 2660 1189 2694 misere
1201 2659 1367 2694 funestari
1379 2658 1539 2693 voluisset
1547 2684 1557 2701 ‚
1569 2657 1739 2702 Meleagri

1063 2711 1207 2746 demum
1229 2717 1264 2745 et
1284 2723 1444 2745 sororum
1463 2709 1537 2755 ejus
1552 2708 1661 2755 poenis
1676 2721 1738 2742 sa-

1063 2762 1189 2797 tianda.
1213 2762 1376 2796 Lemma.
