1884 3112
657 229 1122 276 CONSOLATIO.

1502 232 1591 294 429

172 318 262 372 Sed
282 318 482 371 mortalis
504 332 617 380 erat;
636 341 718 371 nec
742 334 792 371 tu
815 341 966 372 secura
981 322 1130 381 suisti,

237 400 389 449 Fortia
409 400 622 467 progenie
643 400 763 449 bella
787 412 962 464 gerente
985 413 1073 450 tua.

172 477 278 528 Vita
301 478 402 527 data
424 489 493 527 est
512 477 704 527 utenda:
725 479 826 528 data
848 489 915 527 est
938 478 1032 527 sine
1056 477 1224 528 foenore
1247 477 1383 528 nobis

237 550 421 614 Mutua,
441 573 521 604 nee
544 567 662 604 certa
681 554 1074 623 persoliiendadie.

1461 615 1463 618 .
1530 570 1595 615 370

172 631 371 681 Fortuna
393 633 588 683 arbitriis
612 645 787 701 tempus
813 633 1038 700 dispensat
1060 632 1243 698 ubique.

238 707 322 758 Illa
343 709 461 776 rapit
476 710 658 776 juvenes
676 730 686 759 :
707 711 897 759 sustinet
918 710 994 759 illa
1018 728 1158 758 senes.

174 785 365 851 Quaque
388 785 499 844 ruit,
523 786 764 835 furibunda
784 788 897 843 ruit;
920 797 1152 852 totumque
1173 805 1253 853 per
1275 787 1428 836 orbem

238 862 482 922 Fulminat,
507 875 552 912 et
574 864 696 912 caecis
721 883 828 913 caeca
848 864 1093 930 triumphat
1115 864 1255 930 equis.

176 943 332 1006 Regna
355 943 458 991 Deae
478 941 660 991 immitis
682 962 810 1009 parce
835 942 1005 991 irritare
1030 942 1256 1008 querendo
1277 962 1287 991 z

1533 959 1598 1004 375

239 1018 484 1069 Sollicitare
507 1020 677 1068 animos
700 1039 829 1087 parce
853 1019 1050 1087 potentis
1070 1020 1198 1068 herae.

174 1095 289 1160 Quae
313 1102 459 1146 tainen
480 1096 567 1145 hoc
590 1115 682 1144 uno
707 1097 845 1145 tristis
870 1097 954 1145 tibi
978 1109 1176 1163 tempore
1199 1097 1347 1155 venit,

242 1174 364 1241 Saepe
388 1174 538 1224 eadem
562 1175 696 1223 rebus
719 1174 827 1223 savit
850 1175 987 1223 amica
1012 1175 1113 1223 tuis.

176 1253 290 1301 Nata
314 1251 437 1319 quod
458 1271 514 1301 en
537 1251 623 1301 alte
647 1272 715 1311 es,
742 1251 865 1319 quod
887 1252 1069 1301 foetibus
1093 1263 1220 1300 aucta
1245 1251 1448 1311 duobus;

242 1331 467 1398 Quodque
491 1331 622 1380 etiam
644 1350 805 1394 magno
830 1330 1079 1379 consociata
1103 1330 1207 1378 Jovi
1227 1349 1237 1388 ;

1534 1345 1600 1378 380

177 1409 317 1475 Quod
340 1428 514 1476 semper
537 1409 706 1458 domito
729 1408 862 1458 rediit
885 1408 969 1457 tibi
995 1409 1141 1457 Caesar
1157 1408 1213 1456 ab
1235 1408 1364 1467 orbe,
1425 1397 1431 1401 ¹

245 1487 395 1536 Gessit
412 1498 456 1535 et
479 1487 640 1536 invicta
665 1505 878 1553 prospera
899 1479 1018 1533 bella
1035 1504 1168 1533 manu
1190 1503 1201 1542 ;
1277 1477 1280 1483 ’

179 1564 318 1629 Quod
340 1584 440 1632 spes
461 1564 703 1631 implerunt
724 1575 1007 1629 maternaque
1025 1574 1128 1610 vota
1153 1563 1380 1619 Nerones;

243 1642 382 1706 Quod
402 1640 559 1709 pulsus
583 1641 715 1690 toties
738 1641 883 1689 hostis
906 1652 1098 1706 utroque
1120 1639 1243 1689 duce.

177 1721 384 1780 Rhenus,
409 1732 454 1770 et
474 1720 649 1788 Alpinae
672 1718 826 1777 valles„
853 1730 897 1767 et
921 1717 1134 1781 sanguine
1158 1717 1288 1780 nigro
1348 1784 1350 1786 v
1537 1730 1604 1764 385

241 1797 439 1848 Decolor
461 1797 622 1846 infecta
647 1797 772 1846 testis
793 1798 970 1860 Itargus
994 1815 1135 1862 aqua3

222 1918 298 1967 369.
328 1919 409 1955 Vita
422 1919 508 1952 data
528 1921 583 1952 cst
596 1924 661 1952 etc.
685 1916 737 1952 Ex
755 1915 859 1951 Cice-

179 1985 267 2008 rone
282 1998 292 2017 ‚
310 1972 370 2018 qui
393 1971 533 2007 Tuscul.
550 1983 564 2006 1
579 1981 587 2003 ε
614 1985 631 2000 «ι
650 1970 699 2004 At
714 1983 754 2004 ea
772 1970 859 2015 qui-

180 2025 263 2060 dem
291 2025 446 2069 (natura)
471 2019 574 2059 dedit'
587 2037 730 2059 usuram
752 2024 831 2058 vitae
846 2049 856 2067 ‚

180 2087 361 2125 tamquam
385 2078 541 2125 pecuniae
556 2104 566 2122 ,
598 2077 691 2112 nulla
718 2077 858 2123 praesti—

181 2139 257 2168 tuta
267 2132 361 2168 die.»
375 2131 512 2167 Lueret.
524 2144 661 2177 quoque
674 2157 683 2174 ,
697 2141 744 2164 111
753 2157 762 2174 ‚
774 2130 858 2177 984:

181 2189 294 2222 Vimque
305 2188 433 2221 mancipio
445 2188 510 2212 nulli
521 2188 598 2212 datur
606 2206 614 2217 ,
634 2186 754 2211 omnibns
766 2194 824 2211 usu.

224 2237 265 2283 37
273 2250 300 2271 1.
322 2239 472 2272 Fortuna
484 2239 634 2271 arbitriis
645 2240 774 2280 tempus
786 2237 860 2270 dis-

176 2294 304 2335 pensat
327 2292 456 2335 ubique.
494 2291 642 2324 Veteres
664 2289 827 2324 nonnulli
848 2315 858 2332 ,

179 2346 303 2389 im'que.
326 2343 479 2389 Legebat
507 2342 695 2385 Heinsius,
712 2345 862 2377 arbe'tn2‘s

181 2397 328 2440 nmquis:
346 2394 525 2440 ingeniosa
539 2393 752 2429 emendatio.

227 2447 302 2493 37²·
325 2447 476 2481 Sustinet
499 2449 562 2481 illa
583 2458 692 2480 senes.
718 2446 862 2480 Frustra

183 2498 359 2545 vulgatam
375 2502 516 2534 sustulit
538 2506 657 2534 tuetur
682 2498 836 2545 Scaliger
850 2524 860 2543 ,

185 2564 292 2596 quem
311 2564 384 2586 non
401 2552 528 2597 cepisse
551 2552 683 2586 mirum
709 2558 784 2596 est,
820 2563 862 2587 eo

184 2616 290 2639 sensu
313 2598 478 2639 sustin'm
504 2604 561 2639 hic
591 2603 832 2650 accipiendum
849 2630 860 2649 ,

180 2670 257 2703 >quo
279 2657 315 2692 in
337 2656 479 2703 Epistol.
495 2668 531 2702 ι,
562 2659 644 2701 ¹¹4²

185 2717 297 2752 Rapina
306 2718 434 2749 laertem
456 2723 486 2742 ut
496 2719 550 2750 jum
562 2726 608 2742 nun
619 2717 717 2742 lumin
727 2716 821 2743 rond-s
830 2735 838 2747 ,

217 2767 370 2793 Extremum
383 2767 431 2794 sati
440 2767 548 2793 sustinet
557 2767 601 2792 ine
610 2766 689 2793 diem.

924 1916 998 1951 Ubi
1022 1928 1109 1961 pro,
1134 1915 1171 1950 in
1195 1913 1288 1949 aliud
1311 1920 1448 1959 tempus
1471 1912 1609 1958 dtsfcrn'

924 1974 1082 2014 exoptat,
1104 1979 1187 2002 sane
1204 1973 1255 2000 est
1271 1964 1549 2010 intelligendum.

967 2021 1041 2068 379.
1065 2022 1160 2055 Nata
1179 2020 1270 2064 quod
1279 2023 1328 2052 'es
1347 2020 1429 2051 alle.
1458 2017 1542 2051 Alte
1566 2029 1604 2050 es

923 2079 1058 2107 veteres
1081 2071 1236 2117 plerique
1258 2097 1268 2114 ,
1308 2082 1354 2104 ne
1382 2069 1420 2103 in
1446 2075 1603 2103 metrum

925 2132 1097 2172 peccetur.
1133 2124 1254 2159 Edidit
1288 2123 1455 2158 Heinsius
1482 2135 1491 2157 ε
1519 2127 1604 2157 nata

924 2181 1015 2225 quod
1024 2192 1066 2213 en
1080 2181 1152 2212 alle
1163 2190 1210 2212 es.
1226 2177 1342 2212 Davis.
1358 2188 1442 2211 vero
1456 2174 1499 2209 ad
1515 2174 1605 2209 Caes.

926 2230 969 2265 de
987 2231 1072 2265 Bell,
1087 2230 1176 2265 Gall.
1191 2240 1221 2264 11
1233 2255 1242 2273 ,
1263 2231 1306 2263 25
1322 2239 1330 2260 ι
1343 2230 1438 2263 Nata
1452 2229 1542 2273 quod
1559 2239 1604 2260 ex

925 2287 998 2319 alto
1013 2297 1059 2318 es.
1086 2283 1158 2319 Sed
1175 2296 1219 2318 ex
1232 2285 1304 2317 alto
1314 2285 1416 2317 nasci
1425 2289 1518 2316 recte
1536 2280 1604 2314 diei

926 2351 1000 2372 non
1026 2345 1124 2384 putat
1152 2338 1378 2372 Burmannus
1402 2349 1410 2370 ε
1430 2349 1496 2370 nec
1514 2334 1604 2369 ullus

927 2391 1070 2437 quidem
1085 2417 1094 2435 ,
1112 2391 1206 2426 unde
1222 2390 1384 2425 firmetur
1394 2388 1468 2423 haec
1477 2387 1579 2422 lectio
1592 2412 1605 2431 ‚

927 2444 1079 2479 occurrit
1092 2443 1197 2478 locus.

972 2497 1045 2531 386.
1067 2498 1220 2531 Decolor
1232 2495 1362 2541 inficta
1380 2495 1478 2527 testis·
1507 2493 1605 2525 Ilar-

924 2563 989 2595 gus
1006 2562 1104 2594 aqua.
1127 2548 1272 2594 «Vulgo
1289 2546 1382 2581 varie
1395 2544 1478 2579 dicti
1494 2542 1605 2578 amnis

927 2602 1135 2638 vocabulum
1168 2601 1335 2647 scriptum
1362 2605 1413 2633 est
1439 2598 1478 2631 in
1504 2595 1607 2631 variis

929 2654 1203 2700 exemplaribus,
1236 2655 1372 2696 Itatgus
1385 2677 1395 2694 ‚
1424 2651 1549 2693 Itargis
1571 2654 1607 2682 et

929 2710 1078 2753 Iturgus,
1097 2708 1236 2750 Iturgis,
1254 2718 1295 2739 ex
1310 2700 1607 2750 quibus-doctissi-

922 2761 980 2796 >mi
1003 2760 1110 2795 etiam
1127 2759 1286 2794 fecerunt
1306 2758 1433 2801 Isurgtr
1454 2761 1490 2789 et
1513 2755 1608 2801 (sur-
