<?xml version="1.0" encoding="UTF-8"?>
<!DOCTYPE html PUBLIC "-//W3C//DTD XHTML 1.0 Transitional//EN"
    "http://www.w3.org/TR/xhtml1/DTD/xhtml1-transitional.dtd">
<html xmlns="http://www.w3.org/1999/xhtml" xml:lang="en" lang="en">
 <head>
  <title>
</title>
<meta http-equiv="Content-Type" content="text/html;charset=utf-8" />
  <meta name='ocr-system' content='tesseract 3.04.00' />
  <meta name='ocr-capabilities' content='ocr_page ocr_carea ocr_par ocr_line ocrx_word'/>
</head>
<body>
  <div class='ocr_page' id='page_1' title='image "./quaeextantomniao01oviduoft_0334.png"; bbox 0 0 1884 3112; ppageno 0'>
   <div class='ocr_carea' id='block_1_1' title="bbox 331 243 415 286">
    <p class='ocr_par' dir='ltr' id='par_1_1' title="bbox 331 243 415 286">
     <span class='ocr_line' id='line_1_1' title="bbox 331 243 415 286; baseline 0 0"><span class='ocrx_word' id='word_1_1' title='bbox 331 243 415 286; x_wconf 82' lang='lat'><strong>302</strong></span> 
     </span>
    </p>
   </div>
   <div class='ocr_carea' id='block_1_2' title="bbox 765 245 1295 293">
    <p class='ocr_par' dir='ltr' id='par_1_2' title="bbox 765 245 1295 293">
     <span class='ocr_line' id='line_1_2' title="bbox 765 245 1295 293; baseline 0.004 -4"><span class='ocrx_word' id='word_1_2' title='bbox 765 245 1116 290; x_wconf 89' lang='lat' dir='ltr'><strong>EPISTOLA</strong></span> <span class='ocrx_word' id='word_1_3' title='bbox 1152 248 1295 293; x_wconf 86' lang='lat' dir='ltr'><strong>XVL</strong></span> 
     </span>
    </p>
   </div>
   <div class='ocr_carea' id='block_1_3' title="bbox 394 334 1235 402">
    <p class='ocr_par' dir='ltr' id='par_1_3' title="bbox 394 334 1235 402">
     <span class='ocr_line' id='line_1_3' title="bbox 394 334 1235 402; baseline 0.005 -21"><span class='ocrx_word' id='word_1_4' title='bbox 394 335 508 382; x_wconf 87' lang='lat' dir='ltr'><strong>Cura</strong></span> <span class='ocrx_word' id='word_1_5' title='bbox 529 334 610 382; x_wconf 85' lang='lat' dir='ltr'><strong>tibi</strong></span> <span class='ocrx_word' id='word_1_6' title='bbox 630 354 722 383; x_wconf 89' lang='lat' dir='ltr'><strong>non</strong></span> <span class='ocrx_word' id='word_1_7' title='bbox 746 347 812 383; x_wconf 86' lang='lat' dir='ltr'><strong>est</strong></span> <span class='ocrx_word' id='word_1_8' title='bbox 834 336 1025 402; x_wconf 86' lang='lat' dir='ltr'><strong>hospitis</strong></span> <span class='ocrx_word' id='word_1_9' title='bbox 1047 336 1137 385; x_wconf 90' lang='lat' dir='ltr'><strong>ulla</strong></span> <span class='ocrx_word' id='word_1_10' title='bbox 1158 337 1235 386; x_wconf 89' lang='lat' dir='ltr'><strong>tui.</strong></span> 
     </span>
    </p>
   </div>
   <div class='ocr_carea' id='block_1_4' title="bbox 325 410 1544 480">
    <p class='ocr_par' dir='ltr' id='par_1_4' title="bbox 325 410 1544 480">
     <span class='ocr_line' id='line_1_4' title="bbox 325 410 1544 480; baseline 0.005 -23"><span class='ocrx_word' id='word_1_11' title='bbox 325 410 552 459; x_wconf 87' lang='lat' dir='ltr'><strong>Hunccine</strong></span> <span class='ocrx_word' id='word_1_12' title='bbox 577 423 625 458; x_wconf 87' lang='lat' dir='ltr'><strong>tu</strong></span> <span class='ocrx_word' id='word_1_13' title='bbox 647 430 815 477; x_wconf 87' lang='lat' dir='ltr'>speres,</span> <span class='ocrx_word' id='word_1_14' title='bbox 841 411 1064 461; x_wconf 89' lang='lat' dir='ltr'><strong>hominem</strong></span> <span class='ocrx_word' id='word_1_15' title='bbox 1084 413 1176 462; x_wconf 90' lang='lat' dir='ltr'><strong>sine</strong></span> <span class='ocrx_word' id='word_1_16' title='bbox 1199 425 1396 480; x_wconf 85' lang='lat' dir='ltr'><strong>pectore,</strong></span> <span class='ocrx_word' id='word_1_17' title='bbox 1422 414 1544 464; x_wconf 85' lang='lat' dir='ltr'><strong>dotes</strong></span> 
     </span>
    </p>
   </div>
   <div class='ocr_carea' id='block_1_5' title="bbox 1659 430 1725 465">
    <p class='ocr_par' dir='ltr' id='par_1_5' title="bbox 1659 430 1725 465">
     <span class='ocr_line' id='line_1_5' title="bbox 1659 430 1725 465; baseline -0.015 0"><span class='ocrx_word' id='word_1_18' title='bbox 1659 430 1725 465; x_wconf 81' lang='lat'><strong>305</strong></span> 
     </span>
    </p>
   </div>
   <div class='ocr_carea' id='block_1_6' title="bbox 321 489 1465 782">
    <p class='ocr_par' dir='ltr' id='par_1_6' title="bbox 321 489 1465 782">
     <span class='ocr_line' id='line_1_6' title="bbox 387 489 1378 555; baseline 0.004 -20"><span class='ocrx_word' id='word_1_19' title='bbox 387 489 522 536; x_wconf 84' lang='lat' dir='ltr'>Posse</span> <span class='ocrx_word' id='word_1_20' title='bbox 543 489 646 536; x_wconf 89' lang='lat' dir='ltr'><strong>satis</strong></span> <span class='ocrx_word' id='word_1_21' title='bbox 669 489 842 548; x_wconf 82' lang='lat' dir='ltr'><strong>formae,</strong></span> <span class='ocrx_word' id='word_1_22' title='bbox 867 490 1082 555; x_wconf 87' lang='lat' dir='ltr'>Tyndari,</span> <span class='ocrx_word' id='word_1_23' title='bbox 1107 508 1238 539; x_wconf 90' lang='lat' dir='ltr'><strong>nosse</strong></span> <span class='ocrx_word' id='word_1_24' title='bbox 1263 492 1378 539; x_wconf 86' lang='lat' dir='ltr'><strong>tuae?</strong></span> 
     </span>
     <span class='ocr_line' id='line_1_7' title="bbox 323 564 1465 634; baseline 0.005 -22"><span class='ocrx_word' id='word_1_25' title='bbox 323 564 521 623; x_wconf 88' lang='lat' dir='ltr'><strong>Falleris;</strong></span> <span class='ocrx_word' id='word_1_26' title='bbox 542 566 715 628; x_wconf 84' lang='lat' dir='ltr'>ignorat</span> <span class='ocrx_word' id='word_1_27' title='bbox 734 587 744 615; x_wconf 91' lang='lat'><strong>:</strong></span> <span class='ocrx_word' id='word_1_28' title='bbox 763 586 864 625; x_wconf 89' lang='lat' dir='ltr'><strong>nec,</strong></span> <span class='ocrx_word' id='word_1_29' title='bbox 887 567 925 615; x_wconf 92' lang='lat' dir='ltr'><strong>si</strong></span> <span class='ocrx_word' id='word_1_30' title='bbox 948 567 1068 616; x_wconf 88' lang='lat' dir='ltr'><strong>bona</strong></span> <span class='ocrx_word' id='word_1_31' title='bbox 1090 587 1247 630; x_wconf 86' lang='lat' dir='ltr'><strong>magna</strong></span> <span class='ocrx_word' id='word_1_32' title='bbox 1269 580 1465 634; x_wconf 84' lang='lat' dir='ltr'><strong>putaret,</strong></span> 
     </span>
     <span class='ocr_line' id='line_1_8' title="bbox 385 643 1339 705; baseline 0.003 -16"><span class='ocrx_word' id='word_1_33' title='bbox 385 643 497 705; x_wconf 82' lang='lat' dir='ltr'><strong>Quae</strong></span> <span class='ocrx_word' id='word_1_34' title='bbox 520 654 660 700; x_wconf 87' lang='lat' dir='ltr'><strong>tenet,</strong></span> <span class='ocrx_word' id='word_1_35' title='bbox 687 655 866 691; x_wconf 86' lang='lat' dir='ltr'><strong>externo</strong></span> <span class='ocrx_word' id='word_1_36' title='bbox 890 644 1083 693; x_wconf 89' lang='lat' dir='ltr'><strong>crederet</strong></span> <span class='ocrx_word' id='word_1_37' title='bbox 1104 643 1178 693; x_wconf 89' lang='lat' dir='ltr'><strong>illa</strong></span> <span class='ocrx_word' id='word_1_38' title='bbox 1201 645 1309 692; x_wconf 86' lang='lat' dir='ltr'><strong>viro.</strong></span> <span class='ocrx_word' id='word_1_39' title='bbox 1336 652 1339 655; x_wconf 87' lang='grc'><strong>’</strong></span> 
     </span>
     <span class='ocr_line' id='line_1_9' title="bbox 321 720 1454 782; baseline 0.004 -16"><span class='ocrx_word' id='word_1_40' title='bbox 321 720 384 766; x_wconf 93' lang='lat' dir='ltr'><strong>Ut</strong></span> <span class='ocrx_word' id='word_1_41' title='bbox 405 730 445 767; x_wconf 88' lang='lat' dir='ltr'><strong>te</strong></span> <span class='ocrx_word' id='word_1_42' title='bbox 469 739 547 768; x_wconf 93' lang='lat' dir='ltr'><strong>nec</strong></span> <span class='ocrx_word' id='word_1_43' title='bbox 570 739 665 769; x_wconf 89' lang='lat' dir='ltr'><strong>mea</strong></span> <span class='ocrx_word' id='word_1_44' title='bbox 687 740 792 779; x_wconf 83' lang='lat' dir='ltr'><strong>vox,</strong></span> <span class='ocrx_word' id='word_1_45' title='bbox 816 740 896 769; x_wconf 92' lang='lat' dir='ltr'><strong>nec</strong></span> <span class='ocrx_word' id='word_1_46' title='bbox 915 733 957 770; x_wconf 91' lang='lat' dir='ltr'><strong>te</strong></span> <span class='ocrx_word' id='word_1_47' title='bbox 981 740 1103 770; x_wconf 87' lang='lat' dir='ltr'><strong>meus</strong></span> <span class='ocrx_word' id='word_1_48' title='bbox 1126 722 1279 771; x_wconf 87' lang='lat' dir='ltr'><strong>incitet</strong></span> <span class='ocrx_word' id='word_1_49' title='bbox 1302 722 1454 782; x_wconf 91' lang='lat' dir='ltr'><strong>ardor,</strong></span> 
     </span>
    </p>
   </div>
   <div class='ocr_carea' id='block_1_7' title="bbox 386 797 1212 863">
    <p class='ocr_par' dir='ltr' id='par_1_7' title="bbox 386 797 1212 863">
     <span class='ocr_line' id='line_1_10' title="bbox 386 797 1212 863; baseline 0.002 -20"><span class='ocrx_word' id='word_1_50' title='bbox 386 797 598 860; x_wconf 82' lang='lat' dir='ltr'>Cogimur</span> <span class='ocrx_word' id='word_1_51' title='bbox 620 798 760 863; x_wconf 91' lang='lat' dir='ltr'><strong>ipsius</strong></span> <span class='ocrx_word' id='word_1_52' title='bbox 782 797 1090 846; x_wconf 85' lang='lat' dir='ltr'><strong>commoditate</strong></span> <span class='ocrx_word' id='word_1_53' title='bbox 1111 797 1212 846; x_wconf 82' lang='lat' dir='ltr'><strong>frui.</strong></span> 
     </span>
    </p>
   </div>
   <div class='ocr_carea' id='block_1_8' title="bbox 1644 814 1726 850">
    <p class='ocr_par' dir='ltr' id='par_1_8' title="bbox 1644 814 1726 850">
     <span class='ocr_line' id='line_1_11' title="bbox 1644 814 1726 850; baseline -0.024 0"><span class='ocrx_word' id='word_1_54' title='bbox 1644 814 1726 850; x_wconf 55' lang='lat'><strong>‘310</strong></span> 
     </span>
    </p>
   </div>
   <div class='ocr_carea' id='block_1_9' title="bbox 319 873 1453 1169">
    <p class='ocr_par' dir='ltr' id='par_1_9' title="bbox 319 873 1453 1016">
     <span class='ocr_line' id='line_1_12' title="bbox 319 873 1453 942; baseline 0.005 -23"><span class='ocrx_word' id='word_1_55' title='bbox 319 873 413 920; x_wconf 85' lang='lat' dir='ltr'><strong>Aut</strong></span> <span class='ocrx_word' id='word_1_56' title='bbox 433 873 592 920; x_wconf 90' lang='lat' dir='ltr'><strong>erimus</strong></span> <span class='ocrx_word' id='word_1_57' title='bbox 616 873 762 931; x_wconf 87' lang='lat' dir='ltr'><strong>stulti,</strong></span> <span class='ocrx_word' id='word_1_58' title='bbox 786 874 848 922; x_wconf 90' lang='lat' dir='ltr'><strong>sic</strong></span> <span class='ocrx_word' id='word_1_59' title='bbox 870 885 922 922; x_wconf 89' lang='lat' dir='ltr'><strong>ut</strong></span> <span class='ocrx_word' id='word_1_60' title='bbox 944 893 1197 940; x_wconf 88' lang='lat' dir='ltr'><strong>superemus</strong></span> <span class='ocrx_word' id='word_1_61' title='bbox 1222 887 1265 924; x_wconf 92' lang='lat' dir='ltr'><strong>et</strong></span> <span class='ocrx_word' id='word_1_62' title='bbox 1288 875 1453 942; x_wconf 89' lang='lat' dir='ltr'><strong>ipsum,</strong></span> 
     </span>
     <span class='ocr_line' id='line_1_13' title="bbox 384 950 1273 1016; baseline 0.003 -19"><span class='ocrx_word' id='word_1_63' title='bbox 384 950 431 997; x_wconf 91' lang='lat' dir='ltr'><strong>Si</strong></span> <span class='ocrx_word' id='word_1_64' title='bbox 455 962 542 997; x_wconf 90' lang='lat' dir='ltr'><strong>tam</strong></span> <span class='ocrx_word' id='word_1_65' title='bbox 566 968 766 998; x_wconf 90' lang='lat' dir='ltr'><strong>securum</strong></span> <span class='ocrx_word' id='word_1_66' title='bbox 788 962 963 1016; x_wconf 90' lang='lat' dir='ltr'><strong>tempus</strong></span> <span class='ocrx_word' id='word_1_67' title='bbox 984 950 1126 999; x_wconf 86' lang='lat' dir='ltr'><strong>abibit</strong></span> <span class='ocrx_word' id='word_1_68' title='bbox 1144 951 1273 1000; x_wconf 87' lang='lat' dir='ltr'><strong>iners.</strong></span> 
     </span>
    </p>

    <p class='ocr_par' dir='ltr' id='par_1_10' title="bbox 321 1025 1398 1169">
     <span class='ocr_line' id='line_1_14' title="bbox 321 1025 1398 1077; baseline 0.005 -5"><span class='ocrx_word' id='word_1_69' title='bbox 321 1025 448 1073; x_wconf 88' lang='lat' dir='ltr'><strong>Paene</strong></span> <span class='ocrx_word' id='word_1_70' title='bbox 472 1026 563 1074; x_wconf 91' lang='lat' dir='ltr'><strong>suis</strong></span> <span class='ocrx_word' id='word_1_71' title='bbox 586 1025 642 1073; x_wconf 82' lang='lat' dir='ltr'><strong>ad</strong></span> <span class='ocrx_word' id='word_1_72' title='bbox 663 1036 705 1073; x_wconf 87' lang='lat' dir='ltr'><strong>te</strong></span> <span class='ocrx_word' id='word_1_73' title='bbox 728 1026 932 1074; x_wconf 86' lang='lat' dir='ltr'><strong>manibus</strong></span> <span class='ocrx_word' id='word_1_74' title='bbox 957 1026 1134 1075; x_wconf 86' lang='lat' dir='ltr'><strong>deducit</strong></span> <span class='ocrx_word' id='word_1_75' title='bbox 1157 1040 1398 1077; x_wconf 87' lang='lat' dir='ltr'><strong>amantem:</strong></span> 
     </span>
     <span class='ocr_line' id='line_1_15' title="bbox 386 1101 1210 1169; baseline 0.005 -21"><span class='ocrx_word' id='word_1_76' title='bbox 386 1103 519 1150; x_wconf 90' lang='lat' dir='ltr'><strong>Utere</strong></span> <span class='ocrx_word' id='word_1_77' title='bbox 542 1101 790 1150; x_wconf 88' lang='lat' dir='ltr'><strong>mandantis</strong></span> <span class='ocrx_word' id='word_1_78' title='bbox 815 1102 1095 1169; x_wconf 85' lang='lat' dir='ltr'><strong>simplicitate</strong></span> <span class='ocrx_word' id='word_1_79' title='bbox 1117 1104 1210 1152; x_wconf 87' lang='lat' dir='ltr'><strong>viri.</strong></span> 
     </span>
    </p>
   </div>
   <div class='ocr_carea' id='block_1_10' title="bbox 322 1177 1324 1243">
    <p class='ocr_par' dir='ltr' id='par_1_11' title="bbox 322 1177 1324 1243">
     <span class='ocr_line' id='line_1_16' title="bbox 322 1177 1324 1243; baseline 0.005 -18"><span class='ocrx_word' id='word_1_80' title='bbox 322 1177 424 1226; x_wconf 88' lang='lat' dir='ltr'><strong>Sola</strong></span> <span class='ocrx_word' id='word_1_81' title='bbox 443 1179 558 1243; x_wconf 87' lang='lat' dir='ltr'><strong>jaces</strong></span> <span class='ocrx_word' id='word_1_82' title='bbox 580 1178 713 1226; x_wconf 87' lang='lat' dir='ltr'><strong>viduo</strong></span> <span class='ocrx_word' id='word_1_83' title='bbox 738 1190 826 1227; x_wconf 91' lang='lat' dir='ltr'><strong>tam</strong></span> <span class='ocrx_word' id='word_1_84' title='bbox 849 1178 982 1243; x_wconf 88' lang='lat' dir='ltr'><strong>longa</strong></span> <span class='ocrx_word' id='word_1_85' title='bbox 1004 1193 1133 1230; x_wconf 89' lang='lat' dir='ltr'><strong>nocte</strong></span> <span class='ocrx_word' id='word_1_86' title='bbox 1157 1180 1293 1230; x_wconf 88' lang='lat' dir='ltr'><strong>cubili</strong></span> <span class='ocrx_word' id='word_1_87' title='bbox 1312 1201 1324 1230; x_wconf 76' lang='lat' dir='ltr'><strong>t</strong></span> 
     </span>
    </p>
   </div>
   <div class='ocr_carea' id='block_1_11' title="bbox 1658 1195 1724 1230">
    <p class='ocr_par' dir='ltr' id='par_1_12' title="bbox 1658 1195 1724 1230">
     <span class='ocr_line' id='line_1_17' title="bbox 1658 1195 1724 1230; baseline 0 0"><span class='ocrx_word' id='word_1_88' title='bbox 1658 1195 1724 1230; x_wconf 82' lang='lat'><strong>315</strong></span> 
     </span>
    </p>
   </div>
   <div class='ocr_carea' id='block_1_12' title="bbox 319 1254 1481 1460">
    <p class='ocr_par' dir='ltr' id='par_1_13' title="bbox 319 1254 1481 1460">
     <span class='ocr_line' id='line_1_18' title="bbox 383 1254 1195 1323; baseline 0.006 -22"><span class='ocrx_word' id='word_1_89' title='bbox 383 1257 437 1302; x_wconf 95' lang='lat' dir='ltr'><strong>In</strong></span> <span class='ocrx_word' id='word_1_90' title='bbox 458 1254 591 1302; x_wconf 91' lang='lat' dir='ltr'><strong>viduo</strong></span> <span class='ocrx_word' id='word_1_91' title='bbox 612 1255 733 1320; x_wconf 87' lang='lat' dir='ltr'><strong>jaceo</strong></span> <span class='ocrx_word' id='word_1_92' title='bbox 758 1255 878 1303; x_wconf 92' lang='lat' dir='ltr'><strong>solus</strong></span> <span class='ocrx_word' id='word_1_93' title='bbox 898 1268 942 1304; x_wconf 88' lang='lat' dir='ltr'><strong>et</strong></span> <span class='ocrx_word' id='word_1_94' title='bbox 964 1257 1058 1323; x_wconf 85' lang='lat' dir='ltr'><strong>ipse</strong></span> <span class='ocrx_word' id='word_1_95' title='bbox 1082 1269 1195 1306; x_wconf 88' lang='lat' dir='ltr'><strong>toro.</strong></span> 
     </span>
     <span class='ocr_line' id='line_1_19' title="bbox 319 1330 1481 1400; baseline 0.003 -21"><span class='ocrx_word' id='word_1_96' title='bbox 319 1333 382 1380; x_wconf 92' lang='lat' dir='ltr'><strong>Te</strong></span> <span class='ocrx_word' id='word_1_97' title='bbox 404 1330 531 1389; x_wconf 87' lang='lat' dir='ltr'><strong>mihi,</strong></span> <span class='ocrx_word' id='word_1_98' title='bbox 555 1349 709 1397; x_wconf 90' lang='lat' dir='ltr'><strong>meque</strong></span> <span class='ocrx_word' id='word_1_99' title='bbox 728 1331 813 1379; x_wconf 90' lang='lat' dir='ltr'><strong>tibi</strong></span> <span class='ocrx_word' id='word_1_100' title='bbox 836 1335 1083 1382; x_wconf 90' lang='lat' dir='ltr'><strong>communia</strong></span> <span class='ocrx_word' id='word_1_101' title='bbox 1107 1334 1263 1398; x_wconf 86' lang='lat' dir='ltr'><strong>gaudia</strong></span> <span class='ocrx_word' id='word_1_102' title='bbox 1282 1335 1481 1400; x_wconf 85' lang='lat' dir='ltr'><strong>jungant.</strong></span> 
     </span>
     <span class='ocr_line' id='line_1_20' title="bbox 384 1407 1204 1460; baseline 0.005 -4"><span class='ocrx_word' id='word_1_103' title='bbox 384 1407 624 1456; x_wconf 87' lang='lat' dir='ltr'><strong>Candidior</strong></span> <span class='ocrx_word' id='word_1_104' title='bbox 643 1408 788 1457; x_wconf 90' lang='lat' dir='ltr'><strong>medio</strong></span> <span class='ocrx_word' id='word_1_105' title='bbox 809 1428 898 1457; x_wconf 85' lang='lat' dir='ltr'><strong>nox</strong></span> <span class='ocrx_word' id='word_1_106' title='bbox 921 1410 1004 1458; x_wconf 88' lang='lat' dir='ltr'><strong>erit</strong></span> <span class='ocrx_word' id='word_1_107' title='bbox 1025 1410 1100 1459; x_wconf 89' lang='lat' dir='ltr'><strong>illa</strong></span> <span class='ocrx_word' id='word_1_108' title='bbox 1122 1411 1204 1460; x_wconf 87' lang='lat' dir='ltr'><strong>die.</strong></span> 
     </span>
    </p>
   </div>
   <div class='ocr_carea' id='block_1_13' title="bbox 300 1522 988 2794">
    <p class='ocr_par' dir='ltr' id='par_1_14' title="bbox 312 1522 988 2080">
     <span class='ocr_line' id='line_1_21' title="bbox 360 1522 986 1567; baseline 0.005 -12"><span class='ocrx_word' id='word_1_109' title='bbox 360 1522 435 1567; x_wconf 84' lang='lat'><strong>307.</strong></span> <span class='ocrx_word' id='word_1_110' title='bbox 450 1523 538 1555; x_wconf 84' lang='lat' dir='ltr'><strong>Nam</strong></span> <span class='ocrx_word' id='word_1_111' title='bbox 554 1525 594 1555; x_wconf 82' lang='lat' dir='ltr'><strong>si.</strong></span> <span class='ocrx_word' id='word_1_112' title='bbox 615 1523 689 1556; x_wconf 83' lang='lat' dir='ltr'><strong>Nec</strong></span> <span class='ocrx_word' id='word_1_113' title='bbox 703 1526 750 1564; x_wconf 75' lang='lat' dir='ltr'><strong>si,</strong></span> <span class='ocrx_word' id='word_1_114' title='bbox 778 1529 921 1558; x_wconf 85' lang='lat' dir='ltr'><strong>veteres.</strong></span> <span class='ocrx_word' id='word_1_115' title='bbox 938 1524 986 1558; x_wconf 88' lang='lat' dir='ltr'><strong>H.</strong></span> 
     </span>
     <span class='ocr_line' id='line_1_22' title="bbox 317 1574 988 1609; baseline 0.001 -1"><span class='ocrx_word' id='word_1_116' title='bbox 317 1575 404 1608; x_wconf 84' lang='lat' dir='ltr'><strong>Num</strong></span> <span class='ocrx_word' id='word_1_117' title='bbox 419 1575 456 1606; x_wconf 73' lang='grc' dir='ltr'><strong>,η’</strong></span> <span class='ocrx_word' id='word_1_118' title='bbox 468 1579 530 1607; x_wconf 87' lang='lat' dir='ltr'><strong>etc.</strong></span> <span class='ocrx_word' id='word_1_119' title='bbox 541 1576 637 1609; x_wconf 84' lang='lat' dir='ltr'><strong>viro?</strong></span> <span class='ocrx_word' id='word_1_120' title='bbox 653 1574 877 1609; x_wconf 83' lang='lat' dir='ltr'><strong>Francius.—-</strong></span> <span class='ocrx_word' id='word_1_121' title='bbox 886 1577 988 1609; x_wconf 83' lang='lat' dir='ltr'><strong>Bona</strong></span> 
     </span>
     <span class='ocr_line' id='line_1_23' title="bbox 318 1625 984 1669; baseline 0.002 -10"><span class='ocrx_word' id='word_1_122' title='bbox 318 1638 455 1664; x_wconf 84' lang='lat' dir='ltr'><strong>summa,</strong></span> <span class='ocrx_word' id='word_1_123' title='bbox 469 1631 625 1669; x_wconf 84' lang='lat' dir='ltr'><strong>excerpta</strong></span> <span class='ocrx_word' id='word_1_124' title='bbox 639 1625 814 1659; x_wconf 86' lang='lat' dir='ltr'><strong>Gallicana</strong></span> <span class='ocrx_word' id='word_1_125' title='bbox 829 1632 864 1659; x_wconf 89' lang='lat' dir='ltr'><strong>et</strong></span> <span class='ocrx_word' id='word_1_126' title='bbox 879 1626 984 1660; x_wconf 88' lang='lat' dir='ltr'><strong>editio</strong></span> 
     </span>
     <span class='ocr_line' id='line_1_24' title="bbox 319 1674 983 1720; baseline 0.002 -10"><span class='ocrx_word' id='word_1_127' title='bbox 319 1675 487 1710; x_wconf 85' lang='lat' dir='ltr'><strong>Colinaei:</strong></span> <span class='ocrx_word' id='word_1_128' title='bbox 507 1674 599 1720; x_wconf 90' lang='lat' dir='ltr'><strong>quod</strong></span> <span class='ocrx_word' id='word_1_129' title='bbox 620 1676 882 1711; x_wconf 84' lang='lat' dir='ltr'><strong>convenientius</strong></span> <span class='ocrx_word' id='word_1_130' title='bbox 907 1678 983 1711; x_wconf 81' lang='lat' dir='ltr'><strong>Pa-</strong></span> 
     </span>
     <span class='ocr_line' id='line_1_25' title="bbox 316 1726 983 1770; baseline 0 -8"><span class='ocrx_word' id='word_1_131' title='bbox 316 1727 383 1762; x_wconf 85' lang='lat' dir='ltr'><strong>ridi</strong></span> <span class='ocrx_word' id='word_1_132' title='bbox 397 1752 406 1770; x_wconf 91' lang='lat'>,</span> <span class='ocrx_word' id='word_1_133' title='bbox 429 1739 464 1760; x_wconf 89' lang='lat' dir='ltr'><strong>se</strong></span> <span class='ocrx_word' id='word_1_134' title='bbox 480 1726 669 1760; x_wconf 83' lang='lat' dir='ltr'><strong>insinuanti</strong></span> <span class='ocrx_word' id='word_1_135' title='bbox 685 1726 721 1760; x_wconf 88' lang='lat' dir='ltr'><strong>in</strong></span> <span class='ocrx_word' id='word_1_136' title='bbox 734 1739 889 1762; x_wconf 86' lang='lat' dir='ltr'><strong>amorem</strong></span> <span class='ocrx_word' id='word_1_137' title='bbox 905 1728 983 1762; x_wconf 83' lang='lat' dir='ltr'><strong>He·-</strong></span> 
     </span>
     <span class='ocr_line' id='line_1_26' title="bbox 315 1776 983 1822; baseline 0 -8"><span class='ocrx_word' id='word_1_138' title='bbox 315 1780 428 1819; x_wconf 85' lang='lat' dir='ltr'><strong>lenes;</strong></span> <span class='ocrx_word' id='word_1_139' title='bbox 447 1785 483 1812; x_wconf 87' lang='lat' dir='ltr'><strong>et</strong></span> <span class='ocrx_word' id='word_1_140' title='bbox 498 1776 556 1822; x_wconf 84' lang='lat' dir='ltr'><strong>qui</strong></span> <span class='ocrx_word' id='word_1_141' title='bbox 569 1790 640 1811; x_wconf 90' lang='lat' dir='ltr'><strong>non</strong></span> <span class='ocrx_word' id='word_1_142' title='bbox 656 1791 795 1821; x_wconf 76' lang='lat' dir='ltr'><strong>magna,</strong></span> <span class='ocrx_word' id='word_1_143' title='bbox 820 1779 880 1813; x_wconf 88' lang='lat' dir='ltr'><strong>sed</strong></span> <span class='ocrx_word' id='word_1_144' title='bbox 899 1793 983 1813; x_wconf 84' lang='lat' dir='ltr'><strong>sum-</strong></span> 
     </span>
     <span class='ocr_line' id='line_1_27' title="bbox 316 1830 983 1874; baseline 0.001 -10"><span class='ocrx_word' id='word_1_145' title='bbox 316 1843 371 1864; x_wconf 89' lang='lat' dir='ltr'><strong>ma</strong></span> <span class='ocrx_word' id='word_1_146' title='bbox 385 1830 476 1863; x_wconf 84' lang='lat' dir='ltr'><strong>bona</strong></span> <span class='ocrx_word' id='word_1_147' title='bbox 491 1836 627 1874; x_wconf 83' lang='lat' dir='ltr'><strong>putaret</strong></span> <span class='ocrx_word' id='word_1_148' title='bbox 637 1855 646 1872; x_wconf 94' lang='lat'>,</span> <span class='ocrx_word' id='word_1_149' title='bbox 665 1836 786 1863; x_wconf 87' lang='lat' dir='ltr'><strong>tenere</strong></span> <span class='ocrx_word' id='word_1_150' title='bbox 798 1830 983 1865; x_wconf 86' lang='lat' dir='ltr'><strong>Helenam.</strong></span> 
     </span>
     <span class='ocr_line' id='line_1_28' title="bbox 315 1880 985 1917; baseline -0.003 0"><span class='ocrx_word' id='word_1_151' title='bbox 315 1883 581 1917; x_wconf 81' lang='lat' dir='ltr'><strong>Pentametrum</strong></span> <span class='ocrx_word' id='word_1_152' title='bbox 592 1880 639 1914; x_wconf 87' lang='lat' dir='ltr'><strong>ita</strong></span> <span class='ocrx_word' id='word_1_153' title='bbox 649 1880 810 1915; x_wconf 85' lang='lat' dir='ltr'><strong>exhibent</strong></span> <span class='ocrx_word' id='word_1_154' title='bbox 820 1882 985 1916; x_wconf 82' lang='lat' dir='ltr'><strong>Beruen-</strong></span> 
     </span>
     <span class='ocr_line' id='line_1_29' title="bbox 314 1932 980 1975; baseline 0 -7"><span class='ocrx_word' id='word_1_155' title='bbox 314 1934 357 1968; x_wconf 90' lang='lat' dir='ltr'><strong>sis</strong></span> <span class='ocrx_word' id='word_1_156' title='bbox 373 1940 408 1967; x_wconf 88' lang='lat' dir='ltr'><strong>et</strong></span> <span class='ocrx_word' id='word_1_157' title='bbox 419 1932 653 1975; x_wconf 85' lang='lat' dir='ltr'><strong>Lovaniensis,</strong></span> <span class='ocrx_word' id='word_1_158' title='bbox 669 1934 823 1967; x_wconf 81' lang='lat' dir='ltr'><strong>Crederet</strong></span> <span class='ocrx_word' id='word_1_159' title='bbox 834 1938 980 1974; x_wconf 75' lang='lat' dir='ltr'><strong>externo,</strong></span> 
     </span>
     <span class='ocr_line' id='line_1_30' title="bbox 312 1985 983 2029; baseline 0 -10"><span class='ocrx_word' id='word_1_160' title='bbox 312 1998 382 2029; x_wconf 69' lang='lat' dir='ltr'><strong>qua*</strong></span> <span class='ocrx_word' id='word_1_161' title='bbox 394 1988 486 2018; x_wconf 86' lang='lat' dir='ltr'><strong>tenet</strong></span> <span class='ocrx_word' id='word_1_162' title='bbox 492 1986 551 2018; x_wconf 76' lang='lat' dir='ltr'><strong>ille</strong></span> <span class='ocrx_word' id='word_1_163' title='bbox 561 2010 570 2025; x_wconf 92' lang='lat'><strong><em>,</em></strong></span> <span class='ocrx_word' id='word_1_164' title='bbox 588 1987 669 2018; x_wconf 78' lang='lat' dir='ltr'><strong>vim.</strong></span> <span class='ocrx_word' id='word_1_165' title='bbox 688 1985 788 2027; x_wconf 82' lang='lat' dir='ltr'><strong>Quod</strong></span> <span class='ocrx_word' id='word_1_166' title='bbox 794 1989 884 2018; x_wconf 84' lang='lat' dir='ltr'><strong>tenet</strong></span> <span class='ocrx_word' id='word_1_167' title='bbox 897 1985 983 2019; x_wconf 86' lang='lat' dir='ltr'><strong>alter</strong></span> 
     </span>
     <span class='ocr_line' id='line_1_31' title="bbox 314 2035 981 2080; baseline -0.001 -9"><span class='ocrx_word' id='word_1_168' title='bbox 314 2037 448 2071; x_wconf 90' lang='lat' dir='ltr'><strong>Bersm.</strong></span> <span class='ocrx_word' id='word_1_169' title='bbox 463 2049 470 2070; x_wconf 90' lang='lat'>:</span> <span class='ocrx_word' id='word_1_170' title='bbox 483 2038 542 2070; x_wconf 80' lang='lat' dir='ltr'><strong>ille</strong></span> <span class='ocrx_word' id='word_1_171' title='bbox 550 2048 633 2070; x_wconf 86' lang='lat' dir='ltr'><strong>vero</strong></span> <span class='ocrx_word' id='word_1_172' title='bbox 644 2035 782 2080; x_wconf 87' lang='lat' dir='ltr'><strong>plurimi</strong></span> <span class='ocrx_word' id='word_1_173' title='bbox 793 2036 931 2071; x_wconf 87' lang='lat' dir='ltr'><strong>habent.</strong></span> <span class='ocrx_word' id='word_1_174' title='bbox 941 2037 981 2070; x_wconf 91' lang='grc' dir='ltr'><strong>Β.</strong></span> 
     </span>
    </p>

    <p class='ocr_par' dir='ltr' id='par_1_15' title="bbox 311 2088 982 2340">
     <span class='ocr_line' id='line_1_32' title="bbox 355 2088 982 2134; baseline 0 -12"><span class='ocrx_word' id='word_1_175' title='bbox 355 2090 430 2134; x_wconf 81' lang='lat'>309.</span> <span class='ocrx_word' id='word_1_176' title='bbox 439 2090 510 2123; x_wconf 89' lang='lat' dir='ltr'><strong>Nec</strong></span> <span class='ocrx_word' id='word_1_177' title='bbox 521 2092 554 2121; x_wconf 87' lang='lat' dir='ltr'><strong>te</strong></span> <span class='ocrx_word' id='word_1_178' title='bbox 563 2100 654 2121; x_wconf 84' lang='lat' dir='ltr'><strong>meus</strong></span> <span class='ocrx_word' id='word_1_179' title='bbox 663 2091 783 2121; x_wconf 74' lang='lat' dir='ltr'><strong>incitet</strong></span> <span class='ocrx_word' id='word_1_180' title='bbox 794 2090 900 2122; x_wconf 86' lang='lat' dir='ltr'><strong>ardor.</strong></span> <span class='ocrx_word' id='word_1_181' title='bbox 912 2088 982 2122; x_wconf 85' lang='lat' dir='ltr'><strong>Ar—</strong></span> 
     </span>
     <span class='ocr_line' id='line_1_33' title="bbox 313 2138 978 2186; baseline 0 -12"><span class='ocrx_word' id='word_1_182' title='bbox 313 2141 425 2186; x_wconf 88' lang='lat' dir='ltr'><strong>gutius</strong></span> <span class='ocrx_word' id='word_1_183' title='bbox 441 2139 581 2184; x_wconf 84' lang='lat' dir='ltr'><strong>putabat</strong></span> <span class='ocrx_word' id='word_1_184' title='bbox 596 2138 719 2174; x_wconf 81' lang='lat' dir='ltr'><strong>Douza</strong></span> <span class='ocrx_word' id='word_1_185' title='bbox 731 2165 740 2183; x_wconf 90' lang='lat'>,</span> <span class='ocrx_word' id='word_1_186' title='bbox 763 2139 791 2173; x_wconf 90' lang='lat' dir='ltr'><strong>si</strong></span> <span class='ocrx_word' id='word_1_187' title='bbox 806 2139 959 2185; x_wconf 87' lang='lat' dir='ltr'><strong>legamus</strong></span> <span class='ocrx_word' id='word_1_188' title='bbox 969 2166 978 2184; x_wconf 91' lang='lat'>,</span> 
     </span>
     <span class='ocr_line' id='line_1_34' title="bbox 312 2190 980 2234; baseline 0.001 -8"><span class='ocrx_word' id='word_1_189' title='bbox 312 2194 385 2226; x_wconf 79' lang='lat' dir='ltr'><strong>Nec</strong></span> <span class='ocrx_word' id='word_1_190' title='bbox 399 2204 451 2225; x_wconf 84' lang='lat' dir='ltr'><strong>me</strong></span> <span class='ocrx_word' id='word_1_191' title='bbox 466 2195 557 2231; x_wconf 87' lang='lat' dir='ltr'><strong>tuus,</strong></span> <span class='ocrx_word' id='word_1_192' title='bbox 575 2190 611 2224; x_wconf 88' lang='lat' dir='ltr'><strong>id</strong></span> <span class='ocrx_word' id='word_1_193' title='bbox 631 2198 703 2234; x_wconf 83' lang='lat' dir='ltr'><strong>est,</strong></span> <span class='ocrx_word' id='word_1_194' title='bbox 729 2203 827 2224; x_wconf 87' lang='lat' dir='ltr'><strong>amor</strong></span> <span class='ocrx_word' id='word_1_195' title='bbox 843 2191 914 2233; x_wconf 83' lang='lat' dir='ltr'><strong>tui;</strong></span> <span class='ocrx_word' id='word_1_196' title='bbox 942 2199 980 2227; x_wconf 83' lang='lat' dir='ltr'><strong>ut</strong></span> 
     </span>
     <span class='ocr_line' id='line_1_35' title="bbox 311 2242 976 2288; baseline 0 -11"><span class='ocrx_word' id='word_1_197' title='bbox 311 2243 469 2288; x_wconf 89' lang='lat' dir='ltr'><strong>Propert.</strong></span> <span class='ocrx_word' id='word_1_198' title='bbox 503 2242 607 2285; x_wconf 85' lang='lat' dir='ltr'><strong>dixit,</strong></span> <span class='ocrx_word' id='word_1_199' title='bbox 635 2244 831 2276; x_wconf 65' lang='lat' dir='ltr'><strong>desidet-tiam</strong></span> <span class='ocrx_word' id='word_1_200' title='bbox 853 2256 957 2280; x_wconf 84' lang='lat' dir='ltr'><strong>meum</strong></span> <span class='ocrx_word' id='word_1_201' title='bbox 967 2270 976 2285; x_wconf 93' lang='lat'><em>,</em></span> 
     </span>
     <span class='ocr_line' id='line_1_36' title="bbox 311 2294 872 2340; baseline 0 -12"><span class='ocrx_word' id='word_1_202' title='bbox 311 2307 374 2340; x_wconf 90' lang='lat' dir='ltr'><strong>pro</strong></span> <span class='ocrx_word' id='word_1_203' title='bbox 389 2297 463 2328; x_wconf 81' lang='lat' dir='ltr'><strong>mei.</strong></span> <span class='ocrx_word' id='word_1_204' title='bbox 478 2295 633 2334; x_wconf 76' lang='lat' dir='ltr'><strong>Excitet,</strong></span> <span class='ocrx_word' id='word_1_205' title='bbox 657 2294 771 2339; x_wconf 86' lang='lat' dir='ltr'><strong>plures</strong></span> <span class='ocrx_word' id='word_1_206' title='bbox 784 2294 872 2328; x_wconf 85' lang='lat' dir='ltr'><strong>libri.</strong></span> 
     </span>
    </p>

    <p class='ocr_par' dir='ltr' id='par_1_16' title="bbox 300 2346 980 2743">
     <span class='ocr_line' id='line_1_37' title="bbox 351 2346 978 2389; baseline 0.002 -10"><span class='ocrx_word' id='word_1_207' title='bbox 351 2346 427 2379; x_wconf 86' lang='lat'>310.</span> <span class='ocrx_word' id='word_1_208' title='bbox 447 2346 602 2388; x_wconf 74' lang='lat' dir='ltr'><strong>Cogimur</strong></span> <span class='ocrx_word' id='word_1_209' title='bbox 616 2348 723 2389; x_wconf 46' lang='lat' dir='ltr'><strong>&amp;osius</strong></span> <span class='ocrx_word' id='word_1_210' title='bbox 744 2348 978 2380; x_wconf 78' lang='lat' dir='ltr'><strong>commoditate</strong></span> 
     </span>
     <span class='ocr_line' id='line_1_38' title="bbox 300 2396 978 2440; baseline 0 -10"><span class='ocrx_word' id='word_1_211' title='bbox 300 2397 385 2440; x_wconf 82' lang='lat' dir='ltr'><strong>frui.</strong></span> <span class='ocrx_word' id='word_1_212' title='bbox 402 2396 543 2440; x_wconf 86' lang='lat' dir='ltr'><strong>Malim,</strong></span> <span class='ocrx_word' id='word_1_213' title='bbox 560 2399 792 2430; x_wconf 79' lang='lat' dir='ltr'><strong>commoditate</strong></span> <span class='ocrx_word' id='word_1_214' title='bbox 812 2400 899 2440; x_wconf 81' lang='lat' dir='ltr'><strong>v1‘r1&#39;‚·</strong></span> <span class='ocrx_word' id='word_1_215' title='bbox 914 2400 978 2430; x_wconf 89' lang='lat' dir='ltr'><strong>ab·-</strong></span> 
     </span>
     <span class='ocr_line' id='line_1_39' title="bbox 308 2448 978 2490; baseline 0.001 -9"><span class='ocrx_word' id='word_1_216' title='bbox 308 2452 415 2482; x_wconf 75' lang='lat' dir='ltr'><strong>sentz&#39;s</strong></span> <span class='ocrx_word' id='word_1_217' title='bbox 434 2450 667 2482; x_wconf 77' lang='lat' dir='ltr'><strong>commoditate</strong></span> <span class='ocrx_word' id='word_1_218' title='bbox 682 2451 762 2490; x_wconf 73' lang='lat' dir='ltr'><strong>viri,</strong></span> <span class='ocrx_word' id='word_1_219' title='bbox 782 2448 978 2484; x_wconf 84' lang='lat' dir='ltr'><strong>Gronovia-</strong></span> 
     </span>
     <span class='ocr_line' id='line_1_40' title="bbox 310 2500 977 2545; baseline 0 -11"><span class='ocrx_word' id='word_1_220' title='bbox 310 2513 374 2535; x_wconf 88' lang='lat' dir='ltr'><strong>nus</strong></span> <span class='ocrx_word' id='word_1_221' title='bbox 391 2513 398 2535; x_wconf 93' lang='lat'>:</span> <span class='ocrx_word' id='word_1_222' title='bbox 416 2501 521 2545; x_wconf 90' lang='lat' dir='ltr'><strong>probe</strong></span> <span class='ocrx_word' id='word_1_223' title='bbox 539 2500 652 2534; x_wconf 86' lang='lat' dir='ltr'><strong>etiam.</strong></span> <span class='ocrx_word' id='word_1_224' title='bbox 669 2501 800 2536; x_wconf 73' lang='lat' dir='ltr'><strong>Hssms.</strong></span> <span class='ocrx_word' id='word_1_225' title='bbox 813 2501 883 2535; x_wconf 91' lang='lat' dir='ltr'><strong>Sed</strong></span> <span class='ocrx_word' id='word_1_226' title='bbox 897 2513 977 2534; x_wconf 82' lang='lat' dir='ltr'><strong>mox</strong></span> 
     </span>
     <span class='ocr_line' id='line_1_41' title="bbox 307 2552 975 2597; baseline 0.001 -12"><span class='ocrx_word' id='word_1_227' title='bbox 307 2565 394 2586; x_wconf 84' lang='lat' dir='ltr'><strong>vers.</strong></span> <span class='ocrx_word' id='word_1_228' title='bbox 410 2552 475 2595; x_wconf 81' lang='lat'><strong>314</strong></span> <span class='ocrx_word' id='word_1_229' title='bbox 486 2578 495 2594; x_wconf 94' lang='lat'>,</span> <span class='ocrx_word' id='word_1_230' title='bbox 511 2552 697 2596; x_wconf 58' lang='lat' dir='ltr'><strong>repetitum</strong></span> <span class='ocrx_word' id='word_1_231' title='bbox 715 2559 754 2586; x_wconf 86' lang='lat' dir='ltr'><strong>ut</strong></span> <span class='ocrx_word' id='word_1_232' title='bbox 769 2559 803 2586; x_wconf 85' lang='lat' dir='ltr'><strong>et</strong></span> <span class='ocrx_word' id='word_1_233' title='bbox 819 2552 896 2586; x_wconf 89' lang='lat' dir='ltr'><strong>insr.</strong></span> <span class='ocrx_word' id='word_1_234' title='bbox 911 2552 975 2597; x_wconf 90' lang='lat' dir='ltr'><strong>Ep.</strong></span> 
     </span>
     <span class='ocr_line' id='line_1_42' title="bbox 307 2604 975 2650; baseline 0 -13"><span class='ocrx_word' id='word_1_235' title='bbox 307 2614 404 2646; x_wconf 84' lang='lat' dir='ltr'><strong>xvn,</strong></span> <span class='ocrx_word' id='word_1_236' title='bbox 424 2604 504 2649; x_wconf 79' lang='lat'><strong>1753</strong></span> <span class='ocrx_word' id='word_1_237' title='bbox 519 2611 554 2638; x_wconf 88' lang='lat' dir='ltr'><strong>et</strong></span> <span class='ocrx_word' id='word_1_238' title='bbox 565 2614 594 2638; x_wconf 90' lang='lat'><strong>11</strong></span> <span class='ocrx_word' id='word_1_239' title='bbox 606 2630 616 2648; x_wconf 92' lang='lat'>,</span> <span class='ocrx_word' id='word_1_240' title='bbox 631 2604 709 2638; x_wconf 87' lang='lat' dir='ltr'><strong>Art.</strong></span> <span class='ocrx_word' id='word_1_241' title='bbox 719 2605 799 2650; x_wconf 83' lang='lat'>372,</span> <span class='ocrx_word' id='word_1_242' title='bbox 816 2617 892 2649; x_wconf 85' lang='lat' dir='ltr'><strong>quae</strong></span> <span class='ocrx_word' id='word_1_243' title='bbox 903 2605 975 2638; x_wconf 89' lang='lat' dir='ltr'><strong>loca</strong></span> 
     </span>
     <span class='ocr_line' id='line_1_43' title="bbox 307 2654 980 2700; baseline 0.006 -13"><span class='ocrx_word' id='word_1_244' title='bbox 307 2655 344 2688; x_wconf 90' lang='lat' dir='ltr'><strong>in</strong></span> <span class='ocrx_word' id='word_1_245' title='bbox 353 2655 469 2688; x_wconf 86' lang='lat' dir='ltr'><strong>animo</strong></span> <span class='ocrx_word' id='word_1_246' title='bbox 482 2654 600 2690; x_wconf 84' lang='lat' dir='ltr'><strong>habuit</strong></span> <span class='ocrx_word' id='word_1_247' title='bbox 616 2656 783 2691; x_wconf 84' lang='lat' dir='ltr'><strong>librarius.</strong></span> <span class='ocrx_word' id='word_1_248' title='bbox 794 2657 900 2691; x_wconf 88' lang='lat' dir='ltr'><strong>Nobis</strong></span> <span class='ocrx_word' id='word_1_249' title='bbox 900 2657 980 2700; x_wconf 80' lang='lat' dir='ltr'><strong>frm‘</strong></span> 
     </span>
     <span class='ocr_line' id='line_1_44' title="bbox 307 2705 844 2743; baseline 0 -3"><span class='ocrx_word' id='word_1_250' title='bbox 307 2705 451 2740; x_wconf 86' lang='lat' dir='ltr'><strong>minime</strong></span> <span class='ocrx_word' id='word_1_251' title='bbox 468 2707 682 2741; x_wconf 85' lang='lat' dir='ltr'><strong>movendum</strong></span> <span class='ocrx_word' id='word_1_252' title='bbox 699 2708 844 2743; x_wconf 86' lang='lat' dir='ltr'><strong>videtur.</strong></span> 
     </span>
    </p>

    <p class='ocr_par' dir='ltr' id='par_1_17' title="bbox 349 2756 973 2794">
     <span class='ocr_line' id='line_1_45' title="bbox 349 2756 973 2794; baseline 0.006 -4"><span class='ocrx_word' id='word_1_253' title='bbox 349 2756 421 2791; x_wconf 83' lang='lat'>313.</span> <span class='ocrx_word' id='word_1_254' title='bbox 448 2759 546 2793; x_wconf 80' lang='lat' dir='ltr'><strong>Paeae</strong></span> <span class='ocrx_word' id='word_1_255' title='bbox 561 2762 632 2793; x_wconf 78' lang='lat' dir='ltr'><strong>suis</strong></span> <span class='ocrx_word' id='word_1_256' title='bbox 643 2762 794 2794; x_wconf 78' lang='lat' dir='ltr'><strong>manibus</strong></span> <span class='ocrx_word' id='word_1_257' title='bbox 805 2761 856 2793; x_wconf 87' lang='lat' dir='ltr'><strong>ad</strong></span> <span class='ocrx_word' id='word_1_258' title='bbox 866 2763 900 2794; x_wconf 83' lang='lat' dir='ltr'><strong>te</strong></span> <span class='ocrx_word' id='word_1_259' title='bbox 912 2761 973 2794; x_wconf 87' lang='lat' dir='ltr'><strong>de-</strong></span> 
     </span>
    </p>
   </div>
   <div class='ocr_carea' id='block_1_14' title="bbox 1031 1524 1722 2806">
    <p class='ocr_par' dir='ltr' id='par_1_18' title="bbox 1050 1524 1722 1611">
     <span class='ocr_line' id='line_1_46' title="bbox 1050 1524 1722 1571; baseline 0.001 -12"><span class='ocrx_word' id='word_1_260' title='bbox 1050 1526 1150 1559; x_wconf 76' lang='lat' dir='ltr'><strong>duxit</strong></span> <span class='ocrx_word' id='word_1_261' title='bbox 1158 1529 1335 1559; x_wconf 84' lang='lat' dir='ltr'><strong>amantem.</strong></span> <span class='ocrx_word' id='word_1_262' title='bbox 1347 1524 1466 1561; x_wconf 88' lang='lat' dir='ltr'><strong>Scribe</strong></span> <span class='ocrx_word' id='word_1_263' title='bbox 1477 1537 1559 1560; x_wconf 87' lang='lat' dir='ltr'><strong>cum</strong></span> <span class='ocrx_word' id='word_1_264' title='bbox 1572 1525 1722 1571; x_wconf 77' lang='lat' dir='ltr'><strong>antiquis</strong></span> 
     </span>
     <span class='ocr_line' id='line_1_47' title="bbox 1051 1576 1325 1611; baseline 0.007 -2"><span class='ocrx_word' id='word_1_265' title='bbox 1051 1583 1086 1610; x_wconf 87' lang='lat' dir='ltr'><strong>et</strong></span> <span class='ocrx_word' id='word_1_266' title='bbox 1102 1576 1301 1611; x_wconf 87' lang='lat' dir='ltr'><strong>melioribus</strong></span> <span class='ocrx_word' id='word_1_267' title='bbox 1317 1589 1325 1611; x_wconf 93' lang='lat'><strong>:</strong></span> 
     </span>
    </p>

    <p class='ocr_par' dir='ltr' id='par_1_19' title="bbox 1043 1630 1722 2188">
     <span class='ocr_line' id='line_1_48' title="bbox 1048 1630 1646 1657; baseline 0.003 -3"><span class='ocrx_word' id='word_1_268' title='bbox 1048 1631 1122 1655; x_wconf 81' lang='lat' dir='ltr'><strong>Paene</strong></span> <span class='ocrx_word' id='word_1_269' title='bbox 1132 1631 1186 1655; x_wconf 75' lang='lat' dir='ltr'><strong>suis</strong></span> <span class='ocrx_word' id='word_1_270' title='bbox 1195 1631 1228 1655; x_wconf 76' lang='lat' dir='ltr'><strong>ad</strong></span> <span class='ocrx_word' id='word_1_271' title='bbox 1236 1636 1261 1655; x_wconf 81' lang='lat' dir='ltr'><strong>te</strong></span> <span class='ocrx_word' id='word_1_272' title='bbox 1271 1630 1389 1657; x_wconf 74' lang='lat' dir='ltr'><strong>munibus</strong></span> <span class='ocrx_word' id='word_1_273' title='bbox 1398 1630 1503 1656; x_wconf 73' lang='lat' dir='ltr'><strong>dedunit</strong></span> <span class='ocrx_word' id='word_1_274' title='bbox 1509 1636 1646 1656; x_wconf 70' lang='lat' dir='ltr'><strong>amantem.</strong></span> 
     </span>
     <span class='ocr_line' id='line_1_49' title="bbox 1049 1678 1719 1725; baseline 0.004 -13"><span class='ocrx_word' id='word_1_275' title='bbox 1049 1678 1180 1713; x_wconf 74' lang='lat' dir='ltr'><strong>Hssms.</strong></span> <span class='ocrx_word' id='word_1_276' title='bbox 1206 1678 1351 1713; x_wconf 85' lang='lat' dir='ltr'><strong>Locutio</strong></span> <span class='ocrx_word' id='word_1_277' title='bbox 1377 1678 1515 1713; x_wconf 83' lang='lat' dir='ltr'><strong>videtur</strong></span> <span class='ocrx_word' id='word_1_278' title='bbox 1537 1679 1631 1725; x_wconf 78' lang='lat' dir='ltr'><strong>vulgi</strong></span> <span class='ocrx_word' id='word_1_279' title='bbox 1654 1692 1719 1715; x_wconf 84' lang='lat' dir='ltr'><strong>usu</strong></span> 
     </span>
     <span class='ocr_line' id='line_1_50' title="bbox 1047 1725 1719 1778; baseline 0.003 -14"><span class='ocrx_word' id='word_1_280' title='bbox 1047 1725 1234 1773; x_wconf 81' lang='lat' dir='ltr'><strong>tritissima,</strong></span> <span class='ocrx_word' id='word_1_281' title='bbox 1249 1729 1355 1764; x_wconf 84' lang='lat' dir='ltr'><strong>etiam</strong></span> <span class='ocrx_word' id='word_1_282' title='bbox 1369 1730 1406 1764; x_wconf 87' lang='lat' dir='ltr'><strong>in</strong></span> <span class='ocrx_word' id='word_1_283' title='bbox 1424 1730 1495 1764; x_wconf 85' lang='lat' dir='ltr'><strong>aliis</strong></span> <span class='ocrx_word' id='word_1_284' title='bbox 1505 1731 1618 1778; x_wconf 82' lang='lat' dir='ltr'><strong>rebus.</strong></span> <span class='ocrx_word' id='word_1_285' title='bbox 1641 1732 1719 1766; x_wconf 79' lang='lat' dir='ltr'><strong>val.</strong></span> 
     </span>
     <span class='ocr_line' id='line_1_51' title="bbox 1047 1781 1719 1827; baseline 0.006 -13"><span class='ocrx_word' id='word_1_286' title='bbox 1047 1781 1139 1815; x_wconf 87' lang='lat' dir='ltr'><strong>Max.</strong></span> <span class='ocrx_word' id='word_1_287' title='bbox 1162 1792 1200 1825; x_wconf 76' lang='lat'><strong>1„</strong></span> <span class='ocrx_word' id='word_1_288' title='bbox 1218 1791 1289 1814; x_wconf 84' lang='lat' dir='ltr'><strong>vm</strong></span> <span class='ocrx_word' id='word_1_289' title='bbox 1303 1806 1313 1823; x_wconf 90' lang='lat'>‚</span> <span class='ocrx_word' id='word_1_290' title='bbox 1331 1788 1402 1816; x_wconf 67' lang='lat' dir='ltr'><strong>ext.</strong></span> <span class='ocrx_word' id='word_1_291' title='bbox 1429 1781 1491 1816; x_wconf 80' lang='lat'><strong>18:</strong></span> <span class='ocrx_word' id='word_1_292' title='bbox 1512 1783 1589 1817; x_wconf 78' lang='lat' dir='ltr'><strong>Non</strong></span> <span class='ocrx_word' id='word_1_293' title='bbox 1610 1787 1719 1827; x_wconf 67' lang='lat' dir='ltr'><strong>magtin-</strong></span> 
     </span>
     <span class='ocr_line' id='line_1_52' title="bbox 1046 1834 1715 1879; baseline 0.004 -13"><span class='ocrx_word' id='word_1_294' title='bbox 1046 1846 1142 1877; x_wconf 86' lang='lat' dir='ltr'><strong>quam</strong></span> <span class='ocrx_word' id='word_1_295' title='bbox 1166 1834 1255 1877; x_wconf 82' lang='lat' dir='ltr'><strong>quod</strong></span> <span class='ocrx_word' id='word_1_296' title='bbox 1278 1836 1329 1866; x_wconf 80' lang='lat' dir='ltr'><strong>ila</strong></span> <span class='ocrx_word' id='word_1_297' title='bbox 1359 1835 1528 1867; x_wconf 73' lang='lat' dir='ltr'><strong>silvestres</strong></span> <span class='ocrx_word' id='word_1_298' title='bbox 1554 1847 1695 1879; x_wconf 81' lang='lat' dir='ltr'><strong>capreas</strong></span> <span class='ocrx_word' id='word_1_299' title='bbox 1705 1862 1715 1876; x_wconf 85' lang='lat'><em>,</em></span> 
     </span>
     <span class='ocr_line' id='line_1_53' title="bbox 1049 1886 1714 1929; baseline 0.005 -11"><span class='ocrx_word' id='word_1_300' title='bbox 1049 1886 1152 1918; x_wconf 84' lang='lat' dir='ltr'><strong>Cretae</strong></span> <span class='ocrx_word' id='word_1_301' title='bbox 1167 1887 1301 1927; x_wconf 69' lang='lat' dir='ltr'><strong>genitas</strong></span> <span class='ocrx_word' id='word_1_302' title='bbox 1309 1910 1318 1924; x_wconf 88' lang='lat'><em>‚</em></span> <span class='ocrx_word' id='word_1_303' title='bbox 1342 1888 1514 1929; x_wconf 78' lang='lat' dir='ltr'><strong>tantopere</strong></span> <span class='ocrx_word' id='word_1_304' title='bbox 1537 1887 1697 1921; x_wconf 67' lang='lat' dir='ltr'><strong>dilexerit</strong></span> <span class='ocrx_word' id='word_1_305' title='bbox 1705 1912 1714 1927; x_wconf 84' lang='grc'>,</span> 
     </span>
     <span class='ocr_line' id='line_1_54' title="bbox 1048 1935 1722 1983; baseline 0.004 -14"><span class='ocrx_word' id='word_1_306' title='bbox 1048 1935 1224 1979; x_wconf 84' lang='lat' dir='ltr'><strong>(Natura)</strong></span> <span class='ocrx_word' id='word_1_307' title='bbox 1249 1948 1331 1980; x_wconf 86' lang='lat' dir='ltr'><strong>quas</strong></span> <span class='ocrx_word' id='word_1_308' title='bbox 1346 1939 1482 1980; x_wconf 60' lang='lat' dir='ltr'><strong>sagittis·</strong></span> <span class='ocrx_word' id='word_1_309' title='bbox 1497 1939 1649 1983; x_wconf 71' lang='lat' dir='ltr'><strong>corfitas</strong></span> <span class='ocrx_word' id='word_1_310' title='bbox 1669 1940 1722 1972; x_wconf 85' lang='lat' dir='ltr'><strong>ad</strong></span> 
     </span>
     <span class='ocr_line' id='line_1_55' title="bbox 1045 1989 1715 2029; baseline 0.004 -8"><span class='ocrx_word' id='word_1_311' title='bbox 1045 1989 1194 2021; x_wconf 86' lang='lat' dir='ltr'><strong>salutare</strong></span> <span class='ocrx_word' id='word_1_312' title='bbox 1217 1989 1380 2021; x_wconf 74' lang='lat' dir='ltr'><strong>auxilium</strong></span> <span class='ocrx_word' id='word_1_313' title='bbox 1404 1989 1513 2022; x_wconf 80' lang='lat' dir='ltr'><strong>hetboe</strong></span> <span class='ocrx_word' id='word_1_314' title='bbox 1527 1990 1694 2024; x_wconf 75' lang='lat' dir='ltr'><strong>dictamni</strong></span> <span class='ocrx_word' id='word_1_315' title='bbox 1704 2017 1715 2029; x_wconf 83' lang='lat'><strong>‚</strong></span> 
     </span>
     <span class='ocr_line' id='line_1_56' title="bbox 1045 2041 1714 2086; baseline 0.006 -14"><span class='ocrx_word' id='word_1_316' title='bbox 1045 2042 1175 2073; x_wconf 83' lang='lat' dir='ltr'><strong>tantum</strong></span> <span class='ocrx_word' id='word_1_317' title='bbox 1203 2051 1270 2073; x_wconf 82' lang='lat' dir='ltr'><strong>non</strong></span> <span class='ocrx_word' id='word_1_318' title='bbox 1298 2042 1369 2073; x_wconf 82' lang='lat' dir='ltr'><strong>suis</strong></span> <span class='ocrx_word' id='word_1_319' title='bbox 1392 2041 1544 2074; x_wconf 77' lang='lat' dir='ltr'><strong>manibus</strong></span> <span class='ocrx_word' id='word_1_320' title='bbox 1570 2042 1714 2086; x_wconf 67' lang='lat' dir='ltr'><strong>deducit.</strong></span> 
     </span>
     <span class='ocr_line' id='line_1_57' title="bbox 1043 2084 1714 2137; baseline 0.006 -13"><span class='ocrx_word' id='word_1_321' title='bbox 1043 2084 1219 2125; x_wconf 77' lang='lat' dir='ltr'><strong>Deducere</strong></span> <span class='ocrx_word' id='word_1_322' title='bbox 1230 2102 1313 2124; x_wconf 83' lang='lat' dir='ltr'><strong>vero</strong></span> <span class='ocrx_word' id='word_1_323' title='bbox 1329 2090 1480 2136; x_wconf 86' lang='lat' dir='ltr'><strong>nuptiale</strong></span> <span class='ocrx_word' id='word_1_324' title='bbox 1497 2092 1661 2137; x_wconf 82' lang='lat' dir='ltr'><strong>verbum,</strong></span> <span class='ocrx_word' id='word_1_325' title='bbox 1677 2100 1714 2128; x_wconf 83' lang='lat' dir='ltr'><strong>et</strong></span> 
     </span>
     <span class='ocr_line' id='line_1_58' title="bbox 1044 2142 1537 2188; baseline 0.002 -12"><span class='ocrx_word' id='word_1_326' title='bbox 1044 2150 1163 2188; x_wconf 86' lang='lat' dir='ltr'><strong>aptum</strong></span> <span class='ocrx_word' id='word_1_327' title='bbox 1179 2143 1283 2177; x_wconf 84' lang='lat' dir='ltr'><strong>etiam</strong></span> <span class='ocrx_word' id='word_1_328' title='bbox 1298 2142 1537 2178; x_wconf 78' lang='lat' dir='ltr'><strong>conciliaturae.</strong></span> 
     </span>
    </p>

    <p class='ocr_par' dir='ltr' id='par_1_20' title="bbox 1042 2194 1714 2395">
     <span class='ocr_line' id='line_1_59' title="bbox 1086 2194 1714 2240; baseline 0.003 -12"><span class='ocrx_word' id='word_1_329' title='bbox 1086 2194 1160 2238; x_wconf 79' lang='lat'>314.</span> <span class='ocrx_word' id='word_1_330' title='bbox 1183 2196 1382 2229; x_wconf 78' lang='lat' dir='ltr'><strong>Mandantis</strong></span> <span class='ocrx_word' id='word_1_331' title='bbox 1398 2197 1615 2240; x_wconf 57' lang='lat' dir='ltr'><strong>simphkitate</strong></span> <span class='ocrx_word' id='word_1_332' title='bbox 1637 2199 1714 2230; x_wconf 77' lang='lat' dir='ltr'><strong>viri.</strong></span> 
     </span>
     <span class='ocr_line' id='line_1_60' title="bbox 1042 2246 1711 2292; baseline 0 -11"><span class='ocrx_word' id='word_1_333' title='bbox 1042 2247 1118 2281; x_wconf 87' lang='lat' dir='ltr'><strong>Non</strong></span> <span class='ocrx_word' id='word_1_334' title='bbox 1131 2246 1235 2290; x_wconf 82' lang='lat' dir='ltr'><strong>vafri,</strong></span> <span class='ocrx_word' id='word_1_335' title='bbox 1255 2246 1511 2288; x_wconf 85' lang='lat' dir='ltr'><strong>Mentelianus;</strong></span> <span class='ocrx_word' id='word_1_336' title='bbox 1535 2254 1571 2282; x_wconf 87' lang='lat' dir='ltr'><strong>et</strong></span> <span class='ocrx_word' id='word_1_337' title='bbox 1584 2247 1632 2282; x_wconf 89' lang='lat' dir='ltr'><strong>sic</strong></span> <span class='ocrx_word' id='word_1_338' title='bbox 1647 2259 1711 2292; x_wconf 86' lang='lat' dir='ltr'><strong>pro</strong></span> 
     </span>
     <span class='ocr_line' id='line_1_61' title="bbox 1042 2296 1711 2333; baseline 0.003 -2"><span class='ocrx_word' id='word_1_339' title='bbox 1042 2296 1174 2332; x_wconf 84' lang='lat' dir='ltr'><strong>diversa</strong></span> <span class='ocrx_word' id='word_1_340' title='bbox 1185 2297 1330 2332; x_wconf 86' lang='lat' dir='ltr'><strong>lectione</strong></span> <span class='ocrx_word' id='word_1_341' title='bbox 1340 2298 1547 2333; x_wconf 80' lang='lat' dir='ltr'><strong>Puteaneus.</strong></span> <span class='ocrx_word' id='word_1_342' title='bbox 1555 2297 1625 2333; x_wconf 83' lang='lat' dir='ltr'><strong>Sed</strong></span> <span class='ocrx_word' id='word_1_343' title='bbox 1634 2298 1711 2333; x_wconf 85' lang='lat' dir='ltr'><strong>vul-</strong></span> 
     </span>
     <span class='ocr_line' id='line_1_62' title="bbox 1042 2349 1708 2395; baseline 0.003 -12"><span class='ocrx_word' id='word_1_344' title='bbox 1042 2356 1119 2394; x_wconf 86' lang='lat' dir='ltr'><strong>gata</strong></span> <span class='ocrx_word' id='word_1_345' title='bbox 1132 2349 1342 2384; x_wconf 76' lang='lat' dir='ltr'><strong>confirmant</strong></span> <span class='ocrx_word' id='word_1_346' title='bbox 1358 2350 1420 2385; x_wconf 86' lang='lat' dir='ltr'><strong>ista</strong></span> <span class='ocrx_word' id='word_1_347' title='bbox 1436 2350 1583 2385; x_wconf 84' lang='lat' dir='ltr'><strong>Helenae</strong></span> <span class='ocrx_word' id='word_1_348' title='bbox 1595 2376 1605 2395; x_wconf 88' lang='lat'>,</span> <span class='ocrx_word' id='word_1_349' title='bbox 1627 2350 1708 2385; x_wconf 74' lang='lat'>150:</span> 
     </span>
    </p>

    <p class='ocr_par' dir='ltr' id='par_1_21' title="bbox 1031 2402 1707 2806">
     <span class='ocr_line' id='line_1_63' title="bbox 1072 2402 1601 2436; baseline 0.004 -10"><span class='ocrx_word' id='word_1_350' title='bbox 1072 2403 1106 2426; x_wconf 72' lang='lat' dir='ltr'><strong>Et</strong></span> <span class='ocrx_word' id='word_1_351' title='bbox 1119 2402 1168 2426; x_wconf 76' lang='lat' dir='ltr'><strong>tibi</strong></span> <span class='ocrx_word' id='word_1_352' title='bbox 1181 2403 1213 2427; x_wconf 79' lang='lat' dir='ltr'><strong>sit</strong></span> <span class='ocrx_word' id='word_1_353' title='bbox 1226 2411 1292 2427; x_wconf 82' lang='lat' dir='ltr'><strong>curae</strong></span> <span class='ocrx_word' id='word_1_354' title='bbox 1303 2404 1410 2428; x_wconf 65' lang='lat' dir='ltr'><strong>Troicus</strong></span> <span class='ocrx_word' id='word_1_355' title='bbox 1423 2402 1514 2436; x_wconf 74' lang='lat' dir='ltr'><strong>hospes</strong></span> <span class='ocrx_word' id='word_1_356' title='bbox 1526 2422 1535 2434; x_wconf 90' lang='lat'><em>‚</em></span> <span class='ocrx_word' id='word_1_357' title='bbox 1555 2404 1601 2428; x_wconf 70' lang='lat' dir='ltr'><strong>nit.</strong></span> 
     </span>
     <span class='ocr_line' id='line_1_64' title="bbox 1041 2450 1706 2496; baseline 0.003 -12"><span class='ocrx_word' id='word_1_358' title='bbox 1041 2450 1178 2495; x_wconf 84' lang='lat' dir='ltr'><strong>Apulej.</strong></span> <span class='ocrx_word' id='word_1_359' title='bbox 1195 2451 1281 2485; x_wconf 90' lang='lat' dir='ltr'><strong>Met.</strong></span> <span class='ocrx_word' id='word_1_360' title='bbox 1298 2462 1353 2486; x_wconf 92' lang='lat' dir='ltr'><strong>1x:</strong></span> <span class='ocrx_word' id='word_1_361' title='bbox 1367 2452 1616 2496; x_wconf 80' lang='lat' dir='ltr'><strong>Necquidquam</strong></span> <span class='ocrx_word' id='word_1_362' title='bbox 1628 2464 1706 2486; x_wconf 85' lang='lat' dir='ltr'><strong>mo·-</strong></span> 
     </span>
     <span class='ocr_line' id='line_1_65' title="bbox 1039 2503 1707 2547; baseline 0.001 -12"><span class='ocrx_word' id='word_1_363' title='bbox 1039 2507 1132 2536; x_wconf 85' lang='lat' dir='ltr'><strong>ratus</strong></span> <span class='ocrx_word' id='word_1_364' title='bbox 1146 2516 1189 2536; x_wconf 87' lang='lat' dir='ltr'><strong>ac</strong></span> <span class='ocrx_word' id='word_1_365' title='bbox 1204 2506 1391 2547; x_wconf 79' lang='lat' dir='ltr'><strong>suspicatus</strong></span> <span class='ocrx_word' id='word_1_366' title='bbox 1405 2503 1500 2537; x_wconf 78' lang='lat' dir='ltr'><strong>vafer</strong></span> <span class='ocrx_word' id='word_1_367' title='bbox 1512 2507 1549 2537; x_wconf 78' lang='lat' dir='ltr'><strong>et</strong></span> <span class='ocrx_word' id='word_1_368' title='bbox 1560 2505 1707 2547; x_wconf 65' lang='lat' dir='ltr'><strong>egreffl‘us</strong></span> 
     </span>
     <span class='ocr_line' id='line_1_66' title="bbox 1038 2554 1704 2594; baseline 0 -8"><span class='ocrx_word' id='word_1_369' title='bbox 1038 2556 1096 2586; x_wconf 84' lang='lat' dir='ltr'><strong>ille</strong></span> <span class='ocrx_word' id='word_1_370' title='bbox 1110 2558 1248 2588; x_wconf 74' lang='lat' dir='ltr'><strong>mat-ltus</strong></span> <span class='ocrx_word' id='word_1_371' title='bbox 1257 2581 1274 2594; x_wconf 70' lang='lat'><strong>‚,</strong></span> <span class='ocrx_word' id='word_1_372' title='bbox 1284 2567 1428 2588; x_wconf 82' lang='lat' dir='ltr'><strong>accensa</strong></span> <span class='ocrx_word' id='word_1_373' title='bbox 1440 2556 1575 2588; x_wconf 77' lang='lat' dir='ltr'><strong>lucerua</strong></span> <span class='ocrx_word' id='word_1_374' title='bbox 1587 2566 1597 2587; x_wconf 81' lang='lat'><strong>‚¹</strong></span> <span class='ocrx_word' id='word_1_375' title='bbox 1611 2554 1704 2586; x_wconf 74' lang='lat' dir='ltr'><strong>Bis—</strong></span> 
     </span>
     <span class='ocr_line' id='line_1_67' title="bbox 1038 2606 1705 2650; baseline 0 -12"><span class='ocrx_word' id='word_1_376' title='bbox 1038 2608 1128 2645; x_wconf 83' lang='lat' dir='ltr'><strong>cede,</strong></span> <span class='ocrx_word' id='word_1_377' title='bbox 1140 2610 1254 2650; x_wconf 80' lang='lat' dir='ltr'><strong>inquit,</strong></span> <span class='ocrx_word' id='word_1_378' title='bbox 1265 2607 1386 2650; x_wconf 53' lang='lat' dir='ltr'><strong>fratem</strong></span> <span class='ocrx_word' id='word_1_379' title='bbox 1403 2610 1440 2640; x_wconf 83' lang='lat' dir='ltr'><strong>et</strong></span> <span class='ocrx_word' id='word_1_380' title='bbox 1448 2609 1582 2644; x_wconf 57' lang='lat' dir='ltr'><strong>onasus,</strong></span> <span class='ocrx_word' id='word_1_381' title='bbox 1600 2606 1705 2639; x_wconf 84' lang='lat' dir='ltr'><strong>donec</strong></span> 
     </span>
     <span class='ocr_line' id='line_1_68' title="bbox 1031 2659 1704 2702; baseline 0 -12"><span class='ocrx_word' id='word_1_382' title='bbox 1031 2660 1135 2700; x_wconf 82' lang='lat' dir='ltr'><strong>probe</strong></span> <span class='ocrx_word' id='word_1_383' title='bbox 1145 2662 1375 2702; x_wconf 77' lang='lat' dir='ltr'><strong>perpurgatum</strong></span> <span class='ocrx_word' id='word_1_384' title='bbox 1393 2660 1488 2692; x_wconf 77' lang='lat' dir='ltr'><strong>istud</strong></span> <span class='ocrx_word' id='word_1_385' title='bbox 1499 2659 1566 2691; x_wconf 79' lang='lat' dir='ltr'><strong>tibi</strong></span> <span class='ocrx_word' id='word_1_386' title='bbox 1579 2670 1704 2700; x_wconf 67' lang='lat' dir='ltr'><strong>repra-</strong></span> 
     </span>
     <span class='ocr_line' id='line_1_69' title="bbox 1037 2709 1701 2758; baseline 0 -15"><span class='ocrx_word' id='word_1_387' title='bbox 1037 2714 1171 2744; x_wconf 83' lang='lat' dir='ltr'><strong>sentem.</strong></span> <span class='ocrx_word' id='word_1_388' title='bbox 1202 2711 1253 2744; x_wconf 85' lang='lat' dir='ltr'><strong>Ita</strong></span> <span class='ocrx_word' id='word_1_389' title='bbox 1268 2709 1487 2744; x_wconf 85' lang='lat' dir='ltr'><strong>scribendum</strong></span> <span class='ocrx_word' id='word_1_390' title='bbox 1501 2735 1510 2752; x_wconf 92' lang='lat'><em>,</em></span> <span class='ocrx_word' id='word_1_391' title='bbox 1529 2712 1701 2758; x_wconf 58' lang='grc' dir='ltr'><strong>εἶρωνικῶςῑ</strong></span> 
     </span>
     <span class='ocr_line' id='line_1_70' title="bbox 1036 2760 1702 2806; baseline -0.002 -12"><span class='ocrx_word' id='word_1_392' title='bbox 1036 2760 1138 2805; x_wconf 83' lang='lat' dir='ltr'><strong>vulgo</strong></span> <span class='ocrx_word' id='word_1_393' title='bbox 1154 2761 1298 2806; x_wconf 84' lang='lat' dir='ltr'><strong>insulse,</strong></span> <span class='ocrx_word' id='word_1_394' title='bbox 1319 2773 1401 2795; x_wconf 83' lang='lat' dir='ltr'><strong>acer</strong></span> <span class='ocrx_word' id='word_1_395' title='bbox 1416 2765 1453 2795; x_wconf 83' lang='lat' dir='ltr'><strong>et</strong></span> <span class='ocrx_word' id='word_1_396' title='bbox 1467 2763 1613 2805; x_wconf 66' lang='lat' dir='ltr'><strong>egregius</strong></span> <span class='ocrx_word' id='word_1_397' title='bbox 1628 2772 1702 2793; x_wconf 83' lang='lat' dir='ltr'><strong>ma-</strong></span> 
     </span>
    </p>
   </div>
  </div>
 </body>
</html>
