1884 3112
587 718 1089 765 ARGUMENTUM
1132 718 1358 764 NUCIS

302 874 357 904 Ex
371 872 612 903 ANTHOLOG.
625 872 781 902 GRAECA.
796 872 876 902 Le.
894 876 966 912 20,
980 871 1118 901 Emori.
1136 874 1167 902 1.
1186 864 1366 902 nnuu'cx.
1378 861 1499 902 min..
1516 872 1553 913 1,
1565 872 1603 901 ι).
1621 861 1709 916 ι73.

434 1015 590 1057 Εἰνοδίην
615 1018 743 1068 καρύην
770 1029 813 1066 με
831 1015 1103 1067 παρερχομένοις
1123 1014 1306 1064 ἐφύτευσαν

490 1086 616 1135 Παισὶ,
637 1087 835 1126 λιθοὸλήτου
851 1087 1009 1136 παίγνιον
1033 1087 1212 1135 εὖςοχίης·

435 1161 571 1201 Πάντας
596 1149 626 1196 δ’
647 1158 838 1209 ἀκρέμονάς
855 1170 894 1194 τε
914 1155 971 1192 καὶ
999 1155 1159 1198 εὖθαλὲας
1178 1154 1384 1207 ὀροὸάμνονς

488 1229 711 1280 Κέκλασριαι,
729 1231 888 1271 πυκιναῖς
907 1228 1058 1279 χερμάσι
1072 1226 1278 1277 βαλλομένη.

433 1301 612 1352 Δένδρεσιν
634 1301 817 1351 εὐκάρποις
846 1298 943 1336 οὐδὲν
961 1298 1076 1336 πλέον·
1108 1294 1129 1336 ἦ
1155 1297 1222 1349 ’γὰρ
1246 1295 1355 1348 ’ἔγωγε

487 1372 690 1422 Δυσδαὶμων
714 1367 769 1408 ἐπ’
794 1370 876 1421 ἐμὴν
900 1370 995 1422 ὕὸριν
1017 1368 1278 1421 ἔκαρποφόρουν.

298 1472 419 1524 Quod
444 1473 705 1527 Epigramma,
733 1471 810 1511 sive
832 1470 1006 1520 Platoni,
1025 1469 1102 1510 sive
1121 1468 1323 1522 Antipatro
1348 1467 1510 1508 Sidonio
1533 1465 1711 1507 tribueris
1742 1503 1745 1507 ,

296 1546 402 1595 (nam
416 1544 514 1583 inter
529 1551 733 1595 utrumque
745 1541 1016 1594 disceptatur),
1035 1540 1161 1580 nullus
1175 1548 1298 1590 tamen
1310 1527 1502 1595 uegaveris
1516 1537 1610 1591 quin
1622 1535 1711 1576 hinc

296 1614 478 1655 effluxerit
496 1613 642 1668 Elegiae
666 1611 930 1664 subsequentis
957 1620 1219 1667 argumentum
1230 1640 1242 1661 ‚
1270 1609 1375 1663 quod
1402 1607 1559 1663 juvenili
1578 1621 1686 1648 more
1698 1636 1711 1656 ‚

297 1693 336 1725 et
347 1684 470 1738 primo
484 1682 706 1723 luxuriantis
718 1682 861 1735 ingenii
875 1682 1018 1735 impetu
1034 1681 1297 1735 amplificatum
1308 1709 1321 1731 ,
1335 1680 1374 1718 in
1389 1693 1538 1719 carmen
1551 1677 1711 1718 excrevit

294 1770 375 1796 non
386 1754 461 1794 fere
480 1753 605 1792 minus
625 1767 737 1804 quam
757 1751 941 1791 ducentos
956 1764 1087 1794 versus
1102 1750 1369 1804 complectens.
1384 1769 1439 1780 -
1453 1747 1634 1789 Graecum
1652 1745 1706 1788 sic

296 1825 408 1868 vertit
424 1815 564 1864 Alciat.'
574 1824 615 1862 in
629 1822 816 1862 Emblem.
834 1838 845 1862 ι

514 1924 722 1959 Ludibrium
737 1922 852 1968 pueris
867 1921 995 1967 lapides
1010 1921 1214 1966 jacientibus
1226 1946 1236 1964 ,
1252 1920 1320 1955 hoc
1334 1933 1392 1955 me

582 1977 626 2018 Ii1
642 1983 744 2017 trivio
760 1982 873 2028 posuit
888 1981 1013 2016 rustica
1028 1994 1109 2016 cura
1126 1982 1280 2017 Nucem:

516 2043 610 2088 Quae
624 2043 744 2077 laceris
758 2042 862 2076 ramis
871 2068 881 2085 ,
898 2041 1147 2087 perstrictoque
1163 2040 1270 2075 ardua
1284 2040 1388 2085 libro²

581 2101 753 2137 Certatim
767 2100 884 2135 fundis
899 2113 962 2145 per
977 2100 1064 2134 latus
1080 2111 1185 2133 omne
1201 2105 1312 2144 petor.

514 2162 613 2208 Quid
627 2161 732 2197 sterili
749 2167 861 2207 posset
875 2159 1076 2205 contingere
1092 2159 1226 2205 turpius
1239 2158 1254 2193 ?
1270 2158 1379 2194 eheu!

580 2222 702 2258 Infelix
715 2223 847 2258 fructus
861 2220 898 2256 in
915 2233 995 2257 mea
1009 2219 1137 2255 damna
1151 2218 1245 2256 sero!
