1884 3112
318 248 403 292 238

677 219 685 227 ’
744 251 1093 297 EPISTOLA
1133 256 1288 299 xm.

314 341 505 388 Hectora
527 340 674 389 nescio
701 359 831 406 quem
854 343 986 392 timeo
1005 364 1015 392 :
1033 345 1156 393 Paris
1176 347 1367 395 Hectora
1389 347 1502 396 dixit

377 418 535 465 Ferrea
558 417 796 479 sanguinea
817 417 1128 470 bellamovere
1150 441 1296 471 manu.

315 495 526 551 Hectora,
554 494 756 560 quisquis
780 495 818 544 is
841 508 929 555 est,
957 498 996 545 si
1017 517 1115 546 sum
1137 498 1222 546 tibi
1245 517 1359 558 cara,
1385 512 1546 550 caveto.
1677 517 1722 551 65

373 572 604 634 Signatum
626 573 809 621 memori
830 585 1007 639 pectore
1030 594 1193 635 nomen
1214 576 1341 626 habe.

310 648 443 696 Hunc
465 648 546 696 ubi
569 649 738 707 vitaris,
764 648 874 697 alios
898 650 1032 700 vitare
1055 664 1303 711 mement03

373 728 432 774 Et
454 725 620 774 multos
644 725 734 775 illic
758 728 973 776 Hectoras
996 747 1089 777 esse
1113 740 1234 795 puta.

308 804 367 851 Et
390 803 520 852 facito
545 803 682 862 dicas,
711 804 884 870 quoties
907 825 1102 871 pugnare
1127 807 1324 873 parabis,

372 879 555 927 Parcere
579 898 648 928 me
668 880 800 945 jussit
820 881 1058 930 Laodamia
1081 882 1182 930 sibi.
1679 910 1723 946 7⁰

310 956 358 1004 Si
383 956 536 1005 cadere
560 956 773 1019 Argolico
796 957 861 1006 fas
885 970 953 1006 est
972 959 1056 1007 sub
1080 959 1218 1008 milite
1241 960 1441 1026 Trojam;
1679 952 1681 954 ¹

371 1033 434 1080 Te
460 1052 640 1099 quoque
664 1053 757 1081 non
779 1034 922 1083 ullum
944 1035 1104 1084 vulnus
1127 1037 1316 1086 habente
1338 1038 1475 1086 cadat.

306 1109 506 1171 Pugnet,
532 1121 576 1158 et
598 1110 804 1159 adversos
824 1111 974 1160 tendat
997 1113 1226 1162 Menelaus
1248 1114 1294 1162 in
1316 1115 1494 1175 hostes,

367 1188 431 1233 Ut
451 1186 594 1252 rapiat
617 1187 791 1246 Paridi,
817 1207 948 1254 quam
974 1189 1099 1238 Paris
1123 1202 1222 1239 ante
1246 1191 1346 1239 sibi.

304 1263 471 1321 Irruat;
499 1275 542 1311 et
564 1283 694 1312 031133
718 1284 848 1330 quem
871 1266 1032 1325 vincit,
1055 1268 1200 1316 vincat
1222 1280 1266 1317 et
1285 1269 1428 1317 armis.
1674 1285 1717 1331 75

364 1340 586 1389 Hostibus
610 1360 632 1389 e
653 1341 808 1390 mediis
829 1354 971 1410 nupta
990 1344 1181 1410 petenda
1202 1346 1297 1393 viro
1321 1357 1399 1394 est.

299 1418 443 1466 Causa
466 1429 543 1466 tua
564 1430 632 1466 est
654 1417 831 1485 dispar:
853 1431 902 1468 tu
925 1431 1095 1470 tantum
1118 1423 1259 1472 vivere
1282 1443 1451 1490 pugna,

296 1527 369 1562 Pro
382 1539 452 1572 quo
469 1529 585 1561 Pcnea
596 1527 634 1561 in
646 1527 792 1573 vulgatis
805 1527 898 1563 libris
915 1528 973 1563 le-

294 1579 458 1624 gebatur,
476 1586 511 1613 et
527 1579 650 1613 similia
662 1580 787 1624 passim
802 1590 809 1611 :
822 1580 869 1614 ita
884 1581 979 1615 Sesti

288 1633 421 1674 puella,
441 1630 539 1675 Epist
554 1641 662 1674 xv111,
675 1637 715 1665 ut
725 1631 771 1665 ibi
783 1631 972 1667 scribimus.

339 1683 394 1717 65.
405 1684 586 1717 Hectora...
596 1687 722 1717 cavelo.
736 1683 783 1718 Et
795 1691 888 1719 recte
900 1685 973 1729 qui-

293 1734 375 1769 dem
406 1735 572 1769 monebat
586 1748 595 1774 ;
631 1747 715 1769 nam
740 1735 782 1770 ab
815 1736 971 1770 Hectore

290 1786 499 1820 Protesilaus
512 1812 521 1829 ,
553 1786 616 1820 sub
641 1786 755 1831 ipsum
783 1800 802 1822 e
828 1789 971 1823 navibus

291 1850 670 1883 escensum,oppressus
676 1846 735 1873 est.
743 1839 864 1887 Dictys
874 1839 970 1875 Cret.

291 1902 333 1934 11,
348 1891 390 1924 ab
402 1891 536 1931 AEnea;
550 1891 605 1924 alii
618 1891 660 1925 ab
671 1891 742 1926 aliis
757 1893 907 1927 occisum
917 1894 971 1926 se.—

292 1949 387 1976 runt.
399 1942 480 1976 Vid.
495 1941 611 1977 Schol.
628 1942 672 1977 ad
682 1943 791 1977 Hom.
801 1943 839 1977 Il.
849 1950 883 1987 Β,
894 1943 969 1990 698.

333 1995 388 2042 69.
404 1996 454 2029 Et
459 1995 576 2039 facito
591 1996 697 2029 dicas.
710 1995 748 2030 Si
758 1995 830 2030 haec
841 1995 968 2041 praedi—

291 2054 387 2082 caret
400 2048 534 2093 publice
544 2048 765 2093 Protesilaus,
777 2056 816 2083 ut
825 2049 967 2094 ignavus

289 2107 324 2134 et
358 2100 471 2146 segnis
494 2101 537 2135 ab
560 2101 630 2135 aliis
651 2102 729 2145 jure
753 2108 966 2146 argueretur.

290 2152 395 2187 Forte
406 2153 589 2198 scripserit,
608 2160 643 2188 et
655 2158 770 2195 tacito,
785 2155 839 2188 vel
848 2157 962 2194 tacite,

287 2206 385 2238 dicas
403 2217 413 2238 .·
433 2206 481 2239 ita
503 2218 614 2240 secum
640 2208 746 2251 loqui,
781 2213 816 2240 et
843 2206 966 2240 similia

288 2256 398 2290 obvia.
428 2256 620 2291 Proserunt
650 2257 792 2302 quidem
821 2257 965 2292 110111οο-

287 2307 429 2353 graphi,
453 2321 493 2342 ex
512 2308 624 2343 Cicer.
646 2322 709 2354 pro
727 2309 872 2355 Quinct.
898 2311 936 2343 15
953 2322 962 2344 ε

289 2361 379 2394 Huic
394 2373 436 2394 ne
450 2365 559 2404 perire
581 2364 711 2405 quidem
727 2365 833 2396 tacito
843 2364 963 2396 obscu-

286 2426 383 2457 teque
397 2415 611 2447 conceditur:
629 2413 689 2448 sed
705 2414 760 2448 alii
777 2412 962 2448 ediderunt

286 2468 408 2508 lacite5
425 2471 459 2499 et
471 2476 501 2498 11
510 2491 520 2508 ,
534 2466 636 2499 Verr.
651 2466 709 2511 73:
729 2465 797 2500 Vos
801 2466 880 2510 jam
889 2492 897 2504 ,
909 2478 961 2498 me

286 2520 409 2558 tacito,
427 2519 623 2561 zhtellzgrctzk
640 2530 650 2551 ,¹
667 2517 727 2552 sed
739 2517 786 2552 ibi
800 2525 852 2552 est
868 2517 961 2552 abla-

287 2567 375 2601 tivus
388 2594 397 2612 ,
417 2581 435 2602 a
455 2572 589 2603 tacitus.
611 2569 741 2604 BURM.

331 2633 380 2665 72.
408 2622 454 2653 Te
476 2634 599 2665 quoque
619 2628 682 2656 etc.
711 2621 933 2656 Lovaniensis
947 2648 956 2666 ,

282 2675 316 2704 te
325 2683 457 2715 quoque,
469 2674 534 2706 sed
538 2675 662 2707 nullum
673 2676 792 2708 vulnus
797 2676 957 2708 habentes

284 2734 357 2755 non
371 2722 597 2768 ineleganter,
609 2725 677 2759 vid.
687 2725 793 2770 Epist.
804 2735 869 2769 ΧΠ,
887 2739 900 2759 1
909 2726 959 2759 16,

282 2773 449 2809 Francius
460 2776 662 2818 conjiciebat
673 2803 682 2821 ,
708 2778 756 2811 Te
770 2790 870 2812 voveo
880 2779 957 2811 aul-

1037 1533 1106 1565 Ium
1118 1558 1127 1574 ,
1144 1531 1198 1566 vel
1215 1536 1248 1566 le
1263 1534 1360 1566 modo
1375 1545 1442 1567 non
1455 1533 1568 1568 ullum.
1583 1533 1712 1570 Btmm.

1083 1584 1134 1628 73.
1147 1585 1288 1627 Pugnet,
1301 1588 1339 1618 et
1344 1586 1503 1619 adversos
1510 1591 1574 1620 etc.
1585 1585 1714 1621 Videas

1038 1634 1129 1679 apud
1151 1635 1298 1670 Homer.
1316 1635 1412 1670 Iliad.
1437 1643 1473 1678 Γ,
1494 1649 1556 1684 97,
1584 1644 1620 1672 et
1638 1650 1712 1683 sqq.

1035 1685 1207 1731 singulare
1218 1692 1396 1720 certamen
1406 1686 1612 1722 Menelaum
1619 1687 1713 1723 inte‘r

1037 1743 1074 1771 et
1089 1736 1264 1772 Paridem.

1081 1789 1132 1835 74.
1151 1790 1201 1822 Ut
1212 1793 1333 1834 rapiat.
1351 1790 1421 1825 Hic
1431 1803 1548 1826 versus
1559 1803 1640 1825 cum
1653 1803 1710 1826 se-

1035 1840 1156 1884 quenti
1167 1841 1291 1876 absunt
1306 1854 1325 1876 a
1342 1842 1523 1876 Puteaneo
1539 1849 1574 1877 et
1589 1842 1710 1877 110113-

1033 1892 1146 1926 niensi
1170 1905 1178 1926 ε
1207 1900 1289 1927 sunt
1314 1901 1433 1927 tamen
1466 1893 1649 1936 Ovidiani;
1680 1894 1709 1929 si

1033 1943 1117 1988 quid
1140 1944 1259 1988 video,
1278 1944 1424 1979 offendit
1445 1945 1588 1980 sortasse
1613 1945 1707 1980 deli-

1033 2002 1124 2030 catas
1141 2009 1240 2030 aures
1254 1999 1287 2032 τὲ
1299 1999 1382 2036 sibi,
1402 2008 1466 2041 pro
1478 1999 1535 2031 illi
1545 1997 1706 2042 positum.

1033 2047 1142 2092 Atqui
1168 2048 1216 2083 sic
1236 2048 1349 2083 solent
1370 2048 1511 2094 optimae
1531 2048 1708 2085 latinitatis

1032 2107 1197 2134 auctores.
1214 2099 1325 2134 Cicer.
1346 2100 1437 2145 apud
1450 2101 1542 2136 Non.
1560 2101 1597 2135 in
1612 2101 1707 2136 verb.

1030 2151 1137 2195 Apud
1145 2164 1154 2185 :
1175 2152 1279 2196 Cujus
1294 2155 1396 2185 eliam
1402 2151 1521 2196 focum
1543 2153 1628 2187 Calo
1646 2154 1707 2188 ille

1029 2206 1154 2243 noster,
1173 2216 1272 2247 quum
1287 2208 1427 2237 venerat
1447 2203 1490 2238 ad
1515 2217 1551 2239 se
1575 2208 1613 2238 in
1632 2205 1704 2239 Sa-

1029 2257 1125 2289 binos
1134 2283 1143 2297 ,
1165 2259 1272 2290 w‘sere
1283 2259 1423 2290 solebat.
1437 2257 1528 2291 Fast.
1544 2267 1588 2291 111
1598 2283 1608 2301 ,
1621 2251 1706 2292 6563

1060 2312 1094 2336 Et
1105 2312 1234 2336 celebrant
1245 2312 1315 2345 largo
1329 2321 1407 2346 seque
1418 2312 1539 2346 diemque
1550 2321 1630 2337 mero.
1648 2310 1686 2336 Η.

1073 2362 1122 2405 75.
1138 2362 1190 2394 Et
1198 2373 1304 2395 causa
1312 2374 1405 2406 quem
1415 2364 1530 2401 vincit,
1544 2364 1661 2396 vincat
1667 2363 1706 2394 et

1026 2416 1137 2446 anm's.
1163 2414 1274 2447 Causa
1299 2413 1395 2447 enim
1422 2413 1565 2447 meliore
1596 2415 1704 2446 vincit

1027 2464 1210 2499 Menelaus
1221 2490 1231 2507 ‚
1242 2472 1282 2498 ut
1293 2465 1352 2509 qui
1364 2465 1513 2510 graviter
1528 2464 1679 2498 offensus
1688 2489 1699 2505 ‚

1024 2516 1186 2560 iniquum
1219 2529 1454 2562 aggressorem
1488 2517 1700 2560 insequatur.

1026 2567 1136 2612 Optat
1155 2568 1259 2613 igitur
1279 2569 1406 2603 merito
1425 2568 1632 2611 Laodamia,
1659 2573 1700 2601 ut

1023 2624 1125 2654 armis·
1141 2633 1279 2665 quoque
1294 2624 1432 2660 vincon·
1461 2619 1520 2654 sed
1533 2619 1612 2653 velit
1624 2644 1634 2661 ,
1658 2625 1698 2652 ut

1017 2685 1097 2716 <non
1112 2673 1154 2706 ad
1167 2672 1379 2707 vincendum
1389 2698 1399 2715 ,
1413 2671 1590 2706 Protesilai
1600 2677 1696 2705 caete-

1022 2735 1213 2770 rerumque
1237 2724 1358 2759 auxilio
1379 2723 1539 2768 indigeat.

1067 2791 1117 2821 77.
1143 2779 1254 2812 Causa
1271 2781 1330 2811 lua
1354 2780 1408 2811 est
1421 2778 1542 2819 dtlrpar:
1570 2775 1694 2820 Scrip-
