1884 3112
1478 279 1479 282 ,
1507 262 1549 275 w!

512 402 1030 476 EPISTOLA
1079 404 1159 474 X.
1189 398 1213 422 *

446 847 823 904 ARIADNE
876 845 1235 904 THESEO.

131 967 369 1037 Mrrms
390 988 560 1046 inveni,
591 1007 723 1055 quam
747 999 814 1046 te,
840 1006 979 1050 genus
1005 1007 1137 1037 omne
1161 987 1377 1046 ferarum3

197 1065 376 1116 Credita
397 1083 490 1113 non
510 1063 615 1123 ulli,
643 1083 776 1131 quam
800 1065 906 1122 tibi,
929 1065 1059 1131 pejus
1082 1085 1213 1114 eram.

130 1144 245 1209 Quae
268 1143 399 1208 legis,
424 1162 476 1192 ex
500 1142 603 1201 illo,
628 1143 828 1201 Theseu,
853 1143 939 1191 tibi
961 1143 1091 1192 litore
1111 1145 1241 1193 mitto
1255 1182 1267 1201 ‚

197 1221 328 1271 Unde
345 1233 471 1270 -tuam
495 1221 589 1269 sine
612 1239 682 1269 me
706 1219 803 1269 vela
825 1220 965 1269 tulere
988 1233 1149 1279 ratem;

132 1300 186 1347 In
211 1318 302 1366 quo
324 1318 394 1348 me
418 1317 690 1364 somnusque
709 1317 834 1346 meus
857 1297 969 1346 male
992 1298 1212 1364 prodidit,
1236 1311 1279 1348 et
1306 1312 1352 1348 tu
1366 1337 1378 1357 ,
1543 1313 1563 1346 5

135 1388 139 1391 ’
203 1378 292 1426 Per
313 1376 486 1426 facinus
509 1375 677 1425 somnis
701 1375 906 1424 insidiate
930 1376 1052 1424 meis.

135 1456 334 1523 Tempus
357 1466 475 1513 erat,
502 1454 639 1503 vitrea
663 1473 754 1521 quo
776 1453 1110 1524 primumxterra
1131 1452 1294 1519 pruina

200 1532 460 1602 Spargitur,
485 1544 531 1581 et
554 1543 679 1581 tectae
702 1530 861 1579 fronde
888 1542 1136 1596 queruntur
1155 1549 1267 1579 aves.

135 1612 359 1660 Incertum
379 1608 588 1674 vigilans,
614 1628 639 1658 a
663 1628 823 1658 somno
842 1608 1073 1672 languida,
1099 1609 1219 1657 movi

175 1756 194 1775 *
207 1756 334 1792 Prisce
343 1754 515 1791 editiones
525 1761 561 1790 et
573 1754 709 1791 codices
720 1768 818 1790 non-

133 1809 221 1845 nulli
237 1809 343 1845 etiam
357 1808 414 1844 hic
427 1808 636 1854 copiosiores
649 1802 732 1842 sunt
745 1806 818 1842 vul-

134 1862 220 1910 gatis
239 1889 250 1907 ,
282 1874 394 1908 quum
423 1861 514 1896 hane
546 1860 739 1906 Epistolam
770 1859 819 1896 sie

134 1913 362 1950 exordiantur
377 1925 386 1948 ε

135 1975 185 2000 111⁸
196 1974 285 2014 relicta
298 1973 361 1999 seris
373 1973 452 1998 elim
463 1982 534 1999 nune
543 1993 551 2005 ‚
568 1973 685 2007 improbe
697 1973 819 2004 Theseu,

169 2023 260 2056 Vivi13
273 2029 299 2048 et
309 2022 364 2048 hoe
376 2031 451 2057 aqua
464 2028 550 2047 mente
563 2022 655 2047 tulisse
668 2023 744 2047 velis.

139 2072 311 2125 Eiusdem
317 2085 447 2119 nempe
455 2072 589 2115 farinae,
598 2084 680 2107 cum
688 2071 828 2117 iis,quae,

139 2123 196 2159 hic
210 2123 365 2170 illiciam
381 2131 462 2159 ante
478 2123 648 2159 dedimus.
665 2123 801 2157 Hnms.

188 2189 217 2210 1.
241 2177 363 2212 Mitius
386 2179 507 2212 inveni.
538 2175 689 2210 Francio
717 2174 824 2209 etiam

142 2227 211 2263 hoc
225 2228 398 2265 distichon
413 2235 614 2275 suspectum
626 2226 823 2271 videbatur,

143 2287 180 2322 et
188 2279 382 2326 Epistulam
389 2293 409 2316 a
417 2294 452 2317 se
456 2281 578 2327 quenti
584 2284 664 2325 Quae
670 2282 754 2325 legis
761 2286 826 2315 etc.

143 2331 342 2368 inchoabat.

188 2385 220 2420 3.
245 2386 303 2420 Ex
327 2387 388 2420 1710
399 2411 408 2426 ,
440 2385 570 2419 Theseu
589 2411 598 2426 ,
624 2386 692 2419 tibi
714 2386 829 2419 liltore

146 2432 254 2478 n'titto,
270 2438 369 2471 Unde
380 2441 471 2471 luam
482 2439 556 2472 sine
569 2450 622 2471 me
634 2439 713 2471 vela
726 2438 831 2472 {ulem

146 2494 262 2524 ratem.
273 2489 381 2524 Diam
396 2488 547 2524 insulam
562 2488 752 2535 significat,
770 2488 830 2523 ubi

148 2541 346 2578 Ariadnam
354 2541 543 2587 reliquerat
552 2541 719 2576 Theseus.
727 2540 832 2587 Apol·

147 2594 265 2630 lonius
276 2621 286 2638 ‚
307 2593 365 2630 lib.
385 2604 424 2629 xv
436 2620 446 2640 ,
464 2594 538 2639 433.
552 2593 685 2641 Argon.
702 2593 746 2629 de
760 2594 833 2640 ipsa

151 2646 329 2697 Ariadna:

307 2726 468 2734 .......
496 2701 529 2741 ἣν
542 2703 609 2735 ’rare'
626 2702 742 2740 Θησεὺς

152 2755 326 2790 Κνωσσόθεν
350 2754 515 2797 ἔσκομὲνην
541 2757 598 2800 Δίῃ
623 2755 667 2788 fu
687 2753 810 2788 κάλλιπε

245 2820 338 2851 nequ.

883 1773 927 1784 ·—·
941 1755 1011 1791 Alii
1029 1769 1109 1791 eam
1122 1756 1159 1791 in
1176 1756 1275 1792 Naxo
1298 1755 1457 1792 relictam
1475 1757 1567 1792 scri-

882 1809 993 1850 bunt;
1020 1807 1082 1843 sed
1104 1821 1214 1843 unam
1240 1808 1473 1855 eamdemque
1497 1822 1569 1844 esse

883 1860 1034 1895 insulam
1042 1867 1190 1905 constat,
1200 1874 1277 1907 quae
1287 1861 1436 1896 vicissim
1447 1861 1571 1896 Stron-

885 1912 963 1960 gyle
975 1939 984 1957 ‚
1002 1912 1129 1947 deinde
1142 1913 1211 1947 Dia
1223 1940 1232 1957 ,
1251 1920 1286 1948 et
1297 1914 1412 1948 Naxos
1425 1912 1570 1948 tandem

886 1964 1114 2000 denominata
1131 1971 1201 2008 est,
1231 1978 1248 1999 a
1267 1965 1366 2000 Naxo
1385 1963 1572 2009 Cretensi,

887 2030 957 2063 quo
974 2016 1062 2052 duce
1075 2044 1085 2062 ,
1117 2015 1226 2052 Cares
1249 2017 1401 2052 insulam
1417 2029 1574 2062 occupa-

885 2076 988 2112 runt;
1013 2069 1068 2104 vel
1095 2069 1211 2115 potius
1236 2069 1278 2104 ab
1301 2070 1388 2104 urbe
1413 2068 1572 2115 ejusdem

887 2122 1041 2157 nominis
1062 2121 1101 2157 in
1128 2121 1241 2156 insula
1273 2121 1405 2166 Crete,
1436 2121 1479 2156 de
1504 2134 1573 2167 qua

888 2175 1025 2210 mentio
1050 2174 1142 2221 apud
1165 2174 1348 2210 Scholiast.
1371 2173 1514 2210 Pindar.
1531 2172 1577 2207 ad

890 2227 976 2263 Isth.
985 2238 1038 2271 VI,
1047 2240 1079 2262 v.
1095 2227 1167 2261 106.
1179 2226 1575 2267 Vid.Baoul-Rochette,

894 2283 1008 2316 Colon.
1028 2280 1148 2325 Grecq.
1164 2285 1248 2314 tom.
1267 2290 1316 2323 11,
1332 2292 1408 2325 pag.
1428 2280 1499 2324 ¹54.-

935 2347 966 2382 9.
980 2335 1148 2367 Incertum
1160 2333 1307 2376 vigilans
1315 2345 1362 2368 an
1372 2344 1488 2366 somno
1500 2332 1579 2365 lan-

890 2388 1007 2431 guida.
1020 2384 1148 2431 Scripti
1159 2397 1328 2428 omnes,a
1338 2396 1463 2419 somno.
1480 2383 1581 2418 Prae-

894 2446 949 2474 ter
972 2438 1121 2473 alterum
1142 2436 1423 2479 Mentelianum,
1446 2435 1484 2470 in
1508 2446 1579 2480 quo

895 2505 915 2527 e
930 2504 1055 2526 somno.
1078 2489 1191 2536 Lego‚
1207 2502 1251 2523 ac
1268 2502 1385 2523 somno
1406 2488 1580 2532 languida.

895 2546 1063 2579 Incertum
1091 2543 1240 2587 vigilans
1252 2568 1261 2583 ‚
1290 2540 1394 2575 dubie
1425 2538 1580 2584 vigilans.

898 2597 957 2632 Sic
978 2595 1065 2631 Stat.
1086 2594 1198 2630 Theb.
1214 2605 1259 2638 v,
1278 2593 1338 2639 qui
1355 2592 1430 2628 haec
1445 2589 1584 2627 videtur

898 2648 1083 2695 respexisse
1101 2661 1108 2683 ε

899 2706 1034 2731 'rm-bidus
1046 2725 1055 2737 ,
1076 2706 1255 2739 incertumque
1286 2702 1369 2729 oculis
1395 2699 1566 2733 vigunntibns

984 2756 1085 2781 hostem

902 2806 956 2833 Oce
960 2810 1031 2840 upnt.
1408 2801 1515 2826 nnus:
