1884 3112
329 323 414 352 212
788 305 1140 350 EPISTOLA
1181 308 1274 350 XI.

327 401 410 448 His
428 405 529 448 'mea
550 398 829 454 muneribus,
857 398 1051 459 genitor,
1077 398 1299 445 connubia
1321 397 1487 451 donas?

391 477 485 523 Hac
509 487 583 523 tua
607 475 728 531 dote,
752 485 895 540 pater,
918 472 1008 522 filia
1032 473 1150 520 dives
1174 473 1288 521 erit?
1676 501 1736 524 100

324 553 450 601 Tolle
472 551 627 618 procul
649 551 826 616 decepte
848 550 961 598 faces
976 587 988 608 ‚
1019 551 1273 616 Hymenaee,
1298 550 1500 599 maritas:

389 631 449 677 Et
471 631 572 691 fuge
596 628 774 676 turbato
799 638 911 675 tecta
933 626 1120 675 nefanda
1143 626 1265 692 pede.

324 708 451 754 Ferte
473 706 585 753 faces
607 705 654 752 in
677 724 767 761 me,
789 722 897 770 quas
917 702 1060 761 fertis,
1083 703 1301 769 Erinnyes
1322 714 1451 761 atrae3

389 780 453 829 Ut
474 801 597 830 meus
620 800 671 829 ex
692 781 778 828 isto
803 780 944 827 luceat
964 780 1066 841 igne
1090 789 1239 842 rogus.

324 860 489 909 Nubite
509 857 676 915 felices,
701 858 837 904 Parca
860 855 1059 914 meliore,
1085 874 1259 904 sorores
1279 876 1290 903 :
1659 867 1733 904 ’τοῦ

388 935 584 985 Admissi
604 952 819 982 memores
843 932 919 981 sed
943 944 1086 980 tamen
1110 944 1200 980 este
1223 932 1320 980 mei.
1645 935 1649 939 “

325 1014 448 1080 Quid
470 1032 582 1079 puer
605 1011 798 1068 admisit,
825 1022 912 1058 tam
934 1010 1084 1075 paucis
1103 1010 1246 1057 editus
1269 1009 1424 1057 horis?

390 1091 494 1154 Quo
519 1089 629 1137 laesit
648 1088 786 1144 facto,
806 1086 878 1134 vix
899 1087 1012 1134 hene
1032 1098 1184 1144 natus,
1211 1087 1372 1134 avum?

321 1169 370 1217 Si
388 1167 538 1234 potuit
559 1165 768 1213 meruisse
790 1182 961 1221 necem,
987 1164 1196 1212 meruisse
1213 1175 1405 1229 putetur.

387 1246 480 1294 Ah!
506 1244 638 1293 miser
661 1242 850 1290 admisso
874 1240 1083 1307 plectitur
1103 1239 1175 1288 ille
1192 1242 1316 1288 meo!
1652 1242 1731 1290 'no

322 1326 457 1380 Nate,
484 1320 613 1369 dolor
634 1319 807 1375 matris,
832 1317 1080 1383 rapidamm
1102 1316 1249 1383 praeda
1270 1316 1480 1374 ferarum,
1535 1321 1537 1323 “

387 1399 474 1447 Hei
497 1397 627 1445 mihi!
655 1394 790 1443 natali
809 1393 1036 1443 dilacerate
1061 1405 1164 1441 tuo:

365 1537 420 1572 99.
432 1524 498 1556 His
507 1534 582 1556 mea
592 1515 777 1554 muneribus
791 1525 855 1554 etc.
871 1519 992 1564 Apos-

320 1575 458 1621 trophe,
471 1581 506 1607 et
520 1572 718 1607 exclamatio
729 1568 876 1605 dolentis
890 1570 992 1606 simul

321 1635 356 1663 et
371 1625 592 1672 indignantis.
610 1642 653 1649 -—
675 1625 846 1657 connubia
868 1625 992 1656 donare

320 1680 505 1715 muneribus
516 1703 524 1716 ,
545 1675 664 1709 dubito
677 1674 793 1717 valde,
813 1687 856 1708 an
869 1674 990 1708 Latine

323 1731 475 1768 dicatur,
504 1735 563 1761 aut
578 1727 620 1761 sit
639 1738 701 1771 pro
725 1725 897 1760 ovidiana
914 1726 991 1759 ele—

324 1795 387 1828 gan
393 1782 457 1815 tia:
468 1781 556 1814 forte
566 1777 758 1824 legendum⁴
769 1780 887 1822 dotas;
895 1776 994 1823 *quod

323 1832 503 1881 sequentia
517 1830 747 1866 confirmant:

358 1888 418 1912 Hac
430 1893 474 1912 tua
488 1886 564 1918 dote,
575 1891 646 1917 pater
654 1903 662 1914 ,
675 1885 726 1909 filia
739 1884 811 1909 dives
821 1884 888 1908 erit?

371 1949 443 1971 101.
461 1937 554 1969 Tolle
557 1936 678 1977 procul
684 1935 827 1976 decepte.
840 1932 920 1966 Hoc
931 1938 993 1975 est,

325 1988 379 2023 abi
386 1987 483 2030 binc,
500 1986 696 2032 Hymenaee
708 1983 848 2028 decepte
863 1997 871 2024 ;
887 1982 921 2017 id
931 1989 994 2026 est,

327 2040 386 2086 qui
403 2046 570 2083 tanquam
591 2036 632 2070 ad
653 2036 765 2070 felices
788 2035 925 2080 nuptias
940 2048 995 2069 ve-

323 2105 427 2128 neras
437 2103 517 2125 cum
531 2088 614 2131 tuis,
626 2087 693 2121 hoc
706 2095 756 2122 est
766 2114 775 2131 ,
789 2087 995 2132 nuptiaIIbus

324 2153 360 2180 et
369 2144 521 2179 felicibus
532 2141 627 2185 taedis
638 2155 647 2182 ς
660 2147 694 2174 et
703 2140 888 2174 succedant
896 2140 996 2174 Erin-

325 2210 410 2244 nyes
421 2222 430 2239 ,
443 2208 524 2230 cum
539 2194 620 2228 atris
636 2200 670 2228 et
685 2193 844 2227 feralibus
854 2193 993 2235 facibus,

324 2248 490 2294 quoniam
505 2246 561 2280 hic
576 2246 663 2280 circa
680 2251 831 2279 mortem
843 2251 876 2278 et
892 2245 994 2278 funus

322 2300 518 2334 laboramus
532 2324 541 2342 ,
567 2310 640 2331 non
657 2297 746 2331 circa
760 2295 896 2341 nuptias
908 2322 918 2339 ,
936 2303 994 2330 aut

316 2364 378 2389 tres
395 2350 518 2384 felices.
536 2349 672 2383 MICYL.

371 2402 442 2436 103.
459 2401 561 2436 Atrae.
586 2400 732 2434 Mallem
752 2402 861 2440 atras,
886 2405 925 2433 ut
939 2403 994 2433 in-

315 2454 459 2499 faustas
471 2453 553 2487 dixit
567 2452 631 2497 Ep.
648 2463 684 2485 v1
695 2478 704 2494 ,
724 2452 765 2495 46
775 2478 784 2494 ,
801 2458 836 2486 et
848 2452 992 2496 Stygias.

327 2505 443 2539 Valet.
465 2504 554 2539 Flac.
575 2514 626 2546 11,
659 2503 741 2548 173³
768 2510 802 2536 et
823 2502 908 2536 Stat.
930 2512 968 2535 lv
983 2527 992 2544 ,

325 2556 438 2590 Theb.
452 2556 512 2589 133
525 2556 707 2589 :Furiarum
718 2555 871 2598 lampade
881 2556 993 2597 nigra,-

325 2615 360 2641 et
380 2607 498 2651 facem
525 2610 633 2640 altam
660 2606 822 2651 Virgilius
855 2617 992 2649 quoque

326 2658 424 2701 dixit,
442 2670 462 2691 x
473 2685 482 2702 ‚
498 2657 637 2692 AEneid.
652 2671 710 2702 77;
726 2657 904 2699 Lucan.11,
919 2656 993 2690 301.

326 2709 445 2744 Furias
472 2717 588 2744 tamen
619 2709 705 2752 ipsas
726 2710 870 2752 μελαινάς
896 2714 994 2741 vocat

329 2760 480 2807 AEschyl.
494 2761 688 2805 Agamemn
703 2761 783 2805 4703
797 2771 866 2803 quo
877 2758 993 2795 alludit

329 2811 454 2848 Cicero
468 2812 505 2847 in
524 2811 640 2848 Vatin.
659 2812 707 2846 13.
723 2811 850 2847 BURM.

1059 1515 1061 1517 ¹
1103 1518 1175 1552 106.
1186 1517 1344 1552 Admzksi
1351 1520 1425 1552 mei.
1435 1512 1578 1552 Ametcslae
1586 1519 1728 1555 meiPu-

1056 1577 1211 1613 teaneus,
1226 1578 1261 1605 et
1275 1570 1379 1605 etiam
1393 1571 1514 1606 in'aliis
1523 1566 1728 1616 quibusdam

1057 1628 1163 1655 exstat
1172 1620 1344 1656 codicibus
1355 1647 1364 1664 ,
1380 1629 1415 1656 et
1430 1621 1567 1668 videtur
1581 1624 1727 1668 probare

1057 1673 1099 1706 ad
1112 1672 1252 1707 Senecae
1264 1672 1429 1707 Medeam
1438 1673 1592 1708 Gronov.
1603 1686 1639 1718 v,
1653 1677 1728 1710 555.

1055 1741 1100 1750 —-·
1113 1724 1309 1758 Fatendum
1330 1732 1381 1759 est
1395 1737 1414 1758 a
1429 1725 1576 1760 lectione
1588 1728 1734 1761 admttrse·

1058 1772 1269 1822 m'eiprorsus
1286 1775 1439 1821 pendere
1460 1785 1665 1822 sequentem
1685 1778 1730 1813 il·-

1057 1829 1127 1863 lam
1137 1854 1146 1871 ,
1158 1827 1337 1862 tenerrimi
1347 1829 1488 1863 affectus
1498 1829 1636 1874 plenam
1647 1856 1656 1873 ‚
1669 1843 1730 1864 ex-

1059 1880 1313 1923 clamationem,
1325 1882 1493 1925 qut‘dpuer
1498 1883 1638 1917 admisi!
1645 1888 1708 1917 etc.
1718 1897 1728 1925 ;

1060 1939 1095 1966 et
1119 1931 1201 1966 hinc
1226 1932 1399 1977 vulgatam
1421 1934 1525 1968 etiam
1548 1934 1654 1970 tuitus
1678 1943 1731 1970 est

1060 1980 1157 2016 VJ).
1167 1982 1251 2017 Obs.
1263 1983 1405 2018 Miscell.
1415 1984 1480 2019 vol.
1492 1996 1530 2019 v1
1541 2011 1550 2029 ‚
1563 1991 1647 2019 tom.
1664 1996 1727 2030 111,

1058 2046 1133 2079 pag.
1148 2035 1221 2078 534.
1242 2034 1402 2070 Lemma

1106 2098 1119 2118 1
1125 2096 1178 2130 ⁰7·
1197 2086 1288 2127 Quid
1296 2099 1383 2130 puer
1392 2089 1560 2122 admt'u‘t...
1570 2101 1632 2133 quo
1642 2091 1732 2123 Iaest't

1049 2134 1152 2178 sacto
1167 2141 1230 2169 etc.
1251 2135 1299 2169 Hi
1311 2149 1427 2171 versus
1437 2163 1446 2180 ,
1463 2145 1500 2181 *et
1516 2138 1574 2182 qui
1589 2145 1726 2184 postea,

1060 2186 1103 2220 ad
1118 2200 1148 2220 v.
1159 2199 1267 2232 usque
1283 2190 1356 2231 124,
1375 2202 1416 2223 ex
1426 2190 1543 2224 animo
1554 2204 1634 2226 vere
1650 2204 1728 2226 ma—

1058 2244 1160 2271 terno
1171 2238 1330 2283 effluunt,
1346 2240 1442 2274 nullo
1457 2249 1633 2287 apparatu,
1645 2256 1729 2278 am-

1058 2289 1187 2324 bitione
1197 2290 1291 2324 nulla
1302 2291 1442 2326 infucati
1453 2307 1461 2334 ;
1475 2300 1523 2338 et,
1534 2294 1626 2339 quod
1636 2294 1727 2341 apud

1059 2342 1235 2376 Nasonem
1265 2343 1478 2378 rarissimum
1493 2371 1503 2388 ,
1538 2345 1652 2381 nullus
1673 2346 1729 2383 hic

1058 2402 1169 2438 poetae
1184 2394 1277 2430 locus
1291 2410 1299 2436 ;
1317 2403 1431 2430 totum
1441 2403 1554 2431 mater
1565 2405 1706 2443 occupat
1718 2412 1727 2440 ;

1059 2446 1182 2490 quibus
1196 2447 1385 2492 exagitatur
1399 2461 1534 2492 sensus,
1550 2449 1586 2483 in
1602 2449 1729 2494 legen-

1058 2499 1146 2532 tium
1178 2499 1310 2534 animos
1335 2500 1462 2534 sensim
1491 2499 1641 2534 infundit
1656 2526 1666 2543 ‚
1693 2509 1730 2536 et

1058 2549 1214 2584 lacrimas
1228 2551 1283 2584 vel
1295 2551 1336 2585 ab
1347 2551 1410 2586 illis
1421 2551 1511 2586 elicit
1522 2577 1532 2595 ,
1551 2551 1608 2596 qui
1619 2552 1656 2586 in
1668 2565 1729 2586 no-

1058 2608 1197 2636 centem
1224 2604 1388 2637 acerrime
1422 2609 1521 2638 erant
1548 2603 1728 2640 invecturi.

1060 2654 1196 2688 Eodem
1226 2655 1333 2689 animi
1369 2656 1493 2691 affectu
1517 2667 1621 2690 senex
1650 2657 1705 2691 ille
1716 2684 1727 2701 ,

1059 2705 1149 2750 apud
1162 2706 1243 2741 Luc.
1258 2706 1376 2741 Phars.
1387 2718 1415 2741 11
1426 2734 1435 2751 ,
1457 2707 1517 2741 108
1530 2732 1539 2751 ,
1552 2707 1729 2744 Marianas

1058 2757 1167 2792 caedes
1181 2770 1363 2792 renarrans
1375 2770 1384 2789 τ

1058 2815 1170 2840 Crimine
1180 2824 1232 2850 quo
1241 2816 1315 2850 parvi
1323 2816 1416 2843 caedem
1425 2821 1530 2850 potuere
1539 2817 1644 2843 mereri!
