1884 3112
415 709 844 769 EPISTOLAE
891 713 1573 776 DECIMAE-SEXTAE

743 858 1267 904 ARGUMENTUM.

342 995 565 1035 Honor-ifice
578 1009 599 1035 a
614 996 787 1037 Menelao
803 1005 976 1051 exceptus
988 999 1105 1050 Paris,
1125 1000 1191 1052 qui
1208 1015 1249 1040 ea
1264 1009 1390 1041 mente
1404 1001 1573 1056 Spartam
1591 1001 1705 1043 deve-

291 1073 396 1122 nerat
407 1095 419 1114 ‚
452 1074 496 1104 ut
519 1066 700 1105 Helenam
717 1081 844 1107 secum
858 1067 1056 1108 abduceret
1067 1098 1079 1120 ‚
1092 1069 1252 1123 hospitis
1264 1069 1427 1111 absentia
1438 1100 1450 1121 ‚
1467 1080 1533 1111 aut
1546 1071 1674 1125 potius
1693 1101 1706 1122 ‚

288 1143 335 1173 ut
361 1135 412 1174 ait
424 1164 436 1184 ‚
463 1135 703 1187 simplicitate
726 1137 849 1176 utitur
864 1166 877 1187 ‚
908 1145 952 1176 ut
984 1152 1088 1177 suam
1117 1139 1172 1177 illi
1210 1153 1369 1179 uxorem
1398 1140 1584 1194 surripiat.
1627 1140 1703 1181 Cui

291 1204 443 1257 quidem
458 1234 469 1254 .,
498 1214 543 1244 ut
570 1220 648 1258 quo
675 1206 765 1246 velit
790 1206 947 1247 adducat
970 1208 1113 1249 facilius
1127 1238 1139 1258 ‚
1163 1209 1258 1250 hanc
1272 1210 1386 1249 mittit
1408 1210 1616 1264 Epistulam
1631 1240 1644 1262 ‚
1661 1211 1703 1252 in

288 1288 364 1325 qua
381 1274 473 1312 nihil
492 1289 536 1314 ex
554 1275 597 1314 iis
616 1275 792 1316 omnibus
806 1305 818 1327 ‚
836 1292 920 1330 quae
935 1277 1100 1317 animum
1121 1277 1303 1319 labantem
1319 1280 1482 1332 primum
1493 1280 1703 1334 impellere,

287 1344 502 1383 Menelaum
524 1345 659 1385 sensim
678 1345 829 1386 abolere
846 1375 859 1396 ‚
888 1347 947 1387 vel
964 1348 1073 1387 etiam
1089 1348 1315 1389 incriminari
1329 1379 1341 1399 ‚
1359 1349 1583 1403 tandemque
1601 1349 1702 1390 illius

288 1414 328 1452 in
348 1414 475 1454 locum
494 1415 662 1467 Paridem
685 1416 808 1475 ipsum
836 1416 1063 1457 substituere
1077 1419 1224 1472 possint
1236 1448 1248 1469 ‚
1273 1433 1353 1459 non
1367 1433 1510 1459 summa
1524 1434 1610 1459 cum
1623 1428 1701 1460 arte

285 1491 469 1522 tentatum
479 1484 600 1524 lector
608 1485 885 1525 animadvertat.
899 1487 990 1535 Quo
1002 1495 1126 1526 autem
1133 1502 1320 1538 successu,
1331 1502 1391 1528 res
1405 1489 1483 1542 ipsa
1492 1488 1700 1529 declaravit.

284 1552 518 1592 Dubitarunt
542 1562 665 1594 tamen
694 1555 871 1594 nonnulli
894 1570 941 1594 an
957 1556 1036 1595 haec
1051 1585 1062 1606 ‚
1087 1565 1128 1595 et
1151 1571 1237 1609 quae
1261 1565 1474 1610 sequuntur
1490 1549 1700 1612 Epistolae,

288 1636 375 1662 vere
400 1623 476 1662 sint
506 1623 700 1664 ovidianae
715 1654 727 1674 ‚
759 1638 806 1664 eo
826 1626 1031 1678 praesertim
1060 1634 1284 1680 argumento
1323 1627 1408 1666 freti
1423 1656 1435 1676 ‚
1474 1627 1580 1679 quod
1607 1627 1697 1667 dum

287 1693 502 1732 Heroidum
517 1694 705 1747 Epistulas
720 1695 862 1741 Noster
883 1703 1050 1733 recenset
1064 1695 1183 1745 (Am.
1201 1706 1233 1734 ΙΙ
1245 1724 1257 1745 ,
1278 1695 1341 1735 El.
1354 1706 1464 1735 XVIII
1474 1724 1485 1744 ‚
1504 1710 1551 1735 21
1565 1724 1577 1745 ‚
1591 1698 1696 1750 sqq.)

286 1777 335 1802 ne
352 1777 465 1802 unam
480 1763 631 1816 quidem
648 1771 832 1803 memorat
851 1778 872 1802 a
893 1763 977 1804 viro
1001 1765 1261 1819 conscriptam.
1279 1765 1358 1822 Sed
1379 1765 1695 1818 quemadmodum

286 1832 486 1872 nonnullas
510 1847 555 1872 ex
584 1833 655 1872 illis
682 1848 773 1885 quas
803 1833 939 1886 puellae
965 1834 1194 1887 scripserunt
1208 1863 1219 1884 ‚
1243 1834 1319 1874 illic
1341 1834 1548 1882 conticuit3
1582 1835 1633 1874 ita
1655 1843 1694 1876 et

285 1916 377 1954 quas
395 1903 542 1941 Heroes
555 1931 566 1948 .‚
585 1901 733 1941 silentio
751 1903 876 1956 potuit
890 1903 1093 1956 praeterire.
1107 1904 1202 1949 Satis
1217 1903 1332 1958 igitur
1347 1904 1395 1943 sit
1410 1903 1536 1954 nobis,
1550 1904 1691 1945 enitere

287 1971 349 2011 hic
377 1986 488 2024 quam
510 1972 667 2010 maxime
694 1970 879 2025 peculiare
905 1981 1029 2026 poetae
1057 1974 1251 2028 ingenium
1266 2002 1280 2029 2
1309 1974 1370 2014 cui
1393 1987 1517 2027 parem
1542 1973 1690 2014 nullum

282 2042 448 2081 invenias
464 2070 476 2091 ‚
505 2041 544 2079 in
566 2050 643 2080 arte
670 2056 782 2094 quam
807 2042 885 2095 ipse
907 2042 998 2081 dixit
1014 2044 1202 2081 amatoria
1215 2073 1231 2092 ,
1258 2058 1338 2083 non
1356 2052 1479 2083 autem
1503 2043 1690 2096 amandi,

286 2126 372 2164 quae
389 2111 502 2166 longe
517 2111 585 2150 alia
601 2118 657 2151 est
667 2140 679 2161 ‚
692 2125 767 2170 nec=
776 2112 847 2165 ipsi
862 2112 1001 2152 ovidio
1015 2142 1027 2163 ‚
1046 2119 1091 2151 ut
1107 2121 1278 2166 apparet,
1291 2129 1362 2154 usu
1384 2112 1478 2153 hene
1497 2113 1657 2169 cognita.
