1884 3112
301 290 389 319 200
426 270 428 272 ¹

784 276 1136 321 EPISTOLA
1166 279 1228 323 X.

299 366 627 434 Non-equidem
650 368 807 435 miror,
830 368 869 416 si
892 380 979 418 stat
1000 369 1184 418 victoria
1208 380 1352 419 tecum
1363 384 1380 429 ‚⁴

366 445 599 510 Strataque
613 445 836 494 'Cretaeam
857 443 1007 494 bellua
1029 446 1183 494 stravit
1204 446 1403 495 humum.

299 523 404 570 Non
430 534 637 588 poterant
659 522 736 585 figi
752 523 994 590 praecordia
1014 524 1152 573 ferrea
1175 544 1341 574 cornu:

366 600 431 645 Ut
454 609 497 647 te
521 616 615 646 non
640 610 830 661 tegereS‚
853 611 1031 666 pectore
1050 612 1174 650 tutus
1198 620 1305 650 eras.

303 675 400 723 Illic
425 687 474 723 tu
498 675 660 735 silices,
685 676 775 726 illic
800 677 1028 727 adamanta
1052 678 1221 728 tulisti:

365 752 489 812 Illic,
517 754 594 820 qui
617 754 781 815 silices,
806 756 997 815 Thesea,
1023 757 1191 816 vincat,
1210 757 1366 806 habes.

1637 778 1723 807 'no

302 830 519 880 Crudeles
543 833 709 891 somni,
737 833 845 900 quid
867 854 936 883 me
962 835 1165 883 tenuistis
1187 835 1402 883 inertem?

361 909 424 958 At
445 909 577 958 semel
601 923 761 960 aeterna
783 924 914 961 nocte
936 912 1174 979 premenda
1196 912 1274 960 fui.

296 988 389 1034 Vos
414 1005 612 1053 quoque,
637 987 835 1036 crudeles
859 990 1002 1046 venti,
1028 989 1301 1055 nimiumque
1323 988 1488 1055 parati,

361 1062 646 1130 Flaminaque
667 1064 715 1111 in
737 1064 935 1114 lacrimas
962 1066 1156 1115 officiosa
1177 1085 1320 1124 meas;

297 1140 489 1188 Dextera
514 1140 727 1199 crudelis,
755 1160 851 1208 quae
875 1161 944 1190 me
968 1141 1232 1209 fratremque
1254 1143 1449 1202 necavit3
1665 1157 1727 1191 115

364 1218 424 1265 Et
444 1217 545 1266 data
562 1218 785 1284 poscenti,
811 1238 975 1268 nomen
999 1220 1152 1278 inane,
1177 1219 1285 1268 fides
1307 1239 1318 1267 :

302 1365 428 1387 manus.
443 1353 526 1389 Non
536 1352 666 1388 damno
680 1354 771 1390 hanc
783 1354 980 1390 lectionem.

302 1401 396 1439 Vide
414 1411 531 1441 tamen
545 1432 555 1449 ‚
574 1419 620 1441 ne
641 1407 813 1452 scripserit
834 1406 981 1443 Ovidius

290 1458 360 1502 fila
376 1459 511 1491 relecta.
537 1457 654 1504 Auget
678 1458 911 1504 suspicionem
937 1459 981 1494 de

304 1508 436 1542 mendo
448 1535 457 1552 ‚
489 1509 583 1555 quod
599 1511 637 1545 in
662 1510 842 1546 nonnullis
862 1523 983 1546 exem-

302 1559 454 1603 plaribus
477 1562 730 1604 membraneis,
763 1574 828 1607 pro
847 1562 953 1608 glossa
970 1587 980 1606 ,

305 1611 516 1657 adscriptum
532 1620 584 1648 est
603 1616 754 1649 collecta.
783 1615 872 1649 Met.
887 1625 958 1650 vlu
970 1639 980 1657 ,

307 1663 386 1708 173,
405 1663 447 1698 de
466 1664 589 1699 eadem
605 1677 668 1700 re:

304 1718 389 1742 ,lanua
401 1718 569 1754 difficilisfilo
581 1724 619 1743 est
633 1719 738 1745 inventa
750 1719 853 1745 relecto.

308 1765 382 1800 Ubi
390 1768 516 1807 relicto,
521 1780 706 1813 perperam
712 1767 987 1803 scribebatur.H.

313 1822 316 1825 “
352 1817 425 1852 106.
442 1819 569 1852 Stravit
581 1821 722 1853 humum.
735 1819 794 1854 Sic
802 1818 887 1853 boni
898 1819 985 1853 libri.

308 1867 525 1915 Quanquam
539 1869 576 1904 in
585 1870 693 1906 MSS.
703 1878 804 1906 notet
813 1870 985 1906 Gruterus

308 1919 397 1966 legi:

339 1981 475 2013 six-amque
486 1981 608 2006 (Ji-etoeam
619 1981 707 2007 bellua
719 1981 797 2012 tinxit
809 1981 930 2006 humum.

303 2029 412 2064 Nobis
428 2035 545 2063 tamen
563 2029 726 2064 nondum
739 2029 894 2075 displicet
909 2029 984 2064 haec

303 2079 415 2114 lectio.
432 2080 530 2125 Quid
543 2082 586 2116 sit
602 2081 757 2127 pondere
771 2107 779 2124 ,
798 2087 856 2115 aut
872 2081 985 2121 mole,

303 2138 363 2165 aut
386 2131 542 2166 cadendo
554 2158 563 2176 ,
586 2137 735 2167 sternere
752 2135 899 2174 humum,
918 2144 989 2166 no-

306 2189 391 2217 runt
405 2209 414 2226 ,
449 2184 507 2228 qui
536 2185 661 2219 Poetas
689 2183 862 2218 viderunt.
892 2183 990 2217 DAN.

308 2235 446 2269 Hssms.
458 2254 503 2260 —
532 2238 651 2270 Tinxit
670 2238 800 2270 humum
826 2235 928 2269 multi
948 2247 990 2269 ex

306 2286 439 2331 scriptis
457 2296 464 2317 τ
480 2299 553 2321 non
570 2287 661 2321 male
674 2313 683 2331 ,
707 2294 747 2321 ut
764 2286 928 2321 schottus
951 2286 990 2320 in

309 2338 378 2371 suis
400 2337 535 2373 invenit
555 2338 612 2373 lib.
630 2349 659 2372 Π
674 2365 682 2381 ,
703 2339 848 2373 Observ.
870 2352 899 2374 c.
914 2348 990 2373 ΜΠ.

307 2391 470 2425 Retinuit
486 2391 662 2436 vulgatam
680 2390 803 2424 Burm.
816 2397 893 2424 tum
912 2390 992 2435 quia

309 2442 411 2487 plane
429 2442 644 2477 Ovidianum
659 2449 709 2477 est
721 2446 832 2476 strala
848 2445 990 2483 stravi&

312 2501 353 2528 ut
360 2497 495 2538 perdila
511 2507 553 2528 ne
563 2496 702 2538 perdam
719 2497 834 2534 timeo,
854 2500 889 2528 et
902 2492 993 2527 5»ἰωί-

313 2545 378 2587 lia;
403 2552 480 2579 tum
499 2546 578 2591 quia
603 2550 749 2580 siemere
772 2550 892 2580 terram
913 2545 992 2580 satis

317 2597 495 2642 eleganter
508 2604 544 2631 et
557 2597 696 2643 proprie
712 2597 779 2632 dici
795 2603 889 2642 pute.
911 2596 996 2631 Vir-

315 2648 371 2693 gil,
387 2659 457 2682 Vl11
470 2675 479 2692 ,
504 2649 645 2684 AEneid.
663 2662 726 2696 7¹9
743 2662 751 2683 z

313 2701 383 2726 Ante
395 2710 451 2726 aras
464 2710 563 2728 terram
577 2704 635 2728 caesi
647 2710 761 2728 stravere
773 2703 867 2736 juvenc

315 2750 542 2796 Quamquam
567 2751 615 2785 ibi
636 2751 779 2797 paulum
804 2750 868 2785 alio
891 2763 994 2785 sensu

313 2802 492 2848 capiatur5
516 2803 577 2837 sed
608 2802 898 2838 accommodatior
923 2803 996 2837 Ho-

1044 1361 1164 1405 ratius,
1179 1361 1296 1405 lib.1v,
1309 1359 1463 1403 Οᾱαῐιν,
1475 1372 1537 1407 29,
1550 1371 1591 1405 ex
1601 1370 1727 1394 emen-

1046 1414 1237 1449 datioribus
1252 1412 1489 1448 membranis:
1670 1422 1682 1430 ⁹

1080 1475 1119 1499 Ut
1130 1475 1300 1500 barbarorum
1311 1472 1435 1499 Claudius
1448 1471 1550 1505 agmina

1079 1524 1184 1549 Feri-ata
1195 1528 1268 1548 vasto
1279 1522 1363 1547 diruit
1373 1522 1474 1555 impetu
1482 1539 1492 1553 ,

1079 1571 1232 1604 Primusque
1242 1576 1268 1595 et
1278 1575 1407 1595 extremos
1417 1569 1537 1595 metendo

1080 1620 1180 1644 Stravit
1189 1619 1317 1652 humum,
1329 1618 1384 1643 sine
1397 1618 1468 1643 clade
1481 1618 1575 1643 victor.
1591 1618 1694 1644 Banu.

1095 1679 1166 1713 107.
1185 1668 1302 1701 Cornu.
1327 1666 1383 1700 De
1402 1666 1597 1700 Minotauri
1614 1679 1728 1701 cornu

1049 1718 1214 1764 accipitur
1229 1725 1334 1753 recte.
1351 1718 1439 1753 Stat.
1450 1729 1515 1752 ΧΠ.
1526 1717 1638 1752 Theb.
1647 1718 1732 1763 670:

1048 1777 1222 1812 Alteriusque
1234 1786 1326 1802 manus
1335 1778 1436 1803 circum
1446 1782 1472 1802 et
1481 1776 1580 1802 nodosa
1590 1776 1714 1809 ligantem

1048 1825 1156 1853 Brachia
1167 1845 1175 1858 ‚
1192 1831 1218 1851 et
1230 1826 1343 1851 abducto
1354 1825 1481 1851 vitantem
1494 1833 1591 1849 comm
1602 1824 1690 1850 vultu.

1053 1877 1162 1910 Cornu
1186 1887 1251 1920 pro
1277 1886 1360 1908 arcu
1383 1873 1569 1908 habuimus
1583 1897 1595 1916 ,
1623 1871 1734 1917 Epist.

1050 1937 1091 1963 ιν
1103 1953 1113 1971 ,
1141 1927 1194 1974 39.
1218 1927 1329 1961 Imm.

1099 1978 1171 2012 108.
1210 1979 1259 2012 Ut
1282 1981 1316 2011 te
1343 1989 1410 2011 non
1433 1980 1570 2020 legeres.
1597 1974 1734 2010 Douzae

1052 2029 1159 2064 codex
1174 2036 1209 2064 et
1225 2036 1294 2063 tres
1309 2028 1386 2072 alii,
1402 2026 1446 2062 ul
1457 2032 1516 2062 tua
1527 2040 1594 2062 non
1605 2031 1733 2072 legeres

1047 2085 1211 2126 pectora‚·
1235 2080 1330 2126 quod
1353 2080 1408 2114 ille
1425 2080 1559 2125 probat.
1575 2098 1621 2105 —
1640 2080 1689 2113 Ut
1701 2083 1737 2114 le

1052 2145 1119 2167 non
1133 2136 1278 2176 tegeres,
1289 2135 1425 2176 pectore
1439 2135 1532 2165 tutus
1546 2143 1632 2166 eras.
1648 2130 1736 2165 Mu-

1047 2184 1167 2218 nierat
1180 2191 1214 2218 te
1224 2183 1302 2218 satis
1313 2181 1475 2218 adversus
1489 2182 1734 2218 Minotaurum

1052 2235 1157 2269 ferrei
1184 2234 1332 2280 pectoris
1374 2234 1516 2269 durities
1534 2260 1545 2280 ,
1579 2233 1735 2280 quamvis

1054 2285 1143 2321 nihil
1164 2285 1302 2321 aliunde
1319 2286 1356 2320 in
1372 2299 1488 2332 pugna
1505 2291 1714 2332 protegeret.

1101 2350 1174 2385 ¹⁰9·
1200 2340 1278 2372 Illic
1294 2342 1330 2372 tu
1351 2338 1483 2379 silae-5,
1506 2340 1592 2372 illic.
1615 2337 1675 2373 Sic
1693 2348 1735 2370 ex

1053 2389 1324 2436 castigatioribus
1334 2402 1466 2436 repone
1478 2397 1627 2434 utroque
1639 2388 1734 2423 loco:

1054 2442 1214 2488 proximo
1229 2454 1333 2476 versu
1348 2444 1478 2476 silicem
1498 2439 1658 2476 nonnulli
1669 2464 1680 2483 ,
1698 2444 1736 2472 et

1056 2494 1177 2539 placet.
1201 2493 1334 2529 Hunis.

1104 2559 1116 2579 1
1126 2558 1175 2579 1-1.
1210 2546 1303 2588 Quid
1309 2557 1368 2578 me.
1382 2542 1575 2590 Naugerius
1585 2540 1736 2576 malebat

1056 2599 1116 2642 qui
1137 2609 1147 2630 ,·
1172 2595 1266 2641 quod
1294 2595 1464 2630 Gronovii
1475 2621 1485 2639 ,
1515 2592 1646 2628 RIoreti
1659 2618 1670 2636 ‚
1698 2597 1735 2625 et

1057 2654 1216 2693 excerpta
1224 2647 1401 2682 Gallicana
1409 2645 1634 2682 confirmant:
1643 2657 1734 2679 unus

1058 2699 1235 2734 Palatinus
1248 2725 1258 2743 ‚
1276 2712 1341 2733 cur.

1106 2765 1118 2784 1
1129 2765 1140 2785 1
1148 2765 1176 2784 2.
1189 2751 1382 2784 premenda.
1391 2750 1548 2784 Tenenda
1555 2760 1646 2784 unus
1655 2748 1734 2783 Mo-

1059 2802 1143 2846 reti3
1164 2809 1202 2836 ut
1218 2802 1261 2837 sit
1282 2802 1441 2847 repetitio
1458 2801 1540 2836 :sed
1565 2800 1735 2836 efficacius
