1884 3112
329 213 385 255 30

784 220 1140 267 EPISTOLA
1187 189 1279 269 11.'

324 305 451 364 Jura,
474 304 604 366 fides,
628 307 708 357 ubi
731 328 869 369 nunc,
895 314 1211 381 commissaque
1234 318 1408 369 deXtera
1432 321 1613 384 dextrae;

389 382 568 449 Quique
592 396 683 432 erat
704 385 751 432 in
774 385 884 435 salso
908 387 1124 454 plurimus
1149 410 1222 441 ore
1243 393 1394 444 Deus?

322 455 570 507 Promissus
594 461 737 509 socios
760 462 841 518 ubi
862 482 980 513 nunc
1004 466 1268 532 Hymenaeus
1291 470 1338 518 in
1362 490 1520 533 annos,

385 534 478 597 Qui
499 535 608 582 mihi
633 537 827 602 conjugii
851 558 1041 606 sponsor
1062 554 1106 591 et
1130 544 1260 593 obses
1285 549 1405 595 erat?

320 607 404 656 Per
425 628 563 670 mare,
591 612 711 678 quod
735 625 877 664 totum
899 619 1040 667 ventis
1062 621 1252 683 agitatur
1274 635 1318 671 et
1339 624 1491 683 undis;
1686 640 1730 677 35

384 685 470 733 Per
494 687 614 752 quod
637 707 751 756 saepe
775 691 906 753 ieras,
931 713 1012 760 per
1035 697 1157 762 quod
1179 699 1322 748 iturus
1346 720 1465 759 eras3

320 760 491 828 Perque
515 775 640 813 tuum
662 766 771 815 mihi
790 769 966 834 jurasti,
991 773 1078 821 nisi
1099 773 1227 823 fictus
1251 787 1296 825 et
1317 776 1390 825 ille
1414 789 1501 836 est,

385 839 569 889 Concita
593 843 669 908 qui
692 845 832 905 ventis
855 866 1031 914 aequora
1053 850 1235 911 mulcet,
1261 873 1410 912 avum3

317 915 402 963 Per
422 917 658 979 Venerem,
682 922 954 992 nimiumque
976 927 1086 976 mihi
1108 928 1310 979 facientia
1332 931 1437 989 tela,

313 1082 348 1110 et
378 1076 640 1113 similitudinem
660 1081 787 1117 meriti.
807 1081 864 1117 Sic
889 1083 985 1119 Suet.

315 1127 357 1162 C.
376 1127 463 1163 Caes.
478 1129 530 1163 61.
548 1144 566 1160 «
584 1130 686 1176 Equo
702 1133 875 1178 utebatur,
887 1137 986 1180 cujus

314 1184 425 1215 instar
440 1193 504 1226 pro
529 1181 602 1216 aede
634 1184 783 1219 Veneris
817 1188 991 1231 genitricis

313 1239 431 1278 postea
438 1233 607 1269 dedicavit
618 1249 647 1269 ».
662 1234 708 1270 Et
718 1236 839 1282 Virgil.
849 1238 990 1275 AEneid.

314 1295 373 1328 vl,
392 1284 455 1318 865
470 1298 479 1320 ε

443 1362 452 1369 .
464 1362 471 1370 .
485 1363 492 1370 .
513 1346 648 1378 Quantum
663 1347 745 1371 instar
755 1348 782 1372 in
796 1348 853 1381 ipso
864 1351 920 1374 est!

354 1394 408 1428 31.
430 1395 531 1434 Jum,
545 1395 640 1439 fides
653 1397 715 1429 ubi
725 1397 842 1431 nunc?
865 1397 988 1432 Hein-

309 1446 378 1480 sius
395 1445 544 1480 malebat
557 1472 566 1489 ,
574 1446 661 1490 jura
663 1448 820 1492 fidesque
832 1451 893 1482 ubi
900 1454 988 1483 sunl.

309 1499 347 1533 in
365 1497 646 1532 Francosurtensi
662 1505 755 1542 erat,
772 1501 859 1533 Jum
870 1527 877 1540 ‚
891 1503 987 1545 fides

309 1553 371 1584 ubi
385 1553 465 1584 sunt
477 1549 497 1583 ,Ρ
517 1548 576 1583 sed
601 1551 662 1583 ubi
678 1562 766 1584 nunc
787 1550 985 1597 elegantius.

310 1603 440 1637 BURM.
457 1601 516 1635 Sic
531 1600 625 1635 Dido
642 1601 832 1647 Virgiliana
846 1629 856 1647 ,
873 1603 911 1637 in
923 1617 985 1638 eo-

311 1654 393 1688 dem
406 1654 479 1688 sere
490 1665 611 1687 rerum
621 1653 764 1688 articulo
772 1680 782 1698 ,
800 1654 964 1690 exclamat
973 1682 983 1700 ,

310 1707 394 1741 AEn.
409 1717 449 1741 lv
458 1732 468 1750 ,
487 1707 568 1752 597:

470 1783 476 1790 .
485 1782 492 1790 .
502 1782 509 1789 .
530 1766 574 1790 En
585 1765 690 1796 dextra,
707 1766 833 1800 fidesque!

308 1816 597 1858 -Comm‘ssaque
604 1815 743 1848 dextera
750 1816 885 1849 deaelrae.
893 1815 983 1851 Dex-

305 1875 398 1901 tram
420 1879 501 1901 cum
522 1865 664 1911 alicujus
685 1865 805 1901 dextra
825 1869 982 1913 conjun-

304 1919 389 1954 xisse
422 1925 563 1964 pactum
593 1924 668 1952 erat
699 1918 790 1963 apud
818 1926 952 1955 veteres
970 1947 979 1965 ,

304 1971 403 2016 cujus
422 1969 626 2015 religionem
649 1982 755 2004 nemo
778 1983 878 2007 ausus
894 1979 982 2006 esset

305 2023 454 2064 violare3
485 2022 608 2067 cuique
631 2035 672 2055 ea
694 2021 779 2057 fides
801 2022 980 2058 adhibeba-

305 2082 364 2109 tur
379 2100 389 2118 ,
423 2080 461 2107 ut
479 2073 557 2108 satis
579 2074 683 2108 suerit
709 2074 851 2108 Priamo
869 2101 879 2119 ,
911 2088 980 2120 quo

305 2126 403 2161 omni
437 2132 536 2159 metu
571 2132 606 2159 et
641 2125 832 2170 suspicione
867 2127 981 2162 solve-

305 2185 421 2222 retur,
449 2189 547 2212 suam
568 2176 615 2210 illi
631 2176 787 2211 dextram
807 2177 978 2212 Achillem

300 2228 527 2276 protendisse.
543 2228 572 2262 Il
588 2237 631 2265 Ω.
648 2228 723 2274 671.

345 2283 398 2316 32.
431 2283 556 2326 Quique
571 2284 647 2314 erat
664 2281 806 2325 insulso
816 2284 977 2326 plurimus

300 2348 357 2370 ore
370 2335 475 2368 Deus.
486 2332 582 2367 Deos
595 2345 717 2367 omnes
730 2333 879 2379 intellige
891 2346 976 2379 quos

300 2393 403 2421 testes
409 2384 551 2420 vocabat
557 2383 791 2429 Demophoon
800 2392 974 2430 perpetuae

301 2451 383 2483 erga
400 2443 577 2471 amantem
594 2435 686 2471 fidei.
702 2436 776 2471 Nec
792 2437 839 2470 ita
855 2443 972 2471 tamen

299 2489 494 2534 respuenda
510 2488 627 2534 opinio
639 2514 648 2532 ,
675 2501 750 2533 qnae
766 2502 829 2533 per
843 2490 951 2524 Deum
962 2516 971 2533 ,

302 2540 515 2586 Cupidinem
529 2541 796 2585 interpretatum
815 2547 849 2575 et
858 2543 973 2584 pluri-

298 2606 384 2626 mum
407 2593 513 2626 refert
534 2591 577 2626 ad
599 2591 765 2637 promissa
792 2604 970 2637 saepe1sae-

298 2645 373 2689 pius
390 2643 468 2677 data
480 2643 655 2690 Phyllidos
670 2656 864 2689 numquam
877 2643 970 2678 dese-

298 2695 426 2729 rendae.

341 2747 392 2781 33.
405 2749 614 2793 Hymenaeus.
631 2746 756 2782 Bacchi
773 2754 807 2782 et
819 2746 966 2785 Veneris

1051 1086 1159 1131 filius,
1183 1089 1385 1135 nuptiarum
1407 1092 1524 1136 Deus,
1548 1094 1611 1129 sub
1627 1096 1726 1139 cuius

1050 1140 1194 1175 nomine
1209 1146 1319 1176 socios
1333 1157 1456 1185 annos,
1475 1144 1511 1179 id
1527 1153 1577 1180 est
1593 1147 1724 1192 conju-

1052 1191 1097 1235 gii
1126 1193 1325 1228 societatem
1354 1196 1559 1241 promiserat
1580 1197 1724 1232 Demo-

1051 1241 1180 1288 phoon.

1095 1294 1147 1338 34.
1170 1296 1331 1339 Sponsor,
1365 1300 1470 1333 obses.
1503 1300 1648 1344 Sponsor
1672 1309 1723 1335 est

1051 1345 1110 1390 qui
1131 1360 1234 1381 suum
1262 1361 1394 1383 nomen
1417 1363 1480 1395 pro
1506 1350 1618 1386 alieno
1639 1351 1697 1387 dat
1714 1367 1722 1387 :

1049 1400 1163 1440 obses,
1183 1400 1242 1445 qui
1257 1413 1292 1435 se
1308 1401 1422 1446 ipsum
1437 1401 1542 1438 tradit
1555 1415 1619 1449 pro
1635 1403 1722 1439 datae

1049 1448 1130 1484 fidei
1147 1452 1301 1497 pignore.
1317 1452 1404 1488 Gall.
1417 1458 1559 1498 garant,
1577 1459 1687 1499 olage.

1092 1501 1143 1547 37.
1166 1505 1292 1549 Perque
1314 1509 1404 1539 tuum
1424 1506 1722 1551 mibijumsffetc.

1048 1553 1255 1599 Neptunum
1299 1556 1461 1602 intellige.
1513 1558 1583 1593 Hie
1625 1559 1720 1594 enim

1048 1605 1175 1641 Thesei
1190 1614 1288 1652 pater
1299 1607 1448 1643 creditus
1462 1609 1536 1643 suit.
1547 1627 1592 1636 ·—-
1605 1611 1722 1645 Fi‘clus

1047 1658 1183 1703 praetuli
1195 1672 1277 1693 cum
1292 1659 1511 1695 Burmanno.
1525 1661 1649 1707 Neque
1666 1669 1721 1697 ta-

1046 1722 1130 1744 men
1161 1723 1242 1745 vera
1270 1724 1341 1746 esse
1371 1724 1445 1746 non
1475 1719 1588 1758 potest
1613 1713 1720 1749 altera

1045 1761 1276 1807 plurimarum
1293 1763 1596 1809 membranarum,
1622 1759 1720 1812 prisss

1045 1827 1233 1859 carumque
1244 1814 1437 1849 editionum
1446 1815 1546 1851 lectio
1556 1842 1566 1861 ‚
1576 1817 1717 1861 salsum

1045 1879 1085 1900 ea
1094 1866 1262 1901 nimirum
1274 1867 1521 1913 significatione
1533 1894 1543 1911 ,
1557 1881 1625 1914 qua
1636 1869 1720 1903 Me-

1044 1925 1127 1952 tam.
1149 1930 1187 1953 1x
1205 1945 1214 1962 ‚
1246 1920 1289 1963 24
1310 1932 1318 1953 ε
1342 1921 1480 1964 Jupiter
1504 1924 1567 1954 aut
1585 1929 1718 1956 FALsus

1036 1973 1141 2014 paler
1153 1972 1309 2005 Iler-culis·
1329 1978 1412 2015 etc.‚
1438 1971 1602 2015 utfalsus
1621 1971 1716 2006 idem

1042 2029 1142 2056 notet
1159 2024 1317 2068 acfictus.
1332 2040 1376 2048 —
1390 2023 1491 2064 Ni'sty·
1511 2021 1644 2057 dubitat
1660 2023 1716 2058 ad-

1041 2073 1110 2108 huc
1131 2073 1262 2121 Phyllis
1283 2080 1402 2108 utrum
1424 2087 1531 2119 genus
1551 2087 1653 2108 suum
1675 2087 1716 2109 ex

1041 2125 1208 2170 Neptuno
1231 2138 1311 2160 vere
1330 2125 1565 2171 Demophoon
1587 2126 1715 2172 praedi-

1039 2183 1164 2218 casset;
1180 2189 1223 2210 an
1234 2177 1322 2212 sorte
1332 2203 1341 2221 ‚
1353 2177 1439 2212 sicut
1448 2190 1603 2212 amorem
1609 2191 1713 2213 suum

1040 2240 1120 2274 erga
1142 2227 1313 2274 hospitam
1331 2255 1340 2272 ,
1374 2229 1519 2263 firmum
1541 2227 1712 2264 redeundi

1038 2279 1272 2325 propositum,
1296 2280 1427 2325 aliaque
1450 2281 1558 2316 multa
1574 2308 1584 2326 ‚
1607 2282 1654 2317 ita
1676 2287 1712 2316 et

1039 2332 1210 2378 originem
1225 2332 1319 2366 illam
1324 2331 1424 2377 salso
1439 2334 1605 2378 jactasset.
1648 2333 1687 2367 L.

1081 2384 1133 2431 39.
1145 2386 1350 2429 Nimiumque
1362 2387 1448 2419 mihi
1447 2384 1619 2430 facientia
1629 2387 1709 2420 tela.

1039 2433 1161 2470 Otiosa
1176 2443 1268 2471 certe
1279 2443 1313 2470 et
1328 2449 1536 2482 supervacua
1550 2436 1709 2482 repetitio

1036 2494 1089 2522 τοῦ
1110 2490 1179 2522 tela
1199 2489 1303 2534 possit
1318 2488 1437 2523 videri.
1461 2487 1586 2533 Scripti
1606 2500 1708 2522 non-

1036 2539 1122 2573 nulli
1131 2542 1222 2574 tella.
1230 2542 1342 2581 Bella,
1353 2540 1459 2575 codex
1467 2539 1707 2575 Franciscano-

1036 2603 1116 2624 rum
1134 2592 1331 2626 patavinus.
1345 2590 1450 2626 Unde
1466 2591 1622 2636 legebam
1632 2617 1641 2633 ,
1657 2594 1706 2626 ni-

1032 2646 1192 2688 miumque
1206 2644 1291 2677 mihi
1293 2643 1465 2688 facientia
1483 2644 1573 2677 belli.
1599 2643 1705 2679 Nunc

1032 2707 1114 2728 vero
1125 2694 1322 2730 recordatus
1334 2694 1583 2738 beacerecum
1599 2695 1703 2729 tertio

1030 2760 1109 2783 casu
1132 2747 1333 2792 frequenter
1355 2746 1396 2782 ab
1421 2745 1548 2782 Ovidio
1575 2746 1672 2792 jungi
1688 2772 1698 2790 ,
