1884 3112
520 291 838 337 ARIADNE
875 290 1168 339 THESEO.

1475 299 1555 357 195

122 386 218 436 Aut
239 402 356 435 mare
376 384 656 452 prospiciens
679 386 728 434 in
751 405 855 436 saxo
877 385 1038 450 frigida
1060 386 1179 444 sedi;

190 463 428 528 Quamque
454 460 567 528 lapis
591 462 740 521 sedes,
767 474 856 511 tam
878 462 992 531 lapis
1016 463 1115 530 ipsa
1137 463 1216 512 fui,
1514 480 1560 514 50

125 540 251 607 Saepe
275 550 424 587 torum
447 550 627 606 repeto,
655 540 734 607 qui
756 559 842 589 nos
864 552 1091 607 acceperat
1111 541 1293 601 ambos;

191 614 281 664 Sed
302 634 396 664 non
419 627 624 683 acceptos
647 616 929 665 exhibiturus
953 629 1058 666 erat.

127 696 189 743 Et
212 705 311 752 tua,
338 712 427 760 qua
447 712 655 760 possum,
680 713 765 761 pro
791 705 833 743 te
856 693 1041 756 vestigia
1064 705 1225 756 tango;

194 770 448 837 Strataque,
475 788 573 836 quae
595 766 807 820 membris
830 770 1060 837 intepuere
1085 771 1200 819 tuis:

128 847 370 906 Incumbo;
393 845 674 913 lacrimisque
698 858 797 895 toro
821 859 1027 896 manante
1050 846 1270 915 profusis,
1522 866 1565 901 55

196 925 466 984 Pressimus,
491 924 707 985 exclamo,
732 937 775 974 te
800 925 890 974 duo
913 945 922 974 :
942 925 1078 975 redde
1102 925 1228 975 duos.

130 1003 348 1054 Venimus
370 1002 460 1052 huc
480 1003 613 1052 ambo
637 1024 647 1052 :
668 1023 749 1052 cur
769 1022 864 1052 non
888 1002 1155 1052 discedimus
1174 1003 1339 1053 ambo?

195 1081 389 1140 Perfide,
413 1100 518 1148 pars
539 1082 705 1140 nostri,
731 1080 913 1140 lectule,
939 1081 1082 1147 major
1104 1082 1186 1130 ubi
1203 1083 1306 1131 est?

133 1159 261 1226 Quid
281 1159 469 1208 faciam?
491 1178 581 1226 quo
607 1158 704 1208 sola
726 1158 872 1208 ferar?
894 1171 1018 1208 vacat
1040 1159 1187 1209 insula
1211 1159 1346 1209 cultu.

197 1237 306 1288 Non
322 1236 556 1285 hominum
578 1236 730 1295 vide0,
754 1256 849 1285 non
869 1256 952 1300 ego
974 1236 1089 1286 facta
1110 1237 1266 1287 boum.
1524 1256 1569 1289 σο

136 1315 283 1365 Omne
307 1313 424 1363 latus
448 1325 573 1363 terrae
597 1314 737 1378 cingit
757 1333 875 1363 mare
896 1334 905 1362 :
925 1314 1072 1363 navita
1095 1333 1345 1382 nusquam;

201 1389 339 1440 Nulla
360 1409 441 1458 per
464 1391 695 1454 ambiguas
718 1391 885 1458 puppis
908 1391 1026 1440 itura
1047 1391 1153 1441 vias.

137 1468 277 1533 Finge
300 1467 396 1518 dari
419 1469 692 1536 comitesque
713 1469 848 1529 mihi,
876 1481 1144 1537 ventosque,
1170 1482 1420 1539 ratemque;

138 1612 306 1649 absumtis
324 1638 336 1658 ,
365 1612 563 1648 successisse
594 1612 756 1661 Hyantes
787 1618 824 1647 et

138 1665 262 1702 Aona,
287 1677 396 1711 usque
424 1664 469 1700 ad
492 1663 620 1700 Cadmi
639 1672 799 1710 tempora
810 1691 821 1709 ‚

138 1731 162 1754 a
182 1731 254 1765 quo
276 1716 410 1753 Thebae
424 1715 595 1762 conditae,
622 1717 682 1752 ubi
704 1723 822 1763 postea

135 1769 296 1807 Bacchus
308 1776 411 1806 natus
425 1782 434 1805 ι
451 1782 559 1816 quem
572 1769 628 1805 hic
641 1769 823 1819 Ogygiurn

136 1828 239 1859 vocat
253 1823 365 1858 Poeta
376 1848 386 1867 ,
403 1828 444 1857 ut
458 1821 666 1858 Phoroneos
681 1829 717 1857 et
732 1822 822 1857 Ina-

139 1874 236 1911 chios
246 1899 256 1919 ,
275 1874 424 1921 Argivos
438 1873 528 1909 alibi.
549 1874 690 1909 an.

182 1929 238 1962 50.
251 1927 423 1972 Quamque
433 1928 524 1972 Iapis
534 1928 643 1967 sedes,
655 1930 725 1960 lam
734 1928 825 1971 Iapzls·

137 1982 216 2024 ipsa
221 1978 293 2024 sui.
313 1977 528 2025 Expressisse
543 1977 683 2014 videtur
695 1977 825 2016 Catulli

139 2030 258 2066 locum
267 2057 278 2075 ,
293 2031 354 2066 ubi
367 2030 415 2066 ita
429 2036 501 2066 est:

140 2087 223 2112 sam
233 2091 263 2111 ut
272 2085 367 2118 effigie·
376 2085 531 2112 machmis
540 2085 666 2118 prospicit
675 2084 756 2111 Evoe.

186 2134 240 2170 53.
257 2135 310 2169 Et
322 2138 383 2169 tua
397 2147 468 2180 que
476 2146 624 2178 possum.
650 2134 726 2176 Qua
739 2145 825 2177 pos-

143 2198 231 2228 sum,
245 2185 375 2221 rectius
394 2185 612 2232 Argentinus
623 2211 633 2230 ‚
650 2198 732 2220 cum
748 2185 824 2221 Ju-

142 2238 212 2274 reti
224 2237 416 2285 Excerptis.

188 2290 242 2326 56.
257 2291 446 2326 Presstioeus
473 2290 674 2336 (exclamo)
691 2294 725 2325 le
738 2291 825 2325 duo.-

142 2343 245 2379 redde
265 2343 360 2377 duos.
391 2341 564 2389 Legerem
578 2345 660 2384 duo,
684 2349 723 2377 ut
737 2348 826 2377 esset

143 2391 255 2440 figura
281 2393 419 2440 plenior
434 2406 442 2429 :
459 2407 544 2428 nam
561 2402 597 2429 et
616 2397 682 2430 duo
698 2394 826 2440 legitur

141 2447 180 2483 in
191 2459 271 2482 casu
286 2445 479 2482 accusandi.
492 2447 590 2494 Virg.
606 2457 655 2481 x1.
666 2446 825 2483 AEneid.:

141 2503 168 2529 Si
177 2504 230 2528 duo
237 2507 360 2537 pratere-
369 2503 434 2528 tale·
440 2503 508 2528 {da
513 2503 616 2529 tulisset
622 2503 703 2528 Terra
710 2503 824 2529 vix-0³3.

141 2569 187 2578 —-
194 2553 316 2587 Redde
326 2554 421 2588 duos.
431 2551 541 2588 Dubii
555 2551 643 2587 nihil
658 2552 744 2598 quin
759 2554 827 2587 duo

142 2617 207 2652 pro
221 2607 308 2641 duos
320 2605 359 2640 in
375 2603 558 2641 accusandi
572 2617 653 2639 casu
670 2611 764 2639 recte
777 2604 826 2639 di-

142 2663 243 2692 catur
257 2670 265 2695 ε
280 2657 343 2693 sed
359 2657 466 2693 sensit
485 2657 595 2692 Poeta
611 2657 827 2693 numerosis-

143 2708 274 2754 aimus,
297 2715 333 2744 et
349 2709 410 2755 qui
431 2708 506 2744 auri
529 2708 748 2755 potissimum
762 2709 826 2744 in—

145 2760 270 2809 servit,
287 2759 371 2806 quid
386 2773 488 2807 grave
506 2767 542 2796 et
556 2761 675 2795 lectori
691 2761 827 2797 moles-

149 2817 227 2848 tum
240 2811 475 2860 redundaret,
492 2826 509 2850 e
524 2813 681 2852 viciniori
690 2821 742 2851 tot
753 2827 827 2850 ver-

888 1611 1018 1648 borum
1035 1609 1072 1646 in
1093 1625 1114 1646 o
1133 1611 1370 1647 desinentium
1390 1612 1575 1659 congerie:

1038 1689 1068 1697 ...
1089 1672 1230 1704 Exclamo,
1248 1678 1272 1698 te
1285 1673 1337 1698 dno
1351 1682 1358 1699 :
1370 1673 1446 1698 redde
1459 1674 1524 1700 duo·

888 1722 1016 1746 Venimus
1025 1721 1076 1746 huc
1088 1722 1164 1747 ambo
1174 1731 1182 1754 ς
1195 1730 1243 1746 eur
1251 1731 1304 1747 non
1311 1722 1470 1747 discedimus
1479 1722 1556 1748 ambo
1563 1724 1577 1747 ἶ)

891 1769 1002 1815 Quod
1017 1770 1269 1805 Burmannum
1290 1771 1416 1817 fugisse
1439 1772 1571 1816 miror,

889 1823 949 1867 qui
963 1830 1067 1868 poeta
1090 1823 1160 1868 ipse
1175 1849 1185 1867 ,
1214 1829 1248 1857 et
1265 1822 1410 1868 quidem
1433 1836 1507 1858 non
1526 1824 1575 1859 ita

888 1875 1182 1911 contemnendus.

933 1929 987 1974 59.
1022 1930 1095 1971 Quo
1110 1929 1186 1961 sola
1199 1928 1309 1972 ferar.
1329 1928 1589 1963 Siomelioress

891 1978 938 2014 Et
947 1981 1038 2013 culto
1051 1992 1115 2025 pro
1128 1982 1236 2022 cultu,
1254 1981 1466 2015 Puteaneus.
1484 1981 1576 2016 Fast.

889 2031 912 2067 l.
927 2043 960 2075 1,
987 2031 1051 2066 683
1069 2044 1076 2066 :

888 2091 964 2117 Neve
975 2099 1066 2124 graves
1079 2091 1158 2116 cultis
1172 2091 1285 2117 Cerealia
1296 2092 1363 2117 dona
1372 2111 1381 2124 ,
1397 2099 1500 2125 cavete,

922 2140 1036 2173 Agmine
1046 2140 1139 2165 laesuro
1148 2140 1340 2174 depopulentur
1354 2150 1425 2167 aves.
1451 2143 1558 2169 Hunn-

890 2189 974 2225 Non
996 2196 1115 2224 tamen
1134 2195 1220 2234 puto
1242 2191 1366 2225 cultum
1387 2198 1482 2227 recte
1507 2192 1576 2228 dici

890 2241 927 2275 in
944 2241 1130 2287 singulari,
1150 2240 1212 2278 sed
1236 2243 1319 2277 novi
1339 2255 1428 2289 saepe
1452 2257 1578 2280 occur-

890 2307 968 2328 rere
991 2294 1028 2328 in
1051 2293 1174 2339 plurali
1189 2297 1283 2329 culta
1298 2308 1308 2329 :
1325 2303 1361 2330 et
1382 2303 1573 2341 praeterea,

889 2346 917 2381 si
942 2346 1014 2391 jam
1042 2348 1132 2381 culto
1159 2346 1296 2391 admitti
1326 2356 1463 2394 posset,
1498 2362 1573 2384 non

890 2405 983 2432 recte
995 2405 1114 2432 tamen
1127 2398 1314 2443 diceretur,
1326 2403 1440 2435 insula
1449 2414 1573 2437 vacare

890 2453 980 2486 culto
994 2477 1002 2493 ,
1036 2463 1101 2496 pro
1123 2451 1222 2486 cultis
1252 2452 1362 2498 agris;
1389 2453 1449 2488 sed
1481 2457 1575 2489 cultu

872 2502 997 2548 *probe
1011 2529 1020 2547 ,
1045 2502 1081 2537 id
1097 2510 1148 2538 est
1163 2530 1172 2548 ,
1199 2504 1391 2541 colentium
1413 2518 1524 2540 manu
1539 2513 1575 2543 et

890 2568 1007 2601 opera.
1028 2555 1159 2591 BURM,

934 2606 988 2641 60.
1014 2608 1091 2641 Non
1108 2610 1275 2643 hominum
1289 2610 1405 2650 mide-o,
1431 2622 1499 2645 non
1514 2623 1576 2655 ego

880 2659 987 2704 sacta
1003 2661 1107 2694 boum.
1129 2660 1181 2695 Ex
1203 2660 1353 2695 Homeri
1379 2660 1505 2709 Odyss.
1526 2669 1572 2707 K,

891 2712 934 2759 98
943 2737 953 2757 ,
968 2710 1011 2746 de
1024 2711 1295 2760 Laestrygonum
1310 2713 1453 2759 regione
1469 2726 1479 2749 ε

890 2760 973 2802 ἔνθα
987 2769 1043 2810 μὲν
1061 2770 1124 2803 οὔτε
1140 2771 1233 2811 βοῶν,
1252 2764 1313 2806 εὖτ’
1329 2765 1445 2817 ἀνδρῶν
1459 2772 1578 2815 φαίνετο

981 2833 1064 2867 epyn-
