1884 3112
315 296 399 339 258

758 295 1110 339 EPISTOLA
1143 298 1284 343 XIV.

379 378 577 453 Quaeque
603 387 685 434 tibi
710 386 847 434 tribui
867 406 1069 446 munera,
1097 388 1258 452 dignus
1280 390 1439 450 habes;

310 464 392 514 Vel
416 465 482 513 fer
506 484 659 531 opem,
687 463 754 513 vel
779 464 886 514 dede
910 466 1027 523 neci;
1055 466 1348 536 defunctaque
1369 470 1458 520 vita

1669 490 1732 524 125

378 544 577 609 Corpora
599 541 772 590 furtivis
795 542 979 610 insuper
999 544 1108 593 adde
1132 546 1276 609 rogis3

311 624 370 670 Et
390 620 526 687 sepeli
548 619 737 667 lacrimis
759 620 938 687 perfusa
960 621 1168 672 fidelibus
1187 639 1309 683 ossa3

375 699 635 764 Scriptaque
659 697 750 745 sint
773 697 904 747 titulo
924 711 1076 749 nostra
1101 701 1302 768 sepulcra
1324 703 1447 751 brevi
1468 694 1493 752 τ’

309 774 449 824 Exsul
473 776 845 841 Hypermnestra‚
871 776 1063 842 pretium
1086 779 1263 844 pietatis
1287 780 1491 846 iniquum
1506 817 1518 839 ,

375 852 521 915 Quam
544 863 731 900 mortem
754 851 878 900 fratri
902 853 1090 920 depulit,
1116 856 1214 922 ipsa
1237 856 1352 905 tulit.

1669 875 1730 909 130

307 930 509 979 Scribere
532 928 660 995 plura
683 928 796 977 libet
817 949 826 977 ε
849 930 925 978 sed
946 932 1141 997 pondere
1165 933 1277 983 lassa
1301 946 1462 984 catenae

367 1009 451 1056 Est
473 1026 652 1066 manus3
679 1019 724 1055 et
745 1007 859 1056 vires
882 1008 1105 1057 subtrahit
1126 1011 1386 1077 ipsetimor.
1410 1015 1478 1077 (*)

299 1144 411 1179 culan.
436 1142 575 1184 Codex3
602 1142 762 1189 Lynceus
784 1143 880 1178 enim
903 1144 984 1191 Hy-

302 1202 531 1242 permnestrae
542 1194 687 1229 maritus
698 1194 807 1229 dictus
817 1221 826 1238 ,
839 1208 913 1230 non
925 1196 986 1229 Li-

302 1261 379 1282 nus.
398 1248 449 1281 lta
468 1259 551 1280 eum
573 1246 745 1281 Pindarus
763 1247 932 1292 appellat,
950 1254 985 1282 et

297 1299 485 1335 Pausanias
497 1325 506 1342 ,
525 1306 561 1333 et
576 1298 808 1344 Apollodorus
820 1326 829 1343 ,
848 1304 883 1334 et
902 1300 984 1347 Hy-

300 1353 401 1398 ginus
413 1378 422 1395 ,
443 1351 585 1385 Servius
601 1357 637 1385 et
655 1350 861 1386 Scholiastes
882 1351 984 1386 Statii

303 1417 376 1438 non
399 1416 472 1438 uno
502 1403 588 1438 loeo.
619 1402 725 1448 Apud
755 1403 984 1438 Scholiastem

303 1456 506 1492 Germanici
523 1462 642 1490 tamen
660 1462 695 1490 et
712 1455 863 1499 Horatii,
883 1455 984 1490 Statii

302 1522 441 1555 quoque
450 1508 567 1542 unoin
577 1508 653 1542 loco
663 1533 673 1552 ,
691 1509 798 1542 Linus
814 1507 983 1542 mendose

301 1561 502 1608 appellatur.
523 1561 658 1594 HEINS.

345 1614 417 1656 124.
451 1614 592 1656 (luceque
619 1613 687 1645 tibi
698 1613 803 1645 ln'bui
820 1624 956 1645 munera
969 1637 978 1652 ,

298 1668 420 1710 dignus
433 1666 548 1698 habes.
573 1663 611 1697 Si
633 1665 768 1706 dtjgnum
786 1669 817 1696 te
840 1662 981 1707 praesti—

300 1718 401 1760 teris,
420 1729 545 1761 quem,
571 1728 652 1749 meo
667 1715 773 1760 ipsius
793 1714 871 1748 vitae
886 1714 982 1759 peri-

299 1769 379 1804 culo
391 1795 400 1811 ‚
424 1767 568 1802 instanti
581 1768 652 1802 fato
668 1763 868 1812 eripuerim.

347 1823 418 1856 125.
448 1822 515 1856 Vel
521 1820 584 1865 ser
600 1833 710 1864 opem,
728 1820 788 1863 vel
798 1819 882 1852 dede
895 1821 980 1853 neci.

302 1875 483 1909 Neutrum
499 1872 615 1906 evenit
633 1884 641 1905 :
655 1871 762 1905 iratus
773 1870 898 1916 quippe
912 1870 981 1904 Da-

301 1939 389 1961 naus
402 1952 411 1970 ,
430 1924 524 1970 quod
542 1937 611 1957 una
628 1924 723 1958 inter
737 1935 872 1957 sorores
887 1935 980 1957 con—

299 1978 373 2024 jugi
384 1990 448 2012 suo
460 1977 740 2024 Hypermnestra
751 1974 958 2020 pepercisset
969 2001 978 2018 ,

297 2032 335 2064 in
346 2029 517 2076 judicium
532 2028 664 2062 vocavit
680 2026 772 2072 apud
788 2026 957 2071 populum
969 2052 978 2069 ‚

300 2096 319 2117 a
336 2094 405 2127 quo
426 2093 537 2126 quum
563 2080 682 2114 suisset
708 2078 806 2112 omni
833 2078 979 2112 crimine

301 2135 444 2169 liberata
460 2159 469 2177 ,
495 2133 648 2179 ligneam
677 2137 828 2165 statuam
847 2130 981 2164 Veneri

300 2189 450 2235 νικηφόρῳ
479 2184 603 2219 dicavit
618 2209 627 2227 ,
660 2195 765 2228 quam
792 2182 915 2217 vidisse
944 2195 980 2216 se

305 2237 493 2273 Pausanias
502 2242 658 2278 testatur,
670 2233 918 2268 Corinthiac.c.
933 2247 983 2279 ¹9⁴

303 2309 348 2316 —-
364 2290 407 2324 In
425 2288 571 2334 gratiam
588 2286 714 2320 deinde
729 2286 888 2332 Lynceus
902 2286 980 2319 ser—

303 2349 361 2376 tur
391 2352 473 2375 cum
500 2339 625 2373 Danao
647 2337 809 2380 rediisse,
840 2344 875 2372 et
901 2337 983 2384 Hy-

305 2399 533 2440 permnestrae
558 2403 627 2425 suae
643 2390 798 2435 nupsisse
812 2416 822 2434 ,
851 2403 892 2425 ex
915 2403 983 2434 qua

305 2446 417 2480 silium
441 2445 577 2478 Abanta
604 2442 774 2487 suscepit,
805 2442 864 2487 qui
885 2449 983 2488 pater

307 2498 413 2533 Praeti
429 2503 464 2531 et
480 2495 613 2530 Acrisii.
631 2493 790 2540 Apollod.
803 2505 833 2528 11
846 2520 856 2538 ,
875 2508 887 2528 1
902 2520 911 2538 ,
930 2508 960 2527 2.

352 2549 423 2584 126.
441 2550 585 2592 Corpora
591 2546 733 2592 fumus
746 2549 882 2591 insuper
895 2547 984 2580 adde

1048 1147 1146 1188 rogat.
1155 1145 1294 1191 Duplici
1304 1160 1408 1182 sensu
1417 1147 1635 1193 accipiendos
1645 1160 1726 1183 cen·

1049 1209 1108 1230 seo
1115 1196 1265 1241 furtivos
1284 1211 1386 1244 rogos
1408 1212 1416 1234 z
1433 1212 1517 1234 nam
1536 1199 1729 1235 intumula-

1051 1255 1123 1282 tam
1137 1262 1218 1283 sane
1236 1250 1342 1285 iratus
1352 1258 1449 1295 pater
1461 1251 1543 1286 velit
1555 1259 1568 1293 ξ
1584 1264 1690 1297 quam
1699 1252 1729 1287 si

1050 1301 1285 1336 tumulantem
1301 1302 1441 1349 Lyncea
1457 1301 1730 1348 deprehenderit

1049 1352 1193 1387 Danaus
1206 1379 1216 1396 ,
1235 1353 1310 1398 quis
1327 1366 1411 1388 eum
1426 1353 1558 1390 furenti
1574 1354 1726 1401 eripiet?

1048 1405 1181 1440 Furtim·
1191 1418 1275 1439 vero
1290 1405 1338 1439 illi
1355 1405 1430 1452 rogi
1445 1418 1520 1440 non
1535 1405 1727 1442 admodum

1048 1456 1194 1501 placent.
1216 1459 1389 1492 I‘Ynitimtk
1408 1464 1482 1493 erat
1498 1457 1535 1492 in
1554 1457 1727 1494 Leidensi.

1049 1508 1154 1543 Forte
1170 1536 1179 1553 ,
1195 1509 1388 1554 fraternam
1421 1515 1460 1544 ut
1479 1509 1562 1546 'velit
1586 1507 1622 1546 se
1647 1509 1728 1546 addi

1046 1561 1139 1606 rogis
1162 1562 1311 1595 fratrum
1343 1562 1428 1607 ejus.
1464 1562 1632 1598 Francius
1662 1574 1728 1609 pro

1046 1614 1136 1646 adde
1149 1639 1157 1652 ‚
1184 1613 1287 1647 vellet
1307 1614 1395 1647 abde
1410 1613 1465 1648 vel
1480 1627 1547 1648 ure.
1560 1613 1691 1650 Bunm.

1094 1663 1164 1698 128.
1189 1664 1382 1709 Scriptaque
1399 1667 1472 1699 sint
1481 1663 1590 1700 titulo.
1607 1666 1728 1710 Sculp-

1046 1714 1150 1759 taque?
1158 1715 1275 1760 scripti
1289 1716 1399 1750 nostri
1412 1715 1630 1763 omnes'cum
1644 1717 1725 1762 pri-

1045 1766 1112 1800 mis
1135 1765 1355 1801 editionibus.
1374 1767 1509 1802 Hnlns.
1532 1786 1577 1794 —
1596 1769 1728 1813 Scripta

1046 1819 1168 1864 probat
1185 1819 1307 1854 Burm.
1329 1826 1365 1854 et
1385 1819 1549 1865 exemplis
1571 1826 1692 1855 tuetur
1706 1833 1726 1855 e

1048 1870 1147 1905 Suet.
1163 1870 1201 1904 in
1223 1869 1311 1905 Caes.
1328 1870 1391 1913 863
1414 1870 1451 1905 in
1472 1864 1562 1917 Aug‘.
1577 1885 1594 1918 7
1609 1878 1673 1907 etc.

1093 1935 1106 1956 1
1113 1935 1164 1970 29.
1180 1923 1295 1956 Exsul
1300 1922 1637 1970 Hypennnest'ra'etc.
1649 1922 1727 1969 Ipsa

1045 1973 1127 2009 sunt
1144 1975 1249 2009 verba
1266 2001 1276 2018 ‚
1308 1987 1384 2020 quae
1401 1986 1465 2010 suo
1481 1971 1619 2009 tumulo
1638 1972 1726 2023 Hy-

1046 2032 1264 2072 permnestra
1286 2025 1425 2061 inscribi
1448 2026 1540 2060 velit.
1572 2024 1617 2052 -ἒ
1642 2026 1727 2061 Pm-

1046 2081 1128 2112 tt‘um
1143 2081 1285 2122 [1ιὲίαίιῦ-
1299 2079 1444 2123 Iniquum
1455 2080 1542 2112 tulit.
1556 2075 1726 2112 'Mortem

1046 2131 1216 2165 nimirum
1229 2156 1239 2175 ‚
1267 2142 1344 2176 quae
1370 2132 1517 2175 iniquum
1541 2132 1625 2165 sane
1645 2133 1725 2175 pie-

1046 2185 1130 2217 talis
1141 2183 1177 2217 in
1191 2183 1379 2228 conjugem
1394 2181 1558 2226 pretium!
1709 2191 1711 2193 ’

1095 2235 1166 2269 131.
1187 2235 1334 2269 Scribere
1344 2236 1446 2279 plura
1461 2236 1565 2282 libet,
1585 2234 1652 2269 sed
1661 2237 1725 2269 etc.

1050 2284 1179 2321 Causas
1207 2285 1318 2320 adfert
1352 2285 1507 2331 geminas
1523 2312 1533 2330 ‚
1563 2298 1627 2325 cur
1650 2296 1725 2320 non

1048 2338 1147 2384 plura
1155 2338 1292 2381 scribat,
1300 2349 1512 2383 quamquam
1524 2337 1616 2372 velit.
1631 2332 1725 2382 Quia

1046 2390 1173 2425 scilicet
1189 2394 1325 2431 calena,
1345 2390 1468 2435 quibus
1482 2387 1723 2435 constringun-

1050 2449 1107 2477 tur
1128 2454 1252 2477 manus
1267 2469 1276 2487 ,
1300 2441 1473 2480 scribendi
1500 2438 1697 2490 sac'ultate'm
1715 2453 1725 2480 ;

1049 2498 1150 2529 timor
1171 2507 1255 2530 vero
1281 2507 1326 2535 ne
1353 2494 1506 2533 scribens
1529 2488 1727 2538 deprehen-

1050 2545 1152 2581 datur
1164 2572 1174 2590 ,
1196 2546 1432 2591 eloquentiam
1453 2546 1659 2594 subtrabunt.

353 2643 399 2687 (*)
419 2643 501 2677 Non
524 2654 542 2675 a
561 2639 739 2685 proposito
762 2645 884 2673 nostro
911 2638 1064 2672 alienum
1093 2651 1250 2683 unquam
1276 2637 1510 2683 reputavimus
1524 2661 1534 2679 ,
1561 2635 1589 2670 si
1613 2633 1696 2680 quid
1712 2661 1723 2679 ‚

308 2699 403 2732 inter
419 2696 661 2733 adnotandum
676 2722 685 2739 ‚
717 2695 816 2729 nobis
833 2702 1030 2728 occurreret
1043 2695 1137 2729 haud
1152 2695 1334 2729 infeliciter
1353 2708 1375 2742 a.
1386 2693 1511 2740 nostris
1527 2693 1701 2727 imitatum
1713 2717 1723 2736 ,

309 2755 484 2800 adponere
497 2780 505 2796 ,
536 2766 609 2787 non
622 2751 730 2786 modo
748 2751 791 2785 ad
808 2750 1073 2784 illustrationem
1096 2750 1170 2794 rei,
1197 2749 1256 2784 sed
1276 2749 1318 2783 ad
1341 2755 1589 2783 ornamentum
1618 2749 1724 2783 etiam

310 2810 422 2856 operis
438 2836 447 2853 ‚
482 2807 574 2853 quod
604 2820 623 2841 a
647 2806 752 2840 Gallis
774 2805 999 2849 institutum,
1036 2806 1207 2841 Gallicum
1234 2805 1399 2850 quiddam
1431 2818 1549 2850 sapere
1579 2804 1723 2846 decuitg
