1884 3112
503 226 808 301 PHAEDRA
841 253 1273 300 HIPPOLYTO.
1488 265 1492 269 ·
1544 272 1601 320 79

169 347 260 398 Hic
282 357 429 397 tecum
449 347 666 399 Troezena
688 347 853 408 colam,
878 348 1074 398 Pittheia
1094 367 1231 412 regna
1254 367 1267 397 :

235 427 336 475 Jam
358 443 478 476 nunc
501 439 571 476 est
591 427 736 495 patria
757 426 924 490 gratior
944 424 1022 475 illa
1042 445 1151 475 mea.

171 503 391 570 Tempore
414 503 567 562 abest,
593 503 824 571 aberitque
850 502 950 560 diu,
975 501 1232 569 Neptunius
1253 501 1387 552 heros
1412 517 1424 548 t

237 577 371 630 Illum
393 581 586 630 Pirithoi
609 581 778 631 detinet
802 599 879 629 ora
902 579 986 627 sui.
1545 602 1606 626 no

172 658 425 726 Praeposuit
444 656 665 716 TbeseuS,
691 657 779 706 nisi
803 657 841 705 si
863 654 1098 704 manifesta
1119 674 1355 718 negamus,

237 736 494 786 Pirithoum
516 735 734 793 Phaedrae,
760 733 1102 798 Pirithoumque
1126 731 1224 780 tibi.

171 813 265 862 Nec
287 812 382 862 sola
403 813 497 864 haec
519 812 655 861 nobis
678 811 840 878 injuria
861 810 983 859 venit
1005 809 1061 857 ab
1086 807 1164 857 illo
1189 824 1202 854 ε

236 892 292 940 In
313 890 485 955 magnis
508 888 602 941 laesi
622 889 759 939 rebus
782 900 969 955 uterque
992 905 1159 936 sumus.

170 1040 236 1076 bus
253 1039 426 1076 Troezene
441 1046 590 1086 utraque
615 1047 714 1087 parte
738 1040 857 1076 flucti-

170 1093 236 1129 bus
251 1091 357 1128 maris
372 1093 573 1128 feriebatur.
595 1094 716 1129 Ambit
728 1097 858 1128 utrum-

171 1156 235 1190 que
254 1151 331 1180 erat
351 1145 389 1180 in
411 1144 571 1181 duobus:
588 1149 751 1191 utn‘mque
772 1156 858 1180 vero

171 1202 209 1232 et
229 1201 401 1243 utrumque
416 1196 513 1233 sacile
530 1197 727 1234 confudisse
744 1197 858 1232 libra—

172 1249 243 1285 rios
259 1262 301 1285 ex
317 1250 520 1296 Propertio,
535 1249 593 1285 lib.
601 1260 660 1285 111.
676 1250 773 1296 Eleg.
788 1261 835 1284 xx
845 1276 856 1293 ,

172 1314 215 1337 22
230 1328 241 1346 ,
257 1308 412 1345 constan
430 1309 466 1338 et
488 1309 607 1349 postea
627 1301 698 1339 vidi
714 1301 859 1337 Grono—

173 1353 272 1388 vium
288 1353 331 1389 ad
352 1354 478 1390 Senec.
495 1354 639 1401 Thyest.
665 1368 725 1389 112
736 1380 746 1399 ‚
763 1354 860 1389 hunc

173 1418 316 1441 versum
327 1406 377 1441 ita
388 1406 575 1451 adducere,
591 1406 671 1442 licet
678 1406 766 1442 nihil
778 1418 860 1441 mo-

174 1465 268 1493 neat.
283 1458 417 1494 Bunm.

222 1523 296 1560 ¹⁰9·
317 1512 478 1556 Tempore
485 1512 595 1552 abest,
609 1513 781 1556 aberitque
791 1512 858 1546 diu.

174 1562 219 1597 In
229 1569 404 1609 tempore,
412 1569 447 1598 et
455 1569 654 1608 opportune
663 1563 770 1605 abest3
781 1575 859 1609 quae

173 1613 247 1650 duo
262 1614 407 1650 Plautus
423 1615 531 1650 etiam
547 1615 584 1650 in
601 1614 762 1650 Asinaria
777 1628 859 1650 con-

170 1665 296 1712 junxit.
316 1666 375 1702 Sic
392 1665 519 1702 Cicero
535 1667 573 1702 in
591 1666 697 1703 offic.
714 1668 777 1703 Ad
788 1681 859 1703 ca·-

169 1732 250 1754 aeam
257 1723 402 1764 tempore
408 1722 512 1754 venit.
522 1719 608 1765 Quo
620 1719 728 1755 modo
736 1727 771 1755 et
780 1720 860 1755 alibi

169 1771 277 1808 idem.
309 1773 445 1810 lems.
467 1792 513 1799 —
547 1775 709 1819 Tempore
730 1775 832 1808 abest
847 1800 858 1818 ,

169 1826 342 1870 aberitque
360 1827 438 1866 diu,
463 1832 527 1861 etc.
544 1825 656 1861 Solvit
673 1838 751 1872 quae
767 1838 860 1872 pro-

170 1877 284 1922 posito
315 1877 435 1913 obesse
465 1878 669 1923 potuissent.
700 1877 859 1914 Theseus

170 1931 272 1964 abest
278 1941 292 1973 ,·
323 1942 380 1966 res
404 1929 510 1976 igitur
540 1930 647 1966 facilis
663 1943 670 1966 :
688 1934 861 1977 aberitque

170 1983 242 2023 diu,
252 1994 438 2028 nunquam
448 1983 538 2018 sorte
547 1983 737 2018 rediturus.
745 1983 862 2018 Dem—

171 2040 211 2068 to
225 2033 275 2069 sic
289 2034 444 2081 periculo
457 2061 467 2080 ‚
487 2035 656 2070 invidiose
675 2036 799 2071 transit
816 2035 860 2070 ad

172 2099 215 2121 ea
231 2099 309 2133 quoe
326 2094 464 2134 patrem
479 2088 517 2123 in
534 2087 656 2122 odium
682 2088 743 2123 filii
758 2094 861 2134 pote—

173 2145 254 2174 rant
269 2139 453 2175 adducere.
475 2158 519 2168 -
542 2142 731 2185 Neptunius
751 2143 860 2175 heros.

175 2190 313 2227 Ironice
320 2191 454 2228 dictum
460 2192 671 2228 crediderim
684 2208 692 2235 ς
709 2193 860 2228 minime

174 2243 272 2278 enim
287 2245 442 2286 hema-a,
461 2258 538 2291 quae
554 2258 636 2280 mox
652 2247 793 2281 reseret.

223 2308 236 2329 1
246 2309 257 2329 ι
267 2309 294 2330 ι.
317 2297 506 2341 Proeposuit
526 2299 685 2339 Theseus,
701 2305 766 2333 etc.
777 2298 861 2333 Ma-

171 2346 269 2393 ligne
282 2355 442 2384 recenset
458 2348 608 2384 Phaedra
623 2350 753 2385 Thesei
765 2363 859 2386 con-

174 2398 264 2445 jugis
280 2400 443 2436 facinora.
460 2404 649 2447 Praeposuit
663 2403 860 2451 Hippolyto

175 2451 375 2487 Pirithoum
393 2466 402 2487 ι
420 2453 579 2489 Phaedrae
602 2455 749 2489 fratrem
778 2455 860 2490 Mi-

175 2511 368 2539 notaurum
385 2505 479 2540 clava
497 2508 704 2552 prostravit;
722 2508 859 2553 ipsam-

176 2568 244 2601 que
276 2556 458 2604 Antiopen
492 2559 676 2607 Hippolyti
707 2567 860 2595 matrem

172 2621 254 2643 ense
262 2614 411 2654 peregit,
429 2618 464 2645 et
479 2623 525 2645 ne
539 2616 677 2655 nuptum
694 2612 858 2659 quidem,

175 2672 222 2695 ne
243 2673 352 2708 regna
375 2670 523 2708 paterna
551 2664 731 2709 quondam
755 2678 861 2701 occu-

175 2719 275 2758 paret
296 2713 397 2749 filius.
427 2715 638 2760 Quinetiam
646 2717 779 2762 fratres
794 2720 860 2753 ad-

175 2766 266 2803 davit
281 2765 580 2812 (Demophoonta
596 2769 724 2805 seilicet
736 2777 771 2806 et
787 2770 859 2806 An·

921 1039 1111 1084 tilochum,
1130 1039 1206 1083 vel,
1222 1045 1262 1075 ut
1279 1037 1335 1075 alii
1350 1039 1493 1084 volunt,
1512 1041 1611 1076 Aca-

922 1093 1058 1136 manta)
1068 1092 1129 1137 qui
1136 1091 1270 1126 aditum
1279 1105 1425 1127 omnem
1433 1092 1475 1127 ad
1483 1094 1610 1128 solium

923 1144 1190 1191 praecluderent.
1209 1145 1339 1190 Sicque
1354 1145 1484 1180 mulier
1500 1145 1613 1180 artifi-

924 1197 1016 1232 ciosa
1034 1197 1270 1244 Hippolytum
1295 1197 1453 1243 undique
1469 1198 1610 1242 circuit,

923 1255 1067 1294 torquet
1084 1255 1119 1283 et
1138 1255 1338 1295 oppugnat,
1356 1256 1395 1285 ut
1419 1250 1539 1284 innata
1554 1250 1614 1284 in-

924 1313 1041 1347 genuo
1058 1299 1271 1335 adolescenti
1289 1301 1325 1335 in
1344 1309 1529 1347 parentem
1545 1302 1614 1348 pie·

924 1360 995 1396 tas,
1024 1366 1065 1388 ex
1088 1353 1207 1387 animo
1228 1354 1358 1388 sensim
1383 1354 1547 1389 elabatur.
1569 1373 1615 1380 -

924 1407 1008 1440 Nisi
1019 1418 1082 1439 uos
1095 1406 1280 1450 manifesta
1295 1419 1462 1450 negemus.
1489 1409 1614 1452 Nega·-

924 1471 998 1492 mus
1009 1483 1018 1498 ,
1044 1458 1197 1503 potiores
1214 1458 1342 1504 scripti.
1361 1459 1562 1494 Puteaneus
1578 1467 1614 1493 et

926 1509 1180 1553 Famesianus‚
1205 1514 1278 1544 uisi
1296 1514 1332 1544 si
1351 1511 1533 1556 mamsesle
1559 1525 1615 1546 ne-

920 1575 1051 1607 gamus.
1066 1562 1187 1597 Scribe
1198 1589 1207 1606 ,
1224 1566 1297 1597 nisi
1306 1563 1536 1608 st'mam'sesta
1551 1577 1614 1598 ne-

920 1628 1050 1659 gamus.
1065 1615 1265 1661 Eleganter.
1283 1615 1438 1661 Epistola
1448 1616 1614 1652 Helenae:

923 1674 962 1700 At
974 1680 1005 1699 tu
1015 1675 1152 1700 dissimula
1161 1694 1170 1706 ‚
1184 1675 1235 1700 nisi
1248 1676 1270 1700 si
1282 1676 1408 1701 desistere
1417 1676 1512 1702 mavis.

926 1724 1104 1759 Remedio
1123 1724 1288 1760 Amoris:

924 1776 1003 1802 Posse
1014 1778 1068 1810 pati
1079 1777 1155 1801 facile
1166 1783 1206 1804 ,est
1214 1796 1223 1809 ‚
1234 1777 1284 1802 nisi
1297 1777 1319 1802 si
1333 1778 1458 1811 patientia
1471 1777 1549 1804 desit.

925 1825 981 1860 Ita
999 1826 1097 1860 enim
1115 1839 1242 1860 censeo
1259 1826 1534 1862 rescribendum.

974 1891 986 1911 1
996 1878 1045 1912 13.
1068 1880 1142 1913 Nec
1156 1881 1232 1912 sola
1251 1880 1326 1913 hoec
1339 1881 1391 1913 ad
1407 1892 1469 1914 nos
1487 1880 1615 1925 injuria

925 1934 1029 1966 veuit.
1047 1931 1103 1966 Ab
1120 1932 1160 1966 iis
1181 1944 1258 1977 quae
1274 1939 1357 1967 sunt
1372 1932 1510 1968 levioris
1526 1944 1614 1968 mo-

926 1984 1060 2027 menti,
1078 1984 1115 2017 in
1132 1997 1173 2018 ea
1189 1985 1342 2019 excurrit
1355 1997 1432 2030 quae
1443 1985 1613 2032 insignio-

926 2048 1003 2070 rem
1024 2035 1178 2081 perfidiae
1206 2037 1364 2083 conjugis
1384 2037 1422 2071 in
1443 2051 1588 2074 uxorem
1603 2066 1613 2084 ,

926 2094 962 2122 et
991 2088 1097 2133 patris
1125 2087 1162 2122 in
1188 2087 1301 2123 fllium
1332 2096 1456 2124 notam
1482 2104 1553 2137 prae
1577 2105 1613 2126 se

926 2141 1065 2184 serunt,
1084 2147 1124 2175 ut
1141 2141 1258 2177 veniat
1274 2142 1487 2190 Hippolytus
1503 2144 1539 2179 in
1557 2156 1615 2180 so—

926 2193 1089 2227 cietatem
1114 2193 1263 2238 injuriae.
1297 2194 1526 2242 Quapropter
1551 2210 1613 2232 se-

927 2245 1051 2290 quenti
1068 2258 1192 2281 versu:

1009 2306 1041 2330 In
1054 2306 1154 2338 magnis
1166 2306 1218 2330 lusi
1231 2306 1308 2332 rebus
1321 2313 1432 2340 uterque
1441 2317 1537 2334 sumus.

926 2372 970 2381 —-
992 2355 1073 2388 Sola
1101 2367 1164 2389 nec
1192 2357 1266 2390 hac
1283 2383 1291 2396 ,
1316 2356 1456 2402 scripti,
1485 2364 1614 2403 praeter

928 2407 1167 2442 Barberinum
1200 2407 1357 2443 codicem
1390 2415 1425 2446 et
1463 2409 1615 2444 alterurn

926 2459 1184 2495 Lovaniensem
1219 2460 1401 2495 Societatis
1424 2461 1511 2495 Jesu
1526 2488 1536 2505 ‚
1574 2462 1614 2496 in

928 2512 1051 2558 quibus
1067 2525 1075 2547 ε
1098 2513 1181 2547 Sola
1202 2526 1265 2547 nec
1284 2515 1357 2548 hoec
1376 2516 1472 2548 nobis
1487 2515 1615 2559 injuria

926 2568 1030 2598 vem‘t.
1040 2564 1239 2611 Eleganter.
1248 2569 1413 2601 Tbvenire
1424 2567 1520 2600 enim
1531 2580 1614 2602 cum

927 2618 1032 2652 tertio
1048 2631 1128 2652 casu
1155 2618 1270 2664 jungit
1292 2620 1498 2664 frequenter
1515 2619 1613 2655 Ovi-

927 2670 1005 2705 dius
1018 2696 1027 2714 ,
1046 2677 1085 2704 ut
1111 2671 1147 2705 in
1165 2671 1273 2706 Fastis
1288 2671 1345 2706 lib.
1359 2683 1382 2707 v
1395 2698 1405 2717 ,
1426 2672 1492 2716 648
1505 2699 1516 2717 ,
1539 2671 1609 2707 fide

929 2723 1146 2770 optimorum
1163 2723 1344 2760 codicum:

1010 2786 1046 2809 lit-
1056 2785 1159 2812 mndcm
1174 2786 1240 2811 caco
1254 2786 1342 2812 debita
1353 2794 1429 2820 poena
1442 2786 1523 2811 venit.
