1884 3112
0 1236 3 1268 ΑΨ
0 1188 9 1222 -r.
0 1142 12 1178 „n
0 1120 2 1122 -
0 1028 9 1098 wre—
0 970 10 1016 ψ’,

652 248 1127 296 CONSOLATIO.
1499 249 1587 312 427

169 343 274 394 Haec
291 342 438 411 ipsum
462 341 648 393 sublime
671 344 816 394 serent
835 366 844 393 :
861 344 977 403 haec,
1003 344 1173 412 optima
1193 352 1358 402 mater,

235 422 493 471 Debuerant
510 421 656 471 luctus
679 434 905 472 attenuare
929 435 1046 472 tuos.

169 498 351 548 Femina
374 499 507 563 digna
527 499 638 559 illis,
662 519 776 567 quos
795 519 926 550 aurea
950 499 1151 548 condidit
1173 512 1296 559 aetaS‚

234 576 520 644 Principibus
537 578 675 635 natis,
700 577 902 645 principe
926 576 1062 640 digna
1079 577 1188 626 viro.

171 650 296 717 Quid
318 653 469 702 deceat
491 654 628 703 Drusi
650 667 854 713 matrem,
878 666 1150 722 matremque
1173 656 1384 714 Neronis,
1519 670 1592 714 ἱ345

235 729 428 798 Adspice
450 750 461 780 :
483 750 574 798 quo
599 750 775 795 surgas,
801 732 1000 798 adspice,
1025 751 1152 782 mane
1177 745 1291 781 toro.

171 810 278 859 Non
298 808 448 878 eadem
469 808 715 876 vulgusque
738 809 915 868 decent,
941 821 986 858 et
1007 808 1176 858 lumina
1195 829 1367 859 rerum:

235 888 320 936 Est
340 885 463 953 quod
483 886 758 953 praecipuum
781 886 941 936 debeat
959 887 1045 937 ista
1068 887 1240 937 domus.

172 965 394 1033 Imposuit
411 976 454 1014 te
478 963 568 1013 alto
591 966 809 1024 Fortuna,
833 965 1070 1033 locumque
1095 967 1209 1015 tueri

237 1042 384 1091 Jussit
404 1042 696 1102 honoratum,
720 1043 874 1093 Livia:
895 1044 1042 1111 perfer
1066 1063 1194 1094 onus.
1536 1057 1601 1092 350

173 1118 248 1168 Ad
271 1130 314 1168 te
338 1118 513 1178 ocuIOS‚
538 1139 752 1187 auresque
775 1120 914 1170 trahis
936 1141 946 1170 ε
968 1133 1044 1170 tua
1066 1121 1181 1170 facta
1201 1132 1436 1178 notamus;

238 1199 332 1247 Nec
354 1218 440 1247 vox
461 1198 596 1247 missa
617 1210 769 1265 potest
790 1199 1006 1266 principis
1032 1219 1107 1248 ore
1133 1200 1235 1263 tegi.

176 1274 282 1324 Alta
303 1294 456 1334 mane;
482 1294 704 1343 supraque
728 1287 830 1325 tuos
855 1294 1038 1340 exsurge
1061 1275 1266 1334 dolores3

241 1352 585 1420 Infragilemque
609 1353 829 1412 animum,
857 1353 981 1420 quod
1003 1365 1155 1420 potes,
1183 1372 1324 1420 usque
1349 1364 1459 1403 tene.

177 1430 252 1480 An
274 1429 433 1480 melius
455 1446 536 1498 per
559 1441 602 1480 te
624 1430 840 1481 virtutum
860 1430 1058 1498 exempla
1079 1442 1279 1498 petemus
1294 1468 1307 1489 ‚
1334 1480 1341 1486 ,
1538 1443 1605 1479 355

176 1567 223 1604 sit
236 1567 383 1614 longum
398 1567 548 1614 spatium
559 1593 569 1612 ,
591 1579 667 1602 non
686 1568 788 1602 certis
807 1566 860 1602 fi-

177 1620 283 1657 nibus
289 1620 545 1666 conscriptum5
558 1626 594 1655 et
605 1620 721 1655 locum
732 1619 858 1664 adfert,

177 1685 199 1708 e
213 1671 327 1708 Statio
338 1698 349 1716 ,
367 1671 481 1708 Theb.
495 1683 552 1709 vn
564 1698 574 1717 ,
591 1673 658 1721 296
675 1683 684 1704 ι

343 1749 376 1758 ...
386 1733 464 1759 Pota·
475 1738 531 1764 est,
544 1738 688 1767 nntitsqoe5
704 1733 750 1758 sed
763 1731 812 1757 ovi

177 1782 324 1809 fastradam
339 1782 440 1808 modu.

178 1830 253 1867 sed
264 1831 377 1877 agitur
383 1831 430 1866 ibi
439 1830 483 1866 de
494 1837 593 1876 patre
610 1835 646 1864 et
659 1835 744 1863 nato
754 1854 764 1872 ,
778 1828 863 1871 (La-

180 1883 347 1930 pithaone
376 1889 413 1918 et
438 1882 634 1924 Alathreo)
660 1881 720 1926 qui
734 1906 744 1924 ,
772 1892 863 1915 con·—

169 1936 269 1981 fusis
285 1948 409 1973 revera
437 1938 505 1970 ιη’
531 1933 654 1969 ordine
680 1934 839 1977 modoque
850 1958 860 1973 ,

180 1989 229 2024 ita
241 2001 342 2035 pares
350 1994 451 2024 atate
466 1994 503 2022 et
513 1987 618 2022 armis
632 1984 843 2021 incedebant
853 2010 863 2028 ,

181 2048 222 2076 ut
238 2041 371 2087 [ναίκα-
402 2039 615 2076 dicerentur.
649 2038 719 2073 Hic
749 2049 835 2072 vero
850 2063 860 2081 ,

181 2106 246 2130 eur
260 2106 336 2129 non
351 2096 461 2129 Iocum
475 2093 669 2127 reseramus
690 2089 733 2125 ad
754 2090 864 2135 ipsam

182 2146 384 2182 Germaniae
395 2152 534 2192 partem
549 2170 559 2188 ,
581 2144 641 2178 uhi
649 2142 747 2178 sactis
757 2142 865 2176 Dru-

182 2211 240 2234 sus
256 2199 488 2240 indm-ueram
516 2208 623 2243 quem
636 2195 781 2242 quidem
804 2197 865 2230 lo-

182 2263 263 2287 cnm
273 2251 383 2286 velint
391 2253 546 2286 latiorem
554 2277 562 2290 ‚
577 2249 844 2295 dignioremque
852 2274 864 2291 ‚

183 2304 245 2350 qui
258 2302 431 2350 praelatis
445 2302 534 2338 adeo
543 2301 754 2337 facinoribus
769 2301 867 2336 illus-

185 2355 368 2391 traretur?
394 2355 470 2401 Qui
487 2355 582 2390 locus
597 2380 607 2397 ,
635 2354 677 2388 ab
700 2353 782 2399 ipsis
796 2353 868 2387 mi-

182 2409 301 2444 litibus
319 2410 465 2453 Canpus
478 2409 664 2442 sceleratus
679 2405 790 2440 dictus
806 2412 868 2440 est.

229 2461 307 2505 341.
328 2462 429 2501 Hem·
444 2462 570 2505 optima
584 2462 710 2498 mater,
736 2459 868 2492 debue-

188 2517 268 2548 rant
295 2519 360 2549 etc.
401 2511 564 2548 Feliciter
595 2508 790 2546 admodum
823 2522 866 2545 eo

186 2565 280 2602 redit
295 2591 307 2609 ‚
329 2564 426 2600 unde
456 2564 635 2610 inceperat
661 2562 774 2597 oratio
789 2576 798 2605 ;
826 2561 869 2597 ad

187 2617 324 2654 Liviam
338 2617 408 2654 scil.
418 2629 525 2662 quam
537 2622 640 2662 poeta
654 2642 664 2659 ,
684 2622 870 2661 postquam

188 2677 352 2706 materno
384 2669 498 2705 dolori
526 2668 586 2704 diu
604 2668 684 2704 satis
713 2668 871 2714 permisit

188 2722 370 2770 indulgere
388 2749 398 2767 ,
415 2722 458 2757 ad
473 2721 740 2767 Imperatoriam
756 2721 872 2767 digni-

193 2781 299 2812 tatem
316 2781 479 2820 revocat,
499 2774 729 2820 hortaturque
745 2775 871 2818 adspi-

924 1571 999 1603 ciat
1027 1565 1112 1612 quid
1143 1565 1253 1600 Drusi
1288 1571 1442 1600 matrem
1466 1565 1606 1606 deceat,

927 1619 1010 1666 quid
1026 1631 1173 1654 uxorem
1192 1619 1350 1652 Caesan‘s.

943 1688 945 1691 ·
969 1671 1046 1716 343.
1070 1671 1230 1705 Condidit
1241 1673 1336 1703 aetas.
1361 1669 1433 1703 Pro
1444 1669 1605 1707 condidit,

925 1724 1010 1769 legit
1011 1725 1167 1767 prodidit
1176 1720 1319 1756 Ruhnk.
1325 1720 1368 1755 ad
1378 1720 1610 1764 Vell.Pat.1‚3.

971 1774 1046 1819 34&
1075 1775 1148 1818 Quo
1161 1786 1299 1818 surgas,
1325 1775 1485 1818 adspice,
1513 1786 1612 1808 mane

929 1831 1011 1862 toro.
1036 1825 1149 1871 Cujus
1173 1826 1218 1861 sis
1237 1838 1342 1867 uxor;
1362 1826 1462 1870 cujus
1483 1838 1502 1860 e
1525 1825 1610 1860 tha-

929 1878 1029 1914 lamis
1042 1891 1147 1912 mane
1165 1877 1322 1924 prodeas.

987 1929 1062 1975 347.
1101 1931 1151 1964 Et
1176 1931 1305 1963 lumina
1336 1941 1455 1963 mrum.
1493 1927 1612 1962 Nescit

930 1981 1127 2016 Burmann.
1140 1994 1184 2016 an
1198 1994 1273 2015 non
1289 1987 1428 2027 praestet
1440 1983 1611 2023 culmina,-

930 2046 1045 2078 neque
1062 2045 1127 2079 ego
1142 2033 1268 2080 ignoro
1280 2033 1387 2067 verba
1400 2033 1474 2067 haec
1488 2032 1612 2078 saepius

924 2075 947 2120 ‘a
970 2085 1116 2120 librariis
1131 2087 1299 2120 confusa:
1321 2098 1403 2120 cave
1420 2092 1540 2131 tamen
1566 2097 1612 2119 ne

930 2137 1015 2184 quid
1029 2138 1205 2173 immutes.
1223 2139 1396 2173 Virorum
1408 2138 1505 2172 enim
1519 2137 1613 2184 prin-

931 2191 1049 2236 cipum
1066 2190 1223 2236 exempla
1240 2190 1337 2236 quasi
1359 2189 1508 2225 totidem
1531 2196 1613 2225 sunt

929 2246 1076 2283 lumina,
1097 2255 1174 2289 quae
1187 2270 1198 2288 ,
1223 2255 1293 2288 quo
1308 2243 1469 2289 imposita
1488 2242 1588 2278 altius
1602 2269 1612 2286 ‚

930 2309 973 2337 eo
1003 2295 1130 2331 certius
1155 2296 1193 2330 in
1226 2302 1359 2331 rectam
1384 2295 1439 2330 vel
1470 2308 1614 2341 pravam

930 2349 1024 2383 viam
1043 2348 1221 2393 sequentis
1240 2347 1334 2395 vulgi
1352 2361 1486 2395 gressus
1507 2347 1615 2382 indu·-

931 2408 1026 2437 cunt.
1045 2401 1132 2437 Mox
1143 2401 1215 2447 ipse
1228 2401 1358 2437 Noster
1371 2403 1440 2435 :ad
1451 2405 1486 2436 te
1501 2403 1617 2436 oculos

934 2458 1041 2491 trahi-r
1056 2469 1066 2490 :
1084 2459 1146 2490 lua
1151 2455 1258 2500 facta
1272 2459 1438 2489 notamus.

977 2509 1054 2544 352.
1076 2510 1150 2544 Nec
1170 2521 1237 2543 vox
1259 2512 1368 2544 missa
1379 2511 1500 2553 potest
1517 2510 1616 2552 pria-

933 2565 1020 2607 cipis
1043 2574 1100 2596 ore
1115 2564 1194 2606 tegi.
1220 2561 1296 2598 Nec
1318 2561 1346 2596 si
1367 2559 1451 2606 quid
1467 2559 1615 2606 principi

934 2614 1122 2658 exciderit,
1157 2613 1218 2649 diu
1241 2613 1349 2649 latere
1374 2619 1498 2658 potest.
1536 2610 1614 2648 Ca-

934 2667 1092 2703 vendum
1113 2667 1219 2713 igitur
1234 2693 1244 2710 ,
1261 2679 1308 2700 ne
1329 2664 1412 2711 quid
1425 2664 1516 2700 dicat
1529 2691 1538 2709 ,
1560 2663 1615 2699 vel

932 2721 1035 2755 saciat
1046 2747 1056 2764 ,
1081 2719 1175 2765 quod
1193 2718 1366 2754 indictum
1382 2718 1508 2755 frustra
1524 2743 1534 2761 ,
1563 2716 1614 2750 in-

935 2774 1109 2810 sectumve
1125 2771 1253 2807 deinde
1269 2771 1360 2807 velit.
