1884 3112
601 232 1079 279 CONSOLATIO.
1151 251 1169 273 ι

131 325 263 392 Quos
279 325 480 394 -primum
501 325 593 375 vidi
617 325 778 386 fasces,
803 326 852 375 in
874 325 1028 377 funere
1046 325 1138 374 vidi
1157 345 1169 374 :

194 405 255 453 Et
276 403 368 453 vidi
391 422 589 463 eversos,
614 403 917 471 indiciumque
939 403 1057 453 mali.

130 482 248 547 Quis
270 481 447 531 credat?
470 482 601 531 matri
625 481 702 532 lux
723 482 817 532 haec
838 482 1121 532 moestissima
1142 483 1264 533 venit
1277 520 1291 543 ‚

197 560 302 624 Qua
323 571 477 617 natum
499 559 544 608 in
570 579 745 610 summo
769 560 882 609 vidit
901 560 1076 610 honore
1101 563 1255 610 suum!

130 639 288 687 Jamne
311 655 395 700 ego
418 657 512 687 non
529 637 669 688 felix?
688 639 778 704 jam
797 657 901 706 pars
919 638 1032 686 mihi
1055 651 1183 706 rapta
1204 641 1456 702 Neronum,
1502 659 1563 704 145

197 715 392 765 Materni
415 714 590 765 celeber
610 717 791 766 nomine
815 717 993 765 Drusus
1018 716 1088 765 avi
1108 717 1128 764 Ρ

129 793 288 842 Jamne
311 811 436 850 meus
458 811 552 841 non
577 804 665 851 est,
691 812 772 842 nec
795 812 866 842 me
889 792 996 843 facit
1017 793 1092 844 ille
1117 797 1381 862 parentem?
1415 833 1419 837 -

193 872 351 919 Jamne
368 870 440 932 'fui
462 870 601 927 Drusi
618 872 790 920 mater?
811 883 857 920 et
879 871 974 939 ipse
994 871 1117 921 fuit?

130 949 223 998 Nec
248 967 386 1016 quum
402 947 614 996 victorem
632 947 848 999 referetur
870 949 1022 1000 adesse
1046 951 1294 1008 Neronem,

194 1027 358 1086 Dicere
376 1027 467 1092 jam
489 1038 675 1094 potero,
701 1027 872 1093 Major,
899 1047 955 1078 an
979 1027 1115 1087 alter,
1141 1027 1296 1076 adest?
1507 1045 1569 1079 150

131 1102 302 1164 Ultima
314 1103 587 1167 contigimus
607 1124 617 1153 :
633 1104 706 1170 jus
723 1105 878 1154 matris
899 1105 1118 1155 habemus
1143 1105 1199 1154 ab
1219 1125 1336 1154 uno:

196 1182 345 1231 Unius
367 1194 435 1231 est
457 1202 642 1241 munus,
670 1182 794 1249 quod
818 1194 966 1233 tamen
990 1183 1102 1232 orba
1119 1202 1275 1251 negor.

131 1260 210 1309 'Me
232 1260 461 1310 miseram!
487 1261 692 1320 extimui,
717 1260 949 1328 frigusque
973 1269 1054 1328 p'er
1078 1279 1181 1309 ossa
1199 1262 1424 1320 cucurrit;

197 1337 275 1387 Nil
297 1358 380 1403 ego
402 1339 491 1405 jam
515 1358 701 1406 possum
720 1351 838 1388 certa
861 1358 1018 1387 vocare
1040 1357 1203 1387 meum.

133 1417 222 1466 Hic
237 1409 362 1466 meus
385 1435 492 1466 ecce‘
506 1417 595 1465 suit
614 1436 624 1466 :
643 1418 774 1483 jubet
795 1417 870 1466 hic
895 1418 950 1467 de
971 1417 1107 1485 fratre
1131 1418 1294 1478 vereri;
1512 1434 1572 1468 155

200 1495 367 1545 Omnia
385 1495 475 1562 jam
496 1495 649 1545 metuo
669 1516 680 1544 :
703 1495 865 1545 sortior
888 1508 989 1545 ante
1014 1495 1094 1545 fui.

130 1574 311 1642 Sospite
336 1586 380 1624 te
402 1573 558 1624 saltem
580 1574 766 1633 moriar,
789 1576 935 1623 Nero!
962 1587 1012 1624 tu
1035 1594 1132 1624 mea
1152 1574 1318 1624 condas

193 1650 408 1712 Lumina,
430 1664 476 1703 et
498 1651 692 1719 excipias
715 1651 831 1702 hanc
855 1653 1045 1703 animam
1072 1673 1148 1702 ore
1169 1654 1263 1721 pio.

129 1730 282 1801 Atque
303 1730 476 1780 utinam
499 1729 639 1779 Drusi
662 1749 821 1780 manus
845 1730 1003 1790 altera,
1030 1743 1076 1781 et
1096 1731 1232 1781 altera
1255 1730 1405 1780 fratris
1422 1770 1434 1790 ‚

132 1878 291 1912 gnomen
299 1865 420 1902 Druso
430 1893 440 1911 ‚
451 1879 495 1903 eo
505 1867 579 1913 ipso
589 1894 599 1912 ,
614 1881 684 1914 quo
695 1868 817 1915 periit,

134 1931 230 1954 anno
243 1918 459 1965 obtigerunt.

182 1973 538 2016 142.Etv121;·eoersos.
548 1973 709 2019 Quidam
718 1977 822 2009 moet-

135 2037 203 2060 sos.
210 2022 483 2065 Solebantenim
488 2026 647 2063 virorum
658 2026 819 2073 insignia,

136 2077 191 2115 vel
207 2091 306 2115 arma
321 2079 360 2115 in
374 2080 500 2116 sunere
515 2083 656 2116 inverti:
675 2079 734 2125 qui
747 2092 824 2116 mos

137 2129 253 2167 adhuc
263 2130 356 2179 apud
368 2145 444 2168 nos.
458 2128 517 2168 Sic
529 2132 652 2179 virgil.
666 2132 750 2168 AEn.
762 2144 801 2167 xi
811 2158 822 2177 ,

136 2182 196 2219 lib.
210 2183 274 2232 93,
290 2184 329 2219 in
346 2184 513 2221 Pallantis
526 2186 650 2220 sunere
668 2197 677 2220 ε

141 2244 251 2273 ...Tum
262 2251 353 2271 moeotn
361 2245 474 2280 phalanx
483 2265 491 2277 ‚
504 2246 654 2280 Teucrique
667 2251 824 2280 sequuntur,

138 2293 326 2331 Tyrrhenique
339 2295 418 2327 duces
425 2314 435 2327 ‚
449 2299 475 2320 et
485 2296 563 2321 versis
573 2295 690 2320 Arcades
701 2296 794 2322 annis·

183 2343 258 2388 143.
281 2344 360 2379 Las
381 2346 459 2384 hoec
485 2347 705 2380 mastissima
721 2348 823 2380 wm‘t.

139 2397 417 2441 Canlm'mavett.
426 2410 550 2433 omnes
562 2396 642 2432 edd.
655 2396 764 2442 Quod
776 2397 825 2433 ita

136 2461 212 2484 non
225 2449 443 2495 improbem,
461 2456 502 2485 ut
513 2449 646 2486 ironice
663 2449 797 2485 dictum
809 2476 820 2494 ,

136 2514 254 2548 neque
274 2501 356 2536 ideo
380 2515 400 2537 a
422 2514 563 2538 summo
584 2501 704 2538 dolore
729 2501 821 2538 alie-

125 2565 237 2590 num.
278 2553 506 2600 Confirmant
540 2561 709 2602 praeterea
743 2568 823 2601 quae

137 2613 369 2683 sequuntur&
395 2609 455 2652 145
483 2621 493 2644 :
519 2609 643 2642 Jamne
666 2621 729 2653 ego
755 2621 823 2643 non

130 2659 262 2758 filii&
276 2715 433 2750 Materni
444 2716 579 2750 celeber
588 2718 722 2750 nomine
727 2715 824 2750 Dm·-

141 2778 203 2802 sus
222 2770 289 2803 ari.
312 2765 514 2803 Drusorum
539 2766 668 2802 familia
683 2793 692 2810 ,
725 2766 823 2802 Livia
869 2803 871 2805 ,

885 1869 1042 1915 primum
1057 1869 1372 1913 denominabatur3
1385 1869 1444 1906 sed
1460 1884 1569 1916 quum

886 1934 979 1956 unus
991 1934 1031 1956 ex
1042 1920 1106 1956 illis
1117 1920 1302 1956 Gallorum
1312 1921 1438 1958 ducem
1451 1936 1571 1969 quem-

887 1972 970 2009 dam
986 2000 995 2018 ,
1018 1974 1168 2008 Drusum
1187 1973 1333 2009 nomine
1345 2000 1354 2018 ,
1373 1970 1570 2019 occidisset,

890 2023 957 2059 hoc
981 2024 1045 2059 sibi
1071 2038 1269 2069 cognomen
1299 2025 1443 2061 addidit.
1475 2027 1573 2062 Hinc

890 2090 1000 2124 genus
1025 2077 1174 2113 ducebat
1200 2079 1300 2113 livia
1321 2080 1479 2114 Drusilla
1491 2106 1500 2121 ,
1529 2079 1572 2114 de

890 2143 958 2175 qua
974 2129 1031 2165 hic
1046 2130 1170 2178 agitur.
1183 2129 1318 2166 Drusos
1327 2131 1451 2178 virgil.
1464 2131 1574 2166 hono-

888 2182 985 2218 rifice
1002 2190 1258 2219 commemorat
1271 2210 1280 2228 ,
1296 2182 1388 2233 ΔΕΒ.
1406 2194 1446 2218 Vl
1458 2211 1467 2226 ‚
1486 2185 1572 2229 824;

887 2236 950 2272 sed
958 2236 1148 2272 adulatorie
1157 2237 1390 2285 magis,quam
1396 2237 1572 2274 historice.

936 2291 1010 2324 150.
1031 2290 1164 2335 Major,
1183 2303 1230 2324 an
1245 2293 1337 2325 alter
1348 2292 1476 2327 adest?
1496 2291 1574 2326 Nec

880 2354 1047 2388 ,quaerere
1075 2342 1149 2387 jam
1176 2349 1301 2389 potero
1322 2369 1332 2386 ,
1366 2350 1445 2377 uter
1477 2342 1575 2378 adest

888 2394 1032 2431 victor?
1065 2394 1208 2431 Natune
1237 2395 1379 2440 maior,
1411 2395 1575 2430 Tiberius

888 2447 1016 2484 scilicet
1028 2472 1038 2492 ,
1064 2459 1108 2482 an
1126 2446 1263 2483 Drusus
1286 2447 1394 2483 srater
1412 2447 1428 2482 ?
1454 2447 1573 2482 Ambo

888 2509 1007 2537 autem
1039 2501 1186 2537 victores
1225 2502 1299 2548 jam
1334 2501 1515 2536 redierant
1553 2515 1574 2536 e

889 2555 1022 2591 Rhaetis
1035 2581 1046 2599 ,
1072 2554 1264 2591 Vindelicis
1282 2562 1347 2591 etc.
1360 2582 1370 2599 ,
1388 2568 1466 2600 quae
1486 2554 1572 2600 qui-

888 2607 972 2643 dem
994 2607 1148 2643 victoriae
1170 2608 1357 2655 magnifice
1379 2607 1468 2642 adeo
1487 2609 1572 2642 sue—

887 2668 974 2696 runt
985 2661 1027 2696 ab
1040 2661 1192 2696 Horatio
1208 2660 1400 2695 decantatae
1412 2686 1422 2704 ‚
1443 2659 1501 2695 lib.
1517 2670 1571 2703 1v,

889 2713 961 2750 Od.
984 2715 1005 2757 4
1023 2720 1059 2748 et
1086 2715 1135 2757 14.

936 2780 949 2800 1
954 2767 1008 2814 59.
1017 2766 1131 2811 Atque
1136 2766 1501 2805 uffoamDrusimanus
1508 2777 1526 2798 e
1531 2770 1571 2797 tc.
