1884 3112
0 2595 2 2606 -
0 2514 9 2532 vr
0 2448 10 2504 '⁴2²2
0 2276 11 2440 arv-vm,
0 1819 12 2270 -vu-aew,=Wssv-.v=-

55 2039 62 2046 μ

533 242 839 292 CYmPPE
879 243 1228 291 AcoN‘rm.
1509 241 1595 303 395

163 342 232 393 Ne
253 350 403 390 tamen
423 338 628 403 ignores,
652 358 741 407 ope
762 358 853 406 qua
871 338 1146 397 revalescere
1158 335 1357 406 possim,

227 417 460 484 Quaeritur
481 436 508 466 a
530 415 722 485 Delphis
744 416 834 466 fata
856 429 1040 467 canente
1058 418 1173 467 Deo,

162 497 210 547 Is
233 514 415 566 quoque
437 495 590 545 nescio
613 514 747 562 quam
769 514 913 554 nunc,
936 506 991 547 ut
1011 514 1123 559 vaga
1143 494 1260 544 fama
1283 502 1510 551 susurrat,

227 574 486 638 Neglectam
509 573 713 642 queritur
737 573 864 624 testis
887 573 1054 622 habere
1076 572 1223 622 fidem.

32 649 42 654 '⁸
110 673 114 677 ·
164 653 267 703 Hoc
288 654 414 704 Deus
437 664 483 703 et
502 665 646 712 vate8‚
672 652 760 701 hoc
782 664 828 702 et
845 671 944 703 mea
967 651 1160 701 carmina
1179 650 1362 703 dicunt:
1432 680 1436 686 -
1535 660 1600 696 235

227 731 294 781 At
315 730 480 780 desunt
498 742 613 780 voto.
627 730 823 780 carmina
844 728 976 779 nullax
992 740 1105 778 tuo.-

163 809 297 860 Unde
320 809 407 882 tibi
429 809 556 860 favor
573 809 689 859 hio?
707 808 800 858 nisi
823 808 953 876 quod
966 827 1085 858 nova
1109 806 1224 856 forte
1246 816 1422 873 reperta
1443 815 1534 862 est,

162 951 246 988 licet
257 950 357 998 firm
376 952 494 987 dmm
522 957 636 987 tentat
663 950 822 987 emollire
837 976 848 996 ,

160 1003 296 1050 sibique
312 1010 495 1039 amantem
506 1013 663 1039 exorare.

206 1056 283 1092 231.
309 1058 383 1102 Ope
395 1069 467 1103 qu
479 1059 686 1094 revalescere
697 1059 829 1103 possim
837 1083 849 1098 ‚

166 1110 339 1153 Quen'Iur
343 1122 368 1144 a
372 1110 521 1156 Delphis
518 1111 606 1156 sata
613 1114 757 1145 canente
763 1111 852 1144 Deo.

156 1164 159 1165 ⁷
167 1160 377 1197 consulitur
385 1161 554 1207 Phoebusg
563 1162 624 1208 qui
636 1160 784 1208 Delphis
792 1161 853 1197 dat

163 1227 330 1262 responsa
339 1241 350 1260 ,
360 1227 430 1261 qua
435 1215 613 1251 medicina
623 1214 754 1261 possim
764 1227 854 1250 con-

163 1267 337 1304 valescere
352 1293 364 1312 ‚
380 1274 423 1303 -et
446 1267 537 1305 vires
561 1279 781 1314 recuperare.
809 1265 854 1302 C.·

208 1317 484 1364 234.Neelectam
498 1323 649 1366 queritur
665 1323 766 1354 tcshlr
778 1320 853 1354 'ha-

165 1373 244 1406 bem
245 1373 369 1419 fidem.
383 1372 408 1407 J
411 1367 474 1411 ure
489 1374 748 1417 inexpltkabilia
760 1371 834 1407 haec
841 1397 852 1415 ‚

165 1430 206 1458 ut
237 1430 324 1459 tunc
341 1457 345 1461 ,
355 1424 564 1471 legebantur
576 1451 586 1469 ‚
611 1424 855 1470 pronuntiavit

166 1474 334 1525 Micyllus
344 1489 355 1520 ;
367 1475 430 1512 sed
439 1502 450 1521 ‚
462 1483 507 1512 ut
517 1476 640 1522 aliquis
649 1489 770 1512 sensus
791 1489 855 1522 ap-v

165 1534 287 1574 pareat
298 1555 310 1574 ,
325 1528 374 1564 ita
385 1529 640 1565 constituerem
654 1540 663 1564 :

166 1588 194 1613 l·
212 1597 320 1624 quoquc
333 1590 423 1616 neseio
441 1598 538 1624 qum,
557 1598 629 1616 nuno
651 1594 682 1615 ut
699 1598 764 1623 vogn
783 1589 854 1615 sam

266 1643 402 1671 ‘um’

194 1689 350 1734 Negla-aun
359 1690 495 1725 queritur,
507 1690 582 1724 testis
592 1710 601 1723 ,
611 1691 707 1718 lubere
720 1691 808 1718 fidem.

161 1740 199 1768 Bt
207 1742 281 1768 Dens
289 1741 339 1769 hoe
352 1747 426 1770 vatos
433 1761 443 1776 ,
454 1742 504 1770 boo
515 1749 542 1769 ει
549 1743 616 1769 mihi
625 1745 742 1770 carmina
749 1744 854 1772 dicunt.

197 1793 275 1826 (AM
289 1793 457 1821 desunt-voto
465 1795 583 1821 earmina
594 1796 668 1820 nulla
681 1801 736 1822 tuo.
750 1796 762 1830 )

162 1844 198 1882 Is
207 1845 321 1892 Deus,
329 1851 430 1884 iestis·
436 1855 474 1884 et
482 1849 612 1891 arbiter
620 1849 720 1895 jurisj
724 1849 853 1884 urandi

163 1899 238 1935 mei
245 1925 257 1944 ,
263 1903 537 1946 queriturnescio
544 1914 645 1947 quam
651 1929 661 1944 ‚
672 1902 811 1946 (nomin
815 1915 855 1936 a-

164 1953 232 1988 tim
247 1953 345 1988 enim
359 1953 544 1988 oraculum
559 1966 634 1988 non
652 1953 764 1989 solere
783 1954 853 1988 ali-

148 2032 156 2037 .
166 2018 275 2052 quem
294 2005 476 2052 designare
490 2032 500 2050 ,
522 2012 665 2052 apparet
681 2006 788 2041 etiam
811 2019 854 2040 ex

165 2057 279 2105 Epist.
294 2069 367 2093 xm
380 2085 390 2103 ,
406 2059 470 2107 93:

166 2114 228 2139 Son
238 2122 344 2148 quoquc
355 2116 442 2139 nascio
452 2122 532 2148 quem
541 2112 596 2139 fato
607 2113 724 2146 designat
735 2113 853 2147 iniquo.)

165 2163 290 2197 habere
312 2165 500 2208 neglectam
511 2164 622 2208 fidem
645 2175 656 2196 ,’
678 2165 777 2196 lestis
802 2168 855 2197 est

165 2216 239 2263 ipse
250 2215 360 2252 Deus.
373 2216 468 2252 Nam
480 2216 604 2250 millies
618 2216 665 2250 ita
679 2215 717 2249 in
732 2214 798 2250 hac
814 2227 854 2249 re

168 2267 307 2304 dicitur.
318 2268 479 2304 Sufficiat
492 2267 567 2304 Cic.
576 2279 637 2312 111,
652 2267 695 2302 de
707 2267 781 2303 Off.
793 2280 854 2315 29:

166 2323 414 2368 Jusjumndum
421 2328 478 2358 est
482 2323 667 2370 affirmatio
676 2325 835 2367 religiosa
844 2334 855 2356 .·

166 2377 374 2421 quodaulem
379 2376 747 2422 affirmate-‚quasiBeo
756 2379 851 2416 teste,

160 2431 359 2474 pmmtlrenlr
368 2455 377 2470 ,
390 2430 432 2464 id
441 2430 619 2463 tenendum
633 2433 697 2462 est.
713 2427 759 2462 Et
772 2427 860 2462 infi-

166 2481 243 2516 nita
255 2479 334 2516 talia
351 2480 476 2516 adduci
489 2488 642 2527 possent.
658 2482 855 2525 Neglcclam

155 2536 265 2582 fidem
280 2536 404 2569 babere
425 2541 519 2569 recte
539 2532 724 2579 Crispinus
740 2533 856 2579 expli-

168 2594 225 2622 cat
241 2599 306 2633 pro
321 2587 499 2633 negligere
514 2613 523 2631 ,
539 2594 580 2622 ut
597 2587 744 2622 Terent.
761 2586 855 2621 Eun.

169 2651 214 2684 11,
228 2641 262 2684 3,
278 2655 320 2689 9²
332 2654 340 2676 :
351 2642 578 2685 Desptcatam
588 2642 856 2675 adolescentiam

170 2696 302 2729 babere.
318 2693 356 2728 Si
368 2693 523 2740 legamus
539 2705 623 2728 vero
637 2694 735 2728 Deus
746 2700 781 2727 et
792 2688 858 2728 v‘a·

172 2751 238 2787 tes,
256 2745 504 2792 intelligendus
520 2745 680 2781 sacerdos
699 2752 734 2780 et
749 2746 858 2781 antis-

173 2805 225 2835 tes
247 2799 368 2846 templi
389 2811 397 2834 :
423 2807 460 2835 ut
486 2803 585 2835 vates
611 2811 675 2846 pro
701 2811 832 2846 augure
846 2826 856 2844 ,

915 950 1072 998 aruspice
1083 957 1119 987 et
1130 949 1264 997 quovis,
1273 948 1333 995 qui
1342 947 1493 984 sanctius
1505 947 1603 982 Deos

915 1004 1016 1049 colit,
1029 1010 1190 1040 sumatur
1202 1001 1282 1038 :sed
1293 1001 1414 1036 malim
1423 1028 1434 1045 ,
1447 1002 1498 1035 Et
1505 1001 1604 1034 Deus

915 1058 981 1092 boc
995 1060 1114 1099 vates,
1130 1062 1171 1091 ut
1186 1054 1315 1102 Apollo
1332 1053 1407 1100 ipse
1421 1051 1604 1098 intelliga-

916 1116 989 1154 tur,
998 1113 1226 1156 quemvatem
1233 1107 1302 1143 dici
1309 1104 1604 1149 videbimus‚Am.

918 1173 933 1197 1
943 1189 953 1207 ,
963 1161 1018 1197 El.
1029 1173 1102 1198 vul
1112 1189 1121 1207 ,
1140 1164 1193 1210 59.
1208 1159 1349 1196 Deinde
1367 1171 1443 1194 mea
1452 1161 1605 1193 carmina

917 1222 1061 1262 possent
1082 1214 1226 1261 quidem
1250 1212 1410 1260 explicari
1431 1210 1519 1246 mihi
1542 1222 1605 1256 per

918 1269 1102 1314 oraculum
1117 1267 1210 1304 edita
1227 1281 1237 1310 ς
1254 1266 1315 1302 sed
1332 1278 1446 1312 quum
1470 1277 1546 1299 mea
1570 1269 1606 1298 et

918 1324 1023 1364 mihi,
1039 1326 1100 1356 tua
1115 1328 1151 1356 et
1170 1323 1237 1355 tibi
1246 1318 1377 1361 centies
1397 1316 1491 1364 apud
1507 1315 1606 1352 Ovi-

920 1374 1021 1410 dium
1035 1388 1055 1410 a
1068 1373 1217 1410 librariis
1231 1370 1442 1408 commutari
1455 1370 1603 1412 soleant,

919 1427 1042 1463 malim
1061 1429 1150 1463 mihi
1164 1428 1285 1461 dicunt
1294 1438 1306 1470 ‚·
1328 1431 1370 1460 ut
1386 1423 1482 1470 quod
1503 1429 1607 1458 antea

910 1481 1068 1527 famam,
1096 1493 1176 1526 quae
1197 1478 1352 1514 mendax
1373 1490 1446 1513 esse
1466 1481 1582 1522 potest
1595 1500 1606 1519 ,

919 1546 1092 1569 susurrum
1108 1532 1254 1575 dixerit,
1271 1544 1373 1566 nuno
1383 1529 1448 1565 sibi
1464 1540 1606 1575 quoque

919 1594 1080 1622 constare
1099 1600 1140 1622 ex
1155 1586 1230 1632 ipso
1246 1584 1316 1619 Dei
1331 1594 1501 1629 responso
1511 1606 1521 1624 ,
1535 1593 1607 1616 car-

919 1639 1074 1676 minibus
1096 1637 1192 1674 edito
1204 1663 1214 1682 ‚
1232 1636 1397 1672 affirmet.
1415 1635 1503 1670 Haec
1519 1645 1606 1668 om-

919 1691 979 1727 nia
990 1691 1140 1737 suspirio
1156 1689 1313 1736 quodam
1327 1686 1517 1723 concludit.
1528 1685 1606 1722 Ab!

919 1744 991 1789 (ita
1004 1751 1102 1780 >recte
1118 1743 1227 1779 etiam
1243 1741 1428 1787 Crispinus
1439 1738 1607 1785 conjecit)

920 1796 1017 1832 nulla
1032 1796 1190 1832 carmina
1204 1822 1214 1840 ,
1235 1807 1353 1841 neque
1378 1800 1438 1829 tua
1451 1819 1461 1837 ,
1481 1792 1606 1838 quibus

920 1863 979 1885 me
995 1848 1183 1896 decepisti,
1200 1860 1319 1894 neque
1337 1845 1510 1892 Apollinis
1522 1871 1531 1889 ,
1545 1844 1607 1879 tibi

921 1903 1071 1948 desunt,
1099 1910 1140 1938 ut
1162 1909 1246 1936 voto
1268 1900 1411 1947 potiaris
1433 1906 1507 1934 tuo.
1531 1897 1607 1942 Qui

920 1955 1068 1991 meliora
1084 1954 1240 1990 attulerit
1250 1980 1260 1998 ,
1278 1954 1427 1988 libentes
1443 1953 1475 1987 ei
1491 1963 1608 1986 assur—

920 2021 1053 2054 gemus.
1064 2008 1200 2043 BURM.
1212 2026 1257 2034 -
1270 2006 1389 2040 Exstat
1403 2011 1439 2040 et
1457 2005 1494 2038 in
1512 2003 1608 2038 hunc

920 2061 1039 2096 locum
1069 2060 1161 2096 doct.
1187 2060 1233 2094 V.
1254 2058 1425 2094 RIedenb.
1447 2057 1607 2092 Waker.

923 2113 1144 2158 (Amaenitat.
1160 2113 1229 2148 Lit.
1250 2122 1321 2146 xm
1334 2138 1343 2155 ‚
1361 2125 1394 2157 p.
1411 2111 1506 2157 117.)
1519 2122 1608 2144 con-

921 2166 1077 2212 iectura:

922 2227 949 2252 Is
961 2235 1066 2261 quoque
1075 2246 1083 2258 ‚
1107 2226 1195 2252 nescio
1206 2234 1285 2260 quam
1292 2244 1301 2256 ,
1318 2233 1388 2250 nunc
1407 2224 1428 2249 it
1439 2233 1506 2257 vaga
1517 2223 1586 2248 fama
1599 2241 1607 2254 ,

1025 2277 1120 2302 sororis

953 2326 1108 2359 Neglectnm
1115 2331 1165 2351 etc.

922 2379 996 2414 Sed
1016 2377 1118 2413 nobis
1139 2377 1289 2412 omnino
1314 2374 1608 2422 acquiescendum

922 2431 1062 2466 videtur
1086 2430 1124 2465 in
1146 2430 1284 2477 vulgata
1308 2430 1458 2464 lectione
1473 2454 1482 2472 ‚
1501 2440 1608 2473 quam

923 2484 1048 2520 eximie
1058 2496 1169 2529 quum
1178 2482 1441 2526 adstruxit,tum
1448 2479 1611 2527 explicuit

922 2537 1164 2572 Burmannus.
1180 2536 1345 2571 Lunum.

967 2589 1043 2624 236.
1066 2590 1120 2624 At
1142 2590 1266 2624 desunt
1285 2593 1364 2623 volo
1385 2595 1451 2623 etc.
1478 2587 1611 2622 Sensus

923 2649 996 2676 est:
1013 2641 1081 2676 hoc
1096 2643 1204 2683 Deus,
1215 2648 1250 2676 et
1266 2641 1321 2676 ille
1334 2640 1479 2686 quidem
1494 2643 1611 2683 vates,-

923 2694 992 2729 hoc
1011 2694 1183 2740 Apollinis
1205 2697 1372 2734 carmina,
1391 2693 1460 2728 hoc
1479 2699 1515 2727 et
1534 2706 1611 2727 mea

924 2749 1011 2782 mihi
1021 2746 1178 2784 carmina
1195 2747 1367 2792 objiciunt
1377 2772 1387 2790 ,
1402 2759 1443 2781 ea
1451 2745 1588 2781 ‘scilicet
1597 2771 1607 2788 ,

926 2800 1051 2845 quihus
1068 2812 1187 2836 meam
1211 2799 1273 2835 tibi
1297 2798 1408 2834 fidem
1433 2798 1610 2834 obstrinxi.
