1884 3112
294 240 381 298 412
583 242 675 288 AD
710 242 978 290 LIVIAM
1013 242 1405 292 AUGUSTAM

293 336 356 383 At
376 334 620 384 miseranda
642 353 801 402 parens
823 354 1027 404 suprema
1050 357 1193 405 neque
1219 339 1369 389 oscula
1392 338 1517 400 fixit;
1659 355 1706 401 95

358 412 536 475 Frigida
558 431 637 461 nec
661 413 773 461 fovit
794 414 988 463 membra
1013 426 1222 466 tremente
1246 418 1361 467 sinu.

292 490 397 538 Non
421 489 609 537 animam
633 489 840 556 adposito
864 490 1105 554 fugientem
1129 494 1300 560 excepit
1321 493 1475 554 hiatu;

356 567 448 614 Nec
473 566 606 614 traxit
630 586 760 615 caesas
782 587 861 634 per
884 580 960 617 tua
981 571 1179 619 membra
1196 590 1355 620 comas.

293 644 467 709 Raptus
492 655 537 692 et
560 644 756 703 absenti,
781 646 887 694 dum
910 658 952 694 te
975 645 1066 695 fera
1085 646 1204 696 bella
1225 658 1456 696 morantur
1467 661 1483 708 ,‘

359 719 526 768 Utilior
546 722 698 787 patriae
712 759 724 780 ‚
750 742 880 788 quam
904 723 1005 782 tibi,
1028 725 1313 783 Druse‚⁴tuae.
1645 751 1706 776 ιοο

291 798 521 865 Liquitur;
544 811 595 847 ut
619 800 863 866 quondam,
889 801 1102 868 Zephyris
1125 814 1170 851 et
1192 801 1365 852 solibus
1387 803 1515 864 ictae;

356 875 603 924 Solvuntur
625 889 803 936 tenerae,
829 898 926 927 vere
948 890 1146 946 tepente,
1171 880 1306 929 nives.

292 954 356 1003 Te
381 954 601 1020 queritur,
626 973 838 1021 casusque
860 955 1023 1014 malos,
1047 957 1261 1024 irrisaque
1286 957 1416 1018 tales,'

358 1031 636 1097 Accusatque
659 1051 818 1090 annos,
843 1044 896 1080 ut
918 1033 1150 1093 diuturna,
1175 1054 1293 1084 suos.

292 1106 413 1156 Talis
436 1108 484 1156 in
507 1109 751 1167 umbrosis,
776 1109 896 1157 mitis
919 1129 1037 1158 nunc
1060 1109 1276 1176 denique,
1301 1109 1422 1160 silvis
1630 1120 1707 1161 '105

356 1180 500 1234 Deflet
520 1186 774 1235 Threicium
797 1186 979 1235 Daulias
1003 1186 1091 1235 ales
1113 1188 1214 1252 Ityn
1233 1205 1244 1235 t

292 1261 569 1329 Halcyonum
593 1264 701 1313 tales
724 1276 905 1313 ventosa
925 1283 1006 1330 per
1028 1282 1205 1329 aequora
1228 1274 1409 1329 questus
1446 1314 1450 1317 ,
1469 1271 1475 1277 ’

354 1340 428 1388 Ad
453 1340 606 1390 surdas
631 1341 754 1390 tenui
776 1342 890 1390 voce'
905 1352 1120 1395 sonantur
1141 1358 1306 1407 aquas:

290 1516 417 1539 manus.
450 1503 543 1550 Quae
561 1517 643 1539 mox
665 1505 819 1541 fraterna
840 1519 966 1543 manus

291 1555 459 1592 occludet.

334 1610 388 1655 95,
414 1609 468 1643 At
480 1610 669 1643 miseranda
676 1621 802 1653 parens
817 1615 880 1644 etc.
895 1609 965 1643 Eu-

290 1660 377 1707 ryali
387 1667 499 1694 mater
511 1660 602 1705 apud
616 1660 712 1705 Virg.
727 1661 811 1694 AEn.
820 1671 873 1704 lx,
886 1661 963 1704 483,

290 1711 351 1746 sed
364 1711 604 1746 vehementius
616 1712 728 1746 multo
737 1738 747 1756 ‚
762 1719 802 1746 ut
814 1719 964 1747 matrem

290 1763 401 1809 ipsam
417 1763 560 1798 decebat
576 1773 584 1795 :

445 1827 501 1853 Nee
512 1834 538 1852 te
549 1827 597 1852 sub
610 1833 679 1853 tanta
687 1827 802 1861 pericula
813 1828 923 1853 missum

291 1876 377 1902 Affari
389 1881 533 1902 extremm
544 1877 642 1901 misem
654 1877 713 1902 duta
725 1878 798 1910 copia
809 1877 885 1902 matri
896 1879 903 1902 l

290 1925 367 1950 Heu!
381 1931 448 1950 terra
459 1926 559 1958 ignota,
570 1925 676 1950 canibus
686 1926 746 1951 data
757 1926 841 1959 praeda
856 1926 942 1951 latinis
953 1945 964 1958 ‚

289 1974 459 2008 Alitibusque
469 1975 550 2008 jaces!
569 1983 615 1999 nec
629 1980 654 1999 te
663 1979 708 1999 tua
719 1973 810 1999 funera
820 1980 902 1999 mater

290 2022 418 2054 Produxi,
431 2023 545 2056 pressive
554 2023 657 2054 oculos,
671 2028 716 2048 aut
725 2023 833 2049 vulnera
850 2022 902 2048 lavi
912 2041 922 2054 ‚

289 2072 368 2097 Veste
378 2077 466 2104 tegens
476 2072 482 2096 l
496 2076 545 2097 etc.

337 2136 410 2158 101.
433 2125 611 2169 Lae'qu1‘lur,·
639 2127 680 2158 ul
704 2126 868 2170 quondam
898 2132 962 2161 etc.

290 2175 445 2211 Solvitur
456 2175 492 2210 in
503 2176 658 2211 lacrimas
670 2189 677 2210 :
692 2177 832 2222 propria
843 2190 909 2211 vox
921 2190 964 2212 eo

290 2239 394 2262 sensu
410 2230 553 2272 liquitur.
569 2228 666 2273 Virg.
683 2227 811 2275 Georg.
825 2241 839 2263 1
850 2255 860 2273 ‚
879 2229 920 2273 43
933 2239 941 2261 :

384 2304 415 2311 ...
433 2287 541 2312 Gelidus
553 2288 622 2312 canis
635 2297 716 2321 quum
728 2289 860 2314 montibus
871 2288 964 2314 humam-

288 2336 422 2370 Liquitur,
432 2341 457 2361 et
468 2335 590 2370 Zephyro
601 2337 684 2369 putris
697 2345 723 2361 se
736 2337 809 2369 gleba
821 2337 929 2362 resolvit.

336 2385 409 2419 103.
431 2386 478 2419 Te
489 2389 649 2430 queritur,
663 2398 824 2431 casusque
833 2388 940 2421 malos
949 2412 959 2428 ‚

289 2440 449 2481 irrisaque
475 2440 573 2471 tales.
610 2437 771 2473 Feliciter
797 2438 963 2473 Heinsius

288 2488 588 2534 corruptissimum
602 2489 718 2524 locum
730 2516 739 2533 ,
758 2491 817 2535 qui
826 2489 962 2524 nullum

291 2541 438 2574 omnino
467 2554 608 2575 sensum
636 2541 816 2576 exhibebat
830 2567 839 2585 ,
868 2542 963 2577 nulla

290 2592 370 2627 licet
396 2593 503 2628 MSS.
523 2593 577 2627 vel
601 2594 808 2639 scriptorum
832 2607 962 2629 emen-

290 2643 434 2678 dantem
463 2645 645 2680 auctoritas
672 2645 850 2690 adjuvaret
869 2672 880 2691 ,
915 2646 962 2682 sic

290 2696 422 2730 curavit
441 2696 694 2731 restituendum
710 2710 719 2732 ε

321 2751 360 2776 Te
373 2752 489 2784 queritur
499 2757 547 2778 etc.
564 2752 689 2787 irrisaque
702 2758 771 2779 vota.

1031 1505 1084 1547 Ea
1094 1503 1221 1540 scilicet
1229 1503 1339 1539 fretus
1348 1501 1483 1538 ratione
1494 1526 1505 1547 ‚
1521 1500 1616 1548 quod
1627 1499 1705 1538 dun

1030 1564 1215 1604 postremae
1255 1556 1392 1604 syllabae
1435 1555 1474 1590 in
1508 1557 1669 1600 initaque
1691 1581 1703 1595 ‚

1028 1611 1183 1657 priorem
1208 1609 1384 1655 sequentis
1412 1607 1567 1643 vocalmli
1593 1607 1707 1652 (vota)

1028 1662 1193 1710 syllabam
1208 1661 1484 1702 absorbuissent;
1501 1658 1595 1694 unde
1611 1672 1653 1694 ex
1667 1663 1707 1692 la

1030 1717 1122 1760 (quae
1146 1714 1273 1761 syllaba
1303 1720 1442 1748 tantum
1471 1711 1706 1758 superfuerat)

1028 1769 1117 1801 tales
1140 1765 1288 1800 fecerint
1322 1764 1433 1811 inepti
1471 1764 1707 1809 exscriptores.

1030 1818 1119 1852 Haec
1149 1817 1316 1852 Heinsius
1349 1828 1358 1851 ε
1397 1816 1458 1851 sed
1492 1814 1704 1861 ingeniosior

1027 1875 1123 1904 certe
1134 1867 1334 1903 emendatio
1346 1893 1356 1911 ,
1369 1879 1475 1912 quam
1485 1865 1704 1911 conjectura!

1076 1923 1148 1965 104.
1177 1922 1227 1955 Ut
1244 1923 1411 1956 dl'utuma.
1435 1920 1489 1955 Ut
1505 1931 1582 1965 quae
1596 1918 1705 1954 vitam

1027 1972 1163 2019 longius
1181 1972 1374 2018 protulerit.

1075 2026 1148 2059 105.
1176 2026 1273 2059 Talis
1288 2027 1324 2059 iu
1340 2025 1503 2059 umbrosis
1520 2029 1584 2058 εἰς.
1605 2022 1703 2059 Nul-

1027 2075 1081 2111 lus
1102 2089 1183 2111 sane
1202 2076 1258 2111 hic
1274 2082 1349 2110 erat
1364 2075 1458 2110 locus
1482 2074 1519 2108 in
1539 2086 1702 2120 campum

1028 2127 1303 2175 mythologicum
1315 2127 1381 2161 late
1392 2125 1478 2160 adeo
1487 2125 1703 2160 excurrendi.

1030 2179 1139 2224 Quod
1152 2180 1179 2214 si
1190 2179 1280 2214 sorte
1292 2185 1432 2224 poetam
1443 2177 1578 2224 Virgilii
1589 2190 1702 2213 exem-

1027 2231 1125 2277 plum
1135 2231 1321 2266 tentaverit
1332 2256 1342 2274 ,
1356 2230 1415 2276 qui
1424 2229 1536 2265 luctus
1546 2229 1702 2276 Orphei,

1028 2283 1149 2317 amissa
1162 2281 1336 2329 Euridyce
1348 2307 1358 2326 ,
1375 2294 1457 2317 cum
1469 2281 1565 2316 luctu
1579 2281 1702 2317 Philo-

1027 2335 1128 2370 melae
1146 2342 1324 2381 comparat
1337 2360 1347 2378 ,
1375 2333 1503 2380 Georg.
1521 2344 1562 2369 1v
1573 2360 1584 2379 ‚
1610 2335 1671 2370 511
1688 2348 1701 2377 ς

1027 2388 1200 2423 debuisset
1223 2387 1403 2422 attendere
1430 2387 1618 2421 Maronem
1640 2387 1701 2421 sa-

1026 2440 1145 2475 bulam
1171 2452 1313 2475 narrare
1327 2466 1337 2484 ,
1372 2452 1448 2484 quae
1472 2451 1534 2473 sua
1565 2444 1703 2484 peteret

1027 2497 1235 2525 ornamenta
1253 2516 1264 2535 ,
1295 2504 1337 2525 ex
1356 2491 1430 2536 ipso
1455 2490 1551 2524 sonte
1565 2515 1575 2534 ,
1604 2489 1701 2524 unde

1028 2550 1116 2577 esset
1130 2539 1298 2577 oriunda:
1315 2542 1492 2577 Nasonem
1506 2553 1590 2576 vero
1609 2542 1700 2575 sacto

1026 2594 1212 2628 recentiori
1224 2620 1234 2638 ‚
1247 2601 1283 2628 et
1294 2593 1435 2639 quidem
1446 2592 1696 2636 crudelissimo,

1026 2646 1145 2681 matris
1158 2646 1262 2692 ipsius
1278 2659 1378 2681 aures
1393 2646 1586 2680 verberare.

1073 2698 1144 2732 106.
1178 2699 1326 2732 Daulias
1348 2700 1431 2734 ales.
1465 2696 1556 2732 Vide
1587 2693 1696 2741 Epis-—

1027 2748 1134 2784 tolam
1150 2760 1198 2787 xv
1210 2775 1221 2794 ‚
1249 2749 1320 2784 156.
