1884 3112
276 234 364 290 408

565 235 658 282 AD
692 236 961 283 LIVIAM
1001 235 1395 284 AUGUSTAM

275 328 304 375 J
306 346 375 375 am
397 327 562 385 veniet;
580 328 668 394 jam
688 347 756 377 me
782 340 1023 391 gratantem
1046 329 1179 378 turha
1193 328 1388 379 videbit:

341 404 442 452 Jam
463 404 573 452 mihi
596 424 679 470 pro
702 406 850 454 Druso
876 405 991 454 dona
1007 405 1184 454 ferenda
1207 425 1320 454 meo.
1363 441 1366 444 ·

278 479 425 533 Obvia
448 481 726 546 progrediar,
751 481 943 548 felixque
966 501 1046 548 per
1066 482 1233 548 oppida
1254 481 1412 539 dicar}

341 557 555 625 Collaque
580 571 624 607 et
646 559 732 608 hoc
757 559 913 608 oculos
936 559 1056 608 illius
1081 578 1154 608 ore
1178 577 1384 625 premam.

274 635 396 684 Talis
420 636 529 694 erit3
557 638 619 686 sic
644 649 866 695 occurret,
897 637 960 686 sic
984 636 1135 685 oscula
1154 637 1342 701 junget:
1612 644 1619 651 ”
1648 650 1692 686 35

340 713 440 761 Hoc
464 713 573 761 mihi
596 714 813 771 narrabit;
842 714 905 761 sic
928 713 1054 780 prior
1075 714 1171 780 ipsa
1193 713 1364 779 loquar.
1428 743 1432 766 ,-
1660 720 1661 723 ’

282 789 455 838 Gaudia
477 810 587 838 vana
609 790 749 848 foves;
774 809 897 857 spem
919 810 1036 857 pone
1050 828 1062 848 ,
1086 790 1351 848 miserrima,
1375 788 1552 840 falsam:

342 866 507 915 Desine
532 866 585 915 de
607 867 756 916 Druso
780 866 878 916 laeta
900 867 1059 916 referre
1084 879 1176 916 tuo.

278 944 464 994 Caesaris
488 943 601 992 illud
625 963 760 1010 opus,
781 945 872 992 voti
895 963 997 1010 pars
1021 943 1156 993 altera
1178 945 1334 1003 vestri,

345 1021 523 1069 Occidit
542 1041 551 1069 :
570 1021 800 1083 indignas,
827 1021 969 1078 Livia,
995 1019 1113 1069 solve
1137 1040 1296 1070 comas.
1650 1033 1695 1082 4ο

278 1099 405 1163 Quid
426 1099 508 1147 tibi
534 1118 653 1147 nunc
676 1117 821 1146 mores
839 1109 1050 1164 prosunt,
1075 1109 1307 1165 actumque
1330 1098 1488 1165 pudice

346 1179 492 1225 Omne
516 1196 674 1233 aevum,
701 1188 745 1224 et
769 1187 891 1223 tanto
917 1186 1004 1223 tam
1026 1174 1243 1241 placuisse
1264 1176 1389 1224 viro?

277 1254 490 1320 Quidque
512 1252 727 1319 pudicitia
751 1263 921 1300 tantum
946 1250 1156 1300 inviolata
1177 1252 1427 1310 bonorum,

343 1330 511 1378 Ultima
529 1330 587 1378 sit
608 1329 758 1378 laudes
779 1330 895 1378 inter
911 1340 962 1377 ut
983 1327 1058 1376 illa
1079 1340 1176 1377 tuas
1194 1329 1214 1376 ?
1263 1391 1269 1398 ι
1614 1390 1616 1393 v

278 1409 405 1474 Quid
432 1408 624 1456 tenuisse
647 1407 841 1455 animum
865 1417 1016 1455 contra
1039 1425 1118 1454 sua
1141 1405 1289 1455 secula
1312 1417 1507 1463 rectum;
1650 1418 1698 1467 4⁵?

344 1486 493 1535 Altius
514 1497 558 1534 et
579 1485 699 1533 vitiis
722 1483 963 1534 exseruisse
987 1484 1156 1550 caput?

321 1646 374 1679 31.
397 1647 480 1678 Jarn
492 1647 677 1679 venieletc.
703 1644 795 1679 Suus
812 1656 891 1679 eam
907 1644 955 1679 ita

274 1697 366 1734 ludit
383 1709 483 1731 error
504 1709 586 1731 vere
607 1703 786 1731 maternus
797 1722 807 1741 ,
824 1703 862 1730 ut
878 1709 956 1741 quae

278 1751 371 1786 dicet
383 1776 391 1794 ,
404 1761 549 1795 quaeque
563 1748 691 1783 dicenti
706 1749 834 1783 reseret
845 1747 934 1782 filius
942 1773 953 1792 ‚

279 1801 400 1836 animo
422 1801 493 1845 jam
510 1799 682 1845 praecipiat
694 1812 702 1834 ι
715 1800 771 1834 Sic
785 1802 952 1839 occurret,

280 1857 331 1887 sic
354 1854 471 1887 oscula
484 1851 631 1895 jauge13
653 1853 716 1886 boc
730 1853 816 1885 mihi
830 1864 955 1884 narra-

281 1908 334 1940 bit
348 1912 411 1939 etc.
431 1904 522 1949 Quis
537 1917 621 1939 vero
629 1916 703 1938 non
716 1904 855 1938 festinet
865 1915 956 1947 spem

281 1957 370 1992 adeo
383 1956 518 2001 salsam
542 1956 748 2001 abrumpere
761 1981 771 1999 ,
787 1962 822 1989 et
838 1955 956 1989 excla—

279 2022 378 2044 mare
387 2021 468 2044 cum
477 2015 594 2054 poeta:
605 2009 741 2042 Gaudia
749 2019 838 2040 vana
838 2005 957 2051 fores!

325 2061 378 2108 39.
405 2062 547 2095 Caesaris
569 2061 658 2094 illud
669 2072 763 2103 opus.
784 2059 838 2093 Eo
855 2070 960 2093 sensu

284 2115 427 2147 Coesan‘s
441 2125 522 2156 opus
529 2112 687 2147 Drusum
704 2111 796 2154 dicit,
808 2110 900 2156 quod
917 2111 959 2145 il-

281 2165 358 2199 lum
374 2165 436 2200 sibi
452 2171 487 2199 et
500 2165 682 2199 Tiberium
699 2165 843 2198 fratrem
855 2163 891 2197 in
907 2162 958 2196 fl-

278 2216 344 2252 lios
373 2217 549 2262 Augustus
574 2216 806 2261 adscripscrat.
816 2233 860 2241 —-
882 2217 965 2249 Voti

275 2281 360 2314 pars
371 2271 481 2302 altera
497 2271 609 2301 vesta:
626 2267 684 2302 Sic
694 2280 734 2301 ex
746 2267 817 2311 ipso
829 2264 958 2300 Ovidio

282 2319 551 2366 corrigendum,
574 2319 634 2365 qui
658 2320 762 2355 Pont.
779 2329 819 2353 1v
831 2343 841 2362 ,
862 2317 958 2362 Eleg-

284 2384 356 2407 xm
367 2400 376 2416 ‚
393 2374 455 2417 47:

283 2429 326 2453 Sic
341 2428 441 2453 valeant
454 2427 543 2460 pueri,
556 2432 646 2452 votum
661 2434 796 2452 commune
809 2425 930 2450 duorum.

283 2476 353 2511 Alii
365 2488 488 2510 omnes
496 2488 504 2509 ι
521 2477 557 2510 V
550 2478 719 2519 elutipars
727 2477 838 2509 altera
846 2477 958 2514 vestri,

327 2530 380 2571 41.
409 2529 502 2570 Quid
511 2529 577 2562 tibi
589 2540 675 2561 nuuc
690 2539 796 2561 mores
812 2533 874 2561 etc.
893 2526 959 2562 Ni—

284 2581 375 2615 mius
400 2580 454 2615 hic
473 2587 575 2625 poeta
595 2580 631 2615 in
655 2580 760 2614 Liviae
783 2579 959 2614 laudibus:

282 2632 455 2678 parciores
463 2633 587 2675 multo,
599 2632 659 2667 sed
676 2633 790 2666 forsan
808 2632 960 2678 iniquio-

282 2697 353 2728 res,
362 2684 469 2719 Tacit.
484 2685 581 2719 Suet.
591 2685 671 2720 Dio.
679 2684 848 2720 Patercul.
861 2696 957 2727 vern,

288 2735 345 2771 lib.
362 2748 411 2780 11,
433 2736 512 2780 130,
530 2750 592 2782 per
608 2737 727 2772 omnia
736 2737 821 2772 Deis
831 2762 842 2781 ,
855 2749 960 2782 quam

1018 1642 1231 1686 hominibus,
1242 1643 1445 1678 similiorem
1459 1641 1628 1678 femiam
1640 1640 1696 1677 di-

1019 1713 1101 1735 cere
1120 1711 1194 1733 non
1209 1697 1352 1732 dubitat.

1062 1751 1116 1794 43.
1142 1752 1291 1794 Quidque
1304 1748 1472 1792 pudt'ct'liu
1489 1750 1617 1782 lantum
1632 1748 1694 1780 ia-

1020 1804 1146 1837 violata
1159 1805 1312 1836 bonorum
1324 1802 1343 1836 ,Ρ
1355 1800 1466 1835 Locus
1481 1805 1575 1834 certe
1584 1810 1696 1832 men-

1020 1853 1217 1889 dos-issimus
1235 1878 1245 1896 ,
1261 1853 1297 1887 in
1319 1864 1426 1897 quem
1444 1858 1562 1885 tamen
1587 1849 1696 1884 resti·-

1019 1905 1193 1942 tuendum
1203 1904 1364 1946 vicissim,
1377 1902 1437 1938 sed
1449 1903 1587 1946 frustra,
1599 1913 1697 1936 cons·

1020 1957 1146 2004 pirasse
1163 1956 1264 1991 video
1276 1956 1368 1990 viros
1379 1953 1601 1989 doctissimos.
1611 1954 1695 1989 Non

1023 2009 1113 2044 male
1130 2009 1286 2044 Pithoeus
1298 2034 1308 2052 ,
1330 2011 1365 2042 iu
1386 2010 1515 2041 tantum
1535 2008 1698 2041 inviolata

1022 2065 1187 2097 bonorum.
1211 2061 1365 2096 Maxima
1387 2059 1511 2105 quippe
1525 2060 1697 2103 pudicitia

1021 2114 1106 2157 laus,
1116 2126 1192 2158 quae
1200 2117 1235 2148 iu
1245 2117 1340 2147 tauto
1350 2115 1504 2146 bonorum
1510 2123 1695 2154 concursu,

1022 2165 1058 2199 id
1074 2172 1142 2209 est,
1153 2178 1262 2210 quum
1274 2171 1325 2199 tot
1336 2163 1558 2209 suppeditent
1571 2175 1694 2206 causae,

1023 2229 1100 2261 quae
1116 2217 1246 2262 possint
1261 2216 1388 2251 violare
1399 2242 1409 2259 ‚
1426 2217 1589 2250 &violata
1607 2227 1695 2260 per-

1022 2276 1152 2303 manet.
1161 2268 1230 2303 Sed
1239 2268 1343 2303 latina
1350 2268 1467 2302 minus
1474 2266 1602 2302 locutio
1609 2266 1695 2308 bac,

1023 2333 1129 2365 quam
1152 2328 1191 2355 ut
1212 2319 1464 2355 admittendam
1490 2318 1695 2364 putaverim.

1024 2372 1156 2419 Micylli
1173 2372 1319 2418 vestigiis
1333 2371 1493 2406 insistens
1506 2369 1671 2405 Heinsius
1683 2394 1695 2413 ‚

1023 2424 1208 2470 aliquando
1223 2424 1414 2471 cogitabat:

1023 2479 1146 2513 Quidque
1156 2479 1284 2512 pudicitia
1294 2483 1393 2503 tantum
1403 2477 1546 2504 cumulasse
1554 2475 1697 2503 bonorum?

1024 2529 1077 2564 Ut
1092 2529 1134 2563 sit
1149 2540 1289 2563 sensus:
1306 2526 1388 2573 quid
1404 2526 1467 2561 tibi
1478 2526 1608 2572 profuit
1623 2530 1696 2560 tau-

1021 2586 1090 2615 tum
1101 2584 1255 2615 bonorum
1270 2581 1342 2624 (tot
1356 2579 1515 2621 virtutes)
1525 2577 1612 2613 adeo
1628 2589 1695 2622 pu-

1024 2633 1138 2667 dicitia
1157 2634 1343 2667 cumulasse
1354 2646 1366 2671 ,’
1382 2630 1585 2675 (superasse)
1598 2635 1639 2663 ut
1651 2628 1696 2663 sit

1023 2684 1079 2718 illa
1092 2684 1272 2729 (pudicitia
1283 2683 1429 2725 scilicet)
1440 2684 1559 2717 ultima
1573 2682 1694 2724 (extre-

1024 2749 1081 2771 ma
1093 2762 1104 2781 ,
1123 2737 1279 2779 summa)
1300 2735 1363 2770 tibi
1384 2735 1513 2778 virtus,
1531 2739 1581 2768 tot
1601 2731 1694 2767 inter
