1884 3112
0 1459 19 2020 “W'Wsmwwavu
0 1387 20 1443 ἧς
7 1345 9 1350 -

0 2021 21 2471 ’ΜΜη-τκ

594 234 876 280 HELENA
913 235 1185 281 PARIDI.
1514 240 1602 300 319

181 327 292 377 Sum
312 325 436 376 rudis
458 326 515 376 ad
535 328 722 377 Veneris
743 327 937 387 furtum3
960 328 1170 397 nullaque
1192 328 1385 390 fidelem,

246 403 308 452 Di
329 404 439 452 mihi
462 403 554 452 sint
577 406 735 454 testes!
762 404 949 455 lusimus
973 418 1064 456 arte
1083 408 1237 457 virum.

181 481 312 530 Nunc
335 499 539 548 quoque,
566 481 690 547 quod
714 482 848 530 tacito
872 483 1036 532 mando
1059 503 1156 534 mea
1179 486 1313 535 verba
1334 485 1486 535 libello
1501 525 1512 546 ,

247 557 469 620 Fungitur
490 557 638 607 officio
662 557 788 608 litera
809 571 963 609 nostra
983 579 1115 609 novo.

182 633 374 693 Felices,
399 634 564 702 quibus
587 654 696 684 usus
720 635 867 685 adest!
893 656 998 701 ego,
1021 638 1169 687 nescia
1190 657 1360 700 rerum,
1545 658 1604 703 145

248 710 486 765 Difficilem
509 711 649 780 culpae
671 713 876 780 suspicor
898 733 991 764 esse
1013 715 1139 764 viam.

184 789 287 856 Ipse
310 788 427 838 malo
449 801 594 838 metus
619 801 687 838 est
706 809 717 838 ε
733 790 823 855 jam
847 810 968 840 nunc
992 785 1266 852 confundor3
1293 806 1337 843 et
1360 813 1513 843 omues

249 871 304 918 In
325 868 490 918 nostris
514 867 667 918 oculos
690 868 890 918 vultibus
914 888 1007 919 esse
1031 889 1144 919 reor.

185 947 277 996 Nec
298 965 399 995 reor
420 945 506 994 hoc
528 944 664 1004 falso;
687 946 805 995 sensi
829 945 943 995 mala
962 966 1189 996 murmura
1210 948 1331 1013 vulgi
1350 969 1360 1007 ;

249 1025 311 1072 Et
335 1021 547 1090 quasdam
569 1041 699 1072 voces
716 1023 890 1072 rettulit
914 1024 1072 1073 AEtbra
1095 1026 1217 1073 mihi.
1550 1043 1611 1076 150

186 1103 250 1152 At
271 1114 321 1151 tu
342 1101 591 1160 dissimula,
616 1102 705 1150 nisi
730 1102 768 1151 si
794 1101 1002 1151 desistere
1025 1103 1175 1151 mavis.

252 1178 342 1228 Sed
365 1198 444 1228 cur
466 1178 685 1228 desistas?
708 1178 984 1228 dissimulare
1000 1191 1143 1246 potes.

187 1257 339 1316 Lude,
364 1257 443 1307 sed
461 1256 631 1306 occulte
651 1276 661 1306 :
682 1257 847 1323 major,
871 1276 965 1305 non
987 1257 1197 1314 maxima,
1222 1257 1356 1306 nobis

255 1337 339 1384 Est
362 1335 462 1384 data
483 1335 688 1394 libertas,
715 1334 838 1402 quod
862 1334 1093 1384 Menelaus
1115 1336 1252 1383 abest.

190 1411 271 1462 Ille
294 1412 473 1480 quidem
494 1411 653 1480 procul
676 1424 765 1471 est,
790 1412 854 1460 ita
875 1431 922 1461 re
946 1423 1130 1476 cogente
1153 1411 1402 1478 profectus3
1553 1430 1613 1463 155

255 1491 425 1553 Magna
446 1488 533 1538 fuit
555 1488 715 1538 subitae
733 1489 941 1556 justaque
964 1483 1094 1538 causa
1116 1490 1224 1547 viae3

194 1568 289 1617 Aut
308 1566 419 1616 mihi
440 1567 504 1616 sic
526 1566 670 1615 visum
693 1577 760 1615 est
781 1586 790 1615 :
812 1585 917 1630 ego,
945 1586 1083 1633 quum
1105 1566 1347 1626 dubitaret,
1375 1586 1431 1615 an
1452 1567 1560 1626 iret,

239 1705 311 1749 143.
325 1704 426 1740 Nunc
435 1716 569 1750 quoque,
583 1704 676 1749 quod
689 1705 795 1737 tacito
807 1708 871 1737 etc.

194 1756 289 1803 Quae
303 1756 426 1804 puellae
439 1763 570 1792 nostrae
587 1755 803 1802 ingenuitas!

239 1810 312 1854 145.
333 1811 466 1845 Felices
474 1834 485 1852 ,
505 1810 623 1854 quibus
654 1820 734 1842 usus
760 1808 870 1841 adest.

194 1861 371 1897 Solemnis
384 1860 544 1897 formula.
555 1872 598 1905 x,
623 1860 771 1895 Metam.
787 1859 849 1894 32:

194 1919 296 1946 retices
305 1937 314 1951 ,
324 1918 423 1953 quibus
437 1919 487 1944 ista
498 1917 587 1943 licent.
736 1918 837 1942 Bunu.
854 1951 861 1958 .

243 1970 315 2015 147.
330 1969 408 2013 Ipse
423 1969 514 2003 malo
526 1970 633 2001 metus
645 1970 708 2000 est.
729 1967 811 2010 Ipsa
824 1967 873 2000 υἱ·

193 2034 266 2056 mm
275 2025 400 2063 metuo,
422 2019 620 2055 Bernensis.

243 2087 257 2108 ι
263 2075 317 2122 49.
324 2074 425 2108 Mala
432 2085 607 2107 murmura.
618 2070 785 2106 Francius
795 2081 875 2105 con-

197 2125 336 2173 jiciebat
347 2152 356 2170 ‚
373 2128 469 2160 sensi
477 2126 575 2159 modo
590 2136 763 2158 murmura.

245 2192 259 2214 ι
265 2180 317 2214 52.
325 2180 658 2222 Dissimulaaepotes.
667 2178 772 2217 Licet,
784 2188 875 2211 unus

198 2230 334 2267 Mon-eti
346 2238 384 2267 et
397 2231 567 2267 editiones
584 2230 720 2265 Bersm.
744 2235 780 2265 et
801 2229 876 2263 Co-

197 2282 300 2319 linaei.

246 2335 320 2370 153.
345 2336 458 2377 Lude,
492 2337 557 2370 sed
577 2336 707 2370 occulte
733 2339 798 2368 etc.
829 2333 876 2368 Et

199 2400 279 2434 que
287 2394 493 2433 sequuntur.
508 2388 561 2422 Ut
574 2386 727 2421 breviter
740 2384 875 2429 edocta,

201 2453 279 2486 quae
294 2439 399 2486 paulo
415 2447 496 2475 ante
514 2466 524 2484 ‚
551 2441 607 2483 141
625 2465 636 2482 ,
659 2439 772 2472 rudem
782 2450 820 2471 se
831 2439 883 2472 ad

207 2495 347 2529 Veneris
354 2491 486 2537 sudum
499 2491 652 2537 ingenue
676 2489 763 2525 adeo
786 2502 877 2535 pro-

199 2543 380 2580 fuebatur!

249 2598 321 2640 154.
345 2597 415 2630 Est
425 2597 511 2630 data
523 2596 666 2629 libertas
677 2621 685 2635 ‚
704 2595 795 2639 quod
807 2595 879 2629 Me-

202 2651 324 2683 nelaus
333 2651 441 2683 abest.
461 2648 591 2683 Aberat
607 2647 703 2682 enim
716 2674 726 2691 ,
743 2647 780 2681 in
795 2646 880 2682 Cre-

203 2707 278 2736 tam
307 2702 491 2748 profectus
525 2700 709 2735 Menelaus
727 2722 738 2741 ,
770 2712 881 2745 quum

204 2760 302 2800 rapta
337 2753 425 2799 sugit
458 2752 597 2790 Helena
626 2764 709 2788 cum
743 2752 880 2787 Paride.

938 1702 1035 1738 Hinc
1050 1702 1106 1737 illa
1123 1702 1338 1737 Hermiones
1350 1729 1359 1746 ‚
1377 1701 1470 1748 apud
1496 1701 1614 1738 Colu—

937 1754 1059 1799 thum‚
1077 1754 1160 1800 374,
1182 1767 1255 1800 sqq.
1272 1754 1494 1790 exclamatio:

937 1799 1045 1857 ᾗερίης
1065 1809 1172 1856 ὄρνιθες
1188 1808 1314 1856 &nepot
1329 1809 1417 1843 τὲκνοε
1431 1808 1566 1851 γενέθλης
1580 1833 1590 1850 ,

933 1856 1049 1897 ἕσπετε
1065 1863 1247 1902 νος-ἠσαντες
1262 1862 1309 1896 ἔνι-ι’
1323 1865 1446 1909 Κρήτην
1462 1862 1612 1907 Μενελάῳ·

935 1915 1048 1954 Χθιζὲν
1067 1914 1115 1948 ε’πὶ
1139 1914 1275 1963 Σπάρτην
1296 1919 1343 1952 τὶς
1364 1914 1440 1963 ἀνὴρ
1456 1914 1613 1958 ἄθεμίς-ιος

1030 1966 1117 2000 ἐλθὼν
1128 1990 1138 2008 ,

939 2008 1078 2060 Α’γλαῖην
1105 2019 1267 2061 σύμπασαν
1294 2019 1373 2062 ε’μῶν
1399 2017 1533 2063 ἀλάπαξε
1548 2033 1614 2062 με-

1025 2070 1150 2120 tamem.

986 2120 1059 2155 156.
1077 2122 1190 2156 Causa
1198 2124 1272 2156 vioe.
1283 2121 1308 2156 J
1310 2133 1441 2157 oannes
1451 2121 1615 2158 Antioch.

938 2173 1033 2208 inter
1057 2181 1206 2220 excerpt.
1235 2174 1366 2209 Valesii
1382 2200 1392 2218 ,
1420 2187 1494 2221 pag.
1522 2176 1584 2222 785
1603 2201 1613 2219 ‚

940 2225 1022 2260 dicit
1040 2239 1123 2261 eum
1136 2226 1180 2262 ad
1195 2239 1290 2262 sacra
1302 2227 1460 2262 facienda
1476 2229 1615 2274 prosec-

940 2285 1027 2313 tum.
1057 2279 1190 2319 Hssms.
1217 2279 1339 2327 Dictys
1366 2278 1544 2315 Cretensis
1572 2280 1617 2315 de

940 2331 1040 2366 Bello
1054 2331 1212 2378 Trojan'o
1225 2358 1235 2375 ,
1252 2343 1267 2366 1
1278 2358 1287 2376 ,
1310 2346 1323 2366 1
1338 2344 1375 2367 :a
1390 2331 1434 2366 ln
1448 2331 1594 2367 Cretam
1606 2358 1617 2377 ‚

940 2384 1073 2429 inquit,
1089 2384 1262 2430 profectus
1279 2390 1331 2425 est
1349 2384 1534 2419 Menelaus
1546 2411 1555 2429 ,
1579 2392 1619 2420 ut

941 2435 1173 2471 hereditatem
1186 2436 1239 2470 avi
1254 2437 1405 2471 materni
1418 2438 1543 2479 Cratet',
1559 2438 1621 2483 qui

942 2488 1033 2524 filius
1043 2495 1117 2523 erat
1129 2489 1273 2533 Minois,
1286 2495 1322 2523 et
1336 2488 1454 2524 Cretae
1466 2501 1619 2536 regnum

942 2542 1141 2576 obtinuerat
1156 2567 1165 2585 ,
1197 2553 1279 2576 cum
1303 2541 1444 2587 reliquis
1465 2543 1621 2587 cognatis

943 2607 985 2629 ex
1003 2593 1122 2628 Cratei
1139 2593 1273 2628 filiabus
1292 2593 1463 2628 divideret
1477 2607 1517 2628 ac
1532 2607 1618 2629 cer-

944 2653 1082 2681 neret.»
1097 2645 1267 2681 Crateum
1280 2645 1375 2680 hunc
1390 2645 1481 2681 filius
1496 2646 1621 2682 occidit

943 2699 980 2734 in
996 2699 1108 2734 insula
1124 2698 1253 2734 Rhodo
1265 2725 1274 2742 ‚
1292 2697 1428 2733 inscius.

993 2753 1064 2798 157.
1077 2753 1152 2795 Aut
1162 2753 1305 2786 mibt‘sic
1315 2753 1423 2786 visum
1433 2755 1497 2788 est.
1510 2751 1620 2795 Vere,
