1884 3112
345 307 358 333 1
367 290 426 334 86

1693 0 1718 10 m
1731 14 1737 19 Ὗ

1852 0 1884 132 Q!

1864 170 1882 194 ἐ.

795 290 1149 336 EPISTOLA
1181 295 1272 338 IX'.

397 381 564 448 Turpia
585 380 779 430 famosus
803 401 989 449 corpora
1008 383 1165 448 junget
1189 385 1374 451 Hymen.

338 459 469 506 Mens
493 458 608 519 fugit
631 457 879 517 admonitu,
905 459 1132 526 frigusque
1150 460 1428 526 perambulat
1450 473 1596 522 artus,

1679 479 1741 514 135

398 535 458 580 Et
476 533 589 597 jacet
611 534 658 581 in
684 535 848 597 gremio
872 534 1080 598 languida
1101 535 1216 585 facta
1237 556 1404 586 manus.

337 610 412 657 Me
438 629 614 675 quoque
639 618 738 659 cum
758 611 933 671 multis,
960 613 1036 661 sed
1053 632 1122 662 me
1147 613 1241 663 sine
1264 615 1463 674 crimine,
1480 616 1667 666 amasti:

394 686 460 734 Ne
483 687 651 752 pigeat,
675 708 836 755 pugnae
865 690 936 738 bis
962 690 1045 738 tibi
1068 710 1197 739 causa
1218 691 1295 739 fui.

338 763 515 812 Cornua
538 764 645 813 flens
668 765 776 829 legit
797 767 906 833 ripis
926 766 1151 816 Achelous
1169 765 1359 827 inudis,

395 841 655 907 Truncaque
679 842 835 891 limosa
858 855 1054 909 tempora
1077 844 1230 900 mersit
1251 864 1376 911 aqua.

331 916 516 964 Semivir
539 919 748 968 occubuit
770 920 817 967 in
839 919 1009 969 letifero
1033 922 1184 968 Eveno

1655 859 1746 907 „40

394 997 584 1055 Nessus,
607 1009 652 1045 et
673 998 824 1047 infecit
847 998 1025 1061 sanguis
1050 998 1237 1064 equinus
1261 1017 1408 1064 aquas.

332 1071 420 1120 Sed
445 1072 554 1138 quid
573 1092 656 1135 ego
679 1074 771 1122 haec
793 1074 968 1123 refero?
991 1075 1204 1123 scribenti
1226 1074 1382 1122 nuntia
1404 1074 1523 1123 venit

376 1191 447 1234 134.
474 1193 646 1226 Famosus.
668 1192 755 1228 Haec
778 1200 829 1228 est
853 1193 1003 1239 genuina

332 1243 446 1278 lectio.
469 1246 644 1278 Formosus
655 1272 664 1286 ‚
684 1245 825 1290 quidam
841 1245 983 1280 codices.

376 1295 448 1329 135.
467 1297 676 1341 Mensfugit
687 1299 868 1332 admonitu.
887 1297 1006 1343 Virgi-

328 1347 463 1382 lianum
479 1348 563 1383 illud
574 1355 732 1393 revocat,
753 1349 836 1383 AEn.
852 1360 882 1383 11
893 1375 902 1393 ‚
925 1362 984 1384 12:

329 1401 443 1427 Animus
456 1405 601 1431 meminisse
613 1404 701 1430 horret
710 1424 718 1436 ,
737 1406 860 1439 luctuque
872 1405 977 1440 mfikffil·

376 1452 448 1499 139.
466 1454 567 1497 Bz'pz’s
580 1453 751 1488 Achelous
759 1457 794 1488 in
807 1455 893 1488 udis.
907 1455 1008 1498 Bz‘pt's

329 1503 501 1538 Achelous
524 1508 560 1538 in
586 1508 662 1539 imis
688 1506 888 1540 Puteaneus
916 1518 923 1540 :
946 1505 1007 1540 sed

329 1567 394 1600 pro
409 1558 503 1596 imis,
529 1556 620 1590 aliud
639 1556 722 1601 quid
739 1570 757 1591 a
773 1570 881 1591 manu
896 1557 1008 1602 prima

329 1607 496 1653 scriptum
509 1607 690 1643 videbatur
703 1609 815 1644 fuisse.
833 1609 998 1654 Argenti-

330 1659 447 1694 nensis
463 1666 498 1694 et
520 1659 622 1703 alius,
645 1673 750 1705 quem
767 1673 785 1694 a
805 1659 858 1695 Cl.
878 1662 922 1694 V.
937 1661 1007 1694 Ja-

330 1711 417 1746 cobo
433 1711 605 1746 Mentelio
623 1711 757 1746 donum
775 1712 906 1757 accepi,
925 1716 1007 1757 712013·

330 1765 407 1797 udae
432 1776 443 1797 .·
471 1776 541 1808 quo
570 1763 690 1798 alludit
718 1771 754 1799 et
771 1764 1007 1799 'Farnesianus

330 1826 422 1849 unus
435 1841 444 1858 ,
473 1815 531 1859 qui
544 1818 625 1858 n’pis
636 1818 735 1849 undis
750 1815 862 1850 habet.
880 1816 922 1850 In
935 1817 1008 1861 ripa

331 1866 426 1901 enim
456 1866 611 1900 fluminis
642 1866 816 1902 Achelous
830 1894 839 1911 ‚
867 1880 940 1901 non
971 1868 1007 1902 in

330 1918 404 1963 ipso
427 1917 573 1952 flumine
595 1931 676 1952 cum
694 1919 848 1953 Hercule
869 1926 920 1954 est
934 1919 1010 1954 luc-

331 1976 433 2004 tatus.
463 1970 597 2004 HEINS.

378 2023 448 2065 141.
474 2023 616 2056 Semivir
639 2024 795 2057 occubuit
820 2026 857 2058 in
876 2023 1010 2067 Ietzsero

331 2074 456 2107 Eueno.
468 2073 663 2119 Legebatur
676 2074 759 2107 olim
770 2074 806 2107 in
818 2074 1008 2118 nonnullis,

332 2128 373 2158 vi
383 2126 602 2171 lermfiroque
615 2139 752 2161 veneno.
772 2129 816 2160 To*
833 2129 883 2167 vi,
901 2139 920 2159 a
938 2138 1010 2160 cor-

332 2178 522 2212 rectoribus
537 2185 588 2212 est
602 2204 611 2221 ,
629 2191 695 2223 pro
710 2191 780 2224 quo
797 2178 874 2213 libri
887 2190 1009 2212 omnes

333 2228 466 2273 antiqui
479 2233 515 2263 in
527 2238 738 2276 agnoscunt:
754 2231 814 2267 sed
828 2237 862 2265 et
878 2230 1010 2265 ridicu-

331 2279 407 2313 lum
439 2282 648 2325 lemiserum
676 2295 837 2317 venenum
866 2295 876 2316 .·
903 2294 1009 2326 quare

333 2332 430 2366 enim
458 2334 631 2367 lemoeum
652 2347 726 2369 non
751 2334 858 2369 dixit?
884 2334 1009 2379 Scripti

334 2384 496 2418 nonnulli
513 2398 520 2420 ε

332 2439 443 2464 Semivir
454 2440 575 2464 occubuit
587 2441 687 2466 Leruaei
699 2441 757 2467 tabe
768 2441 870 2466 veneni.

334 2488 403 2522 Vel
426 2489 591 2533 trajectus
614 2494 708 2534 terga
722 2494 859 2534 sagitta.
882 2490 952 2525 Sed
975 2496 1011 2524 et

334 2539 389 2573 hic
411 2540 676 2586 interpolatores
705 2555 853 2587 agnosco
871 2542 950 2576 :alii
974 2545 1010 2576 in

333 2592 551 2638 lelhzseroque
566 2607 703 2635 veneno,
717 2593 821 2639 idque
836 2594 969 2638 aliquan
975 2600 1010 2627 to

336 2643 461 2677 rectius
482 2670 491 2685 ,
522 2651 559 2678 ut
585 2645 778 2690 Naugerius
804 2658 941 2690 quoque
975 2652 1010 2679 et

340 2693 507 2729 Ciosanus
530 2697 714 2731 observant
734 2708 742 2730 :
759 2697 844 2731 alter
859 2698 1010 2731 Mente—

337 2745 460 2789 lkmus,
478 2750 514 2780 in
524 2750 722 2793 lemoeoque
733 2761 868 2783 veneno.
881 2749 1011 2783 Putea-

340 2809 427 2833 neus
438 2810 455 2832 a
471 2799 621 2834 secunda
636 2814 743 2835 manu
755 2826 764 2844 ‚
788 2804 823 2835 in
838 2801 1011 2845 lemifi’ro—

1068 1206 1132 1239 que
1143 1206 1292 1237 venemo,-
1306 1193 1366 1228 sed
1383 1207 1402 1228 a
1413 1193 1525 1239 prima
1536 1219 1545 1235 ,
1564 1197 1601 1228 in
1615 1193 1748 1239 Ietfim

1068 1257 1206 1279 veneno.
1221 1245 1335 1278 Miror
1350 1245 1582 1291 Scaligerum,
1602 1245 1747 1280 Salma-

1069 1296 1325 1341 sium,aliosque
1334 1296 1424 1330 viros
1431 1296 1594 1338 eruditos,
1599 1297 1658 1342 qui
1665 1305 1747 1332 ante

1069 1360 1134 1383 nos
1147 1361 1190 1382 eo
1207 1348 1324 1393 codice
1343 1354 1424 1382 sunt
1440 1349 1511 1392 usi,
1530 1361 1605 1383 non
1625 1348 1747 1384 vidisse

1071 1412 1191 1434 veram
1204 1400 1403 1443 lectionem,
1415 1411 1492 1444 quae
1507 1400 1653 1435 minima
1665 1413 1749 1435 mu-

1069 1452 1199 1487 tatione
1215 1452 1318 1486 estin
1334 1458 1500 1497 promptu
1510 1477 1520 1495 ,
1541 1452 1570 1486 si
1581 1452 1727 1487 scribas:

1068 1511 1177 1536 Semifer
1185 1511 1307 1537 occubuit
1316 1512 1344 1536 in
1355 1510 1474 1537 lethifero
1482 1512 1573 1538 Eveno

1103 1560 1131 1585 N
1132 1569 1214 1585 ssssss

1070 1609 1215 1654 Semifer
1229 1610 1323 1643 enim
1334 1636 1343 1652 ,
1366 1611 1461 1655 quod
1476 1617 1528 1646 est
1548 1610 1584 1645 in
1601 1616 1751 1656 quatuor

1069 1661 1200 1705 scriptis
1212 1687 1222 1704 ‚
1246 1668 1384 1706 praestat
1398 1663 1555 1697 Semim‘m
1570 1674 1581 1696 .·
1593 1661 1751 1707 quamvis

1070 1711 1245 1756 Barthius,
1257 1719 1353 1747 vasto
1363 1713 1402 1746 in
1411 1712 1645 1748 Claudianum
1657 1725 1750 1748 com·

1070 1764 1244 1798 mentario
1257 1790 1266 1807 ‚
1294 1777 1368 1810 pag,
1385 1766 1451 1798 500
1467 1772 1502 1799 et
1516 1766 1577 1812 827
1592 1791 1601 1809 ,
1626 1769 1660 1800 τὶ
1681 1765 1750 1799 Se-

1072 1817 1175 1860 mifer
1195 1816 1294 1850 Latio
1320 1816 1575 1851 exturbandum
1602 1823 1719 1852 censet
1739 1842 1749 1860 ,

1071 1881 1154 1903 cum
1179 1869 1273 1902 Jano
1296 1868 1428 1902 Douza.
1456 1868 1512 1903 De
1532 1870 1648 1903 Eueno
1663 1880 1752 1904 con-

1070 1920 1214 1954 firmant
1224 1920 1404 1965 sequentia
1413 1945 1423 1963 ‚
1436 1924 1474 1953 cl
1480 1920 1602 1964 infecit
1610 1923 1751 1964 sanguis

1070 1976 1207 2017 equinus
1229 1985 1343 2017 aquas.
1371 1971 1447 2006 Etsi
1474 1972 1531 2006 alii
1547 1972 1697 2007 Nessum
1713 1971 1751 2005 in

1073 2024 1196 2059 Eveno
1220 2036 1295 2057 non
1317 2024 1514 2058 occubuisse
1532 2023 1667 2067 dicant,
1688 2023 1750 2058 sed

1072 2077 1293 2111 vulneratum
1302 2075 1524 2109 solummodo
1535 2075 1650 2117 suisse3
1665 2087 1750 2120 quos

1072 2130 1164 2164 inter
1177 2135 1213 2163 et
1227 2128 1368 2171 Noster,
1385 2128 1472 2162 Met.
1485 2139 1543 2169 1x;
1562 2134 1596 2162 et
1611 2127 1649 2161 in
1658 2127 1751 2161 Tra—-

1071 2181 1193 2216 chiniis
1203 2180 1403 2225 Sophocles;
1414 2179 1537 2214 Vibius
1545 2178 1748 2224 Sequester:

1072 2235 1206 2268 Euenus
1226 2234 1434 2278 Calydonia,
1451 2233 1512 2265 ubi
1521 2232 1685 2265 Hercules
1696 2242 1751 2263 sa·

1069 2288 1168 2330 gillis
1174 2286 1310 2320 Nessum
1316 2285 1514 2318 Centaurum
1522 2282 1750 2327 Intefi’cil.H.

1119 2350 1131 2370 1
1139 2337 1189 2380 43.
1204 2337 1274 2369 Sed
1279 2337 1360 2380 quid
1365 2348 1426 2380 ego
1437 2337 1509 2369 hoec
1520 2334 1628 2379 resero
1635 2336 1654 2370 ἓ
1674 2335 1754 2367 scn'-

1073 2391 1293 2422 benlinuntia
1305 2391 1399 2422 venit
1410 2389 1517 2421 Fama
1532 2393 1595 2421 etc.
1612 2386 1665 2420 Ab
1681 2385 1754 2418 iro—

1073 2441 1132 2474 nia
1148 2467 1158 2484 ,
1187 2439 1229 2473 ad
1257 2440 1367 2474 luctus
1389 2439 1511 2472 transit
1532 2445 1567 2473 et
1591 2437 1753 2482 despera-

1074 2493 1225 2531 tionem;
1245 2499 1280 2525 et
1292 2492 1379 2526 votis
1396 2491 1578 2533 damnata,
1592 2489 1701 2534 ipsam
1716 2500 1752 2522 se

1074 2544 1155 2578 diris
1167 2551 1268 2577 vovet
1279 2550 1314 2578 et
1325 2549 1513 2577 execratur.
1527 2542 1569 2575 In
1579 2539 1752 2585 Sophocle

1073 2608 1170 2638 ver0,
1190 2595 1351 2629 Trachin.
1370 2594 1434 2628 826
1447 2620 1456 2637 ,
1479 2606 1523 2627 ne
1540 2604 1652 2626 unum
1676 2591 1755 2636 qui-

1074 2647 1156 2681 dem
1166 2647 1312 2681 verbum
1326 2646 1493 2689 Deianira
1504 2643 1611 2690 Hyllo
1621 2642 1752 2687 objicit,

1077 2698 1180 2732 matri
1210 2697 1409 2743 objurganti
1441 2695 1522 2741 quid
1550 2694 1705 2729 evenerit
1734 2707 1753 2728 e

1077 2750 1171 2784 fatali
1193 2750 1287 2794 quod
1311 2748 1454 2784 Herculi
1476 2747 1617 2781 miserat
1634 2746 1728 2779 dono
1746 2757 1754 2778 :

1080 2801 1140 2835 sed
1157 2802 1224 2836 exit
1235 2814 1253 2835 e
1264 2813 1366 2836 scena
1377 2800 1475 2835 tacite
1487 2813 1496 2843 ς
1510 2811 1576 2833 nec
1586 2799 1631 2833 ita
1643 2797 1754 2831 multo
