1884 3112
320 224 401 283 156
757 239 1108 285 EPISTOLA
1143 243 1262 288 vn.

377 331 572 396 Parsque
596 331 662 379 tui
684 330 816 379 lateat
837 351 1021 399 corpore
1046 331 1193 381 clausa
1212 352 1325 381 mee.

313 406 504 454 Accedet
526 406 626 454 fatis
647 407 799 455 matris
820 407 1082 470 miserabilis
1105 407 1270 467 infans,
1661 423 1721 457 135

376 482 436 528 Et
457 480 655 530 nondum
677 483 780 531 nato
804 482 969 533 funeris
994 495 1145 533 auctor
1165 483 1263 532 eris.

316 557 514 623 Cumque
537 570 715 623 parente
740 578 818 608 sua
839 560 972 609 frater
992 561 1205 609 morietur
1222 558 1308 608 Iuli
1325 578 1335 618 ;

377 634 599 700 Poenaque
624 654 843 685 connexos
867 637 1031 685 auferet
1053 656 1142 685 una
1165 637 1290 684 duos.

316 709 401 758 Sed
421 709 548 774 jubet
570 711 633 760 ire
656 711 797 759 Deus!
819 712 986 761 Vellem
1001 712 1370 769 vetuisset.adire;

379 786 544 834 Punica
566 806 646 835 nec
666 788 847 836 Teucris
869 808 1019 855 pressa
1041 789 1197 838 suisset
1216 790 1391 837 humus.
1666 800 1726 845 140

312 862 412 909 Hoc
435 862 541 911 duce
555 901 566 922 ‚
591 883 746 930 nempe
769 865 889 924 Deo,
914 867 1056 915 ventis
1077 867 1254 930 agitaris
1278 865 1467 932 iniquis,

375 939 435 986 Et
459 939 561 986 teris
583 939 629 986 in
648 940 803 1006 rapido
828 953 1028 1008 tempora
1050 942 1184 1006 longa
1206 943 1334 991 freto.

314 1015 524 1078 Pergama
546 1016 617 1064 vix
640 1028 763 1064 tanto
791 1018 875 1066 tibi
898 1018 1021 1068 erant
1043 1019 1279 1086 repetenda
1298 1018 1472 1077 labore,

378 1092 568 1140 Hectore
593 1093 630 1140 si
652 1093 773 1151 vivo,
801 1106 964 1159 quanta
985 1096 1129 1154 fuere,
1154 1096 1310 1144 forent.

313 1169 417 1215 Non
437 1169 630 1234 patrium
653 1169 877 1218 Simoe‘nta
898 1171 1035 1236 petis;
1056 1172 1134 1220 sed
1154 1171 1371 1238 Tybridas
1394 1170 1548 1220 undas.
1668 1184 1727 1228 145

378 1248 569 1313 Nempe,
594 1258 645 1294 ut
667 1247 892 1312 pervenias
917 1267 1006 1313 quo
1030 1249 1180 1315 cupis,
1207 1248 1372 1314 hospes
1396 1248 1508 1305 eris;

315 1326 465 1390 thue
488 1323 612 1382 latet,
636 1323 887 1390 refugitque
912 1336 1008 1373 tuas
1033 1325 1235 1374 abstrusa
1258 1325 1445 1383 carinas,

312 1443 427 1470 torem
444 1435 674 1470 vehementer
690 1443 909 1470 commoveat
927 1450 934 1471 :
956 1443 991 1471 et

314 1487 414 1521 flenti
428 1487 495 1531 sic,
514 1488 605 1521 ultro
630 1487 704 1532 quis
735 1501 808 1521 non
837 1487 990 1522 adsseat?

317 1538 418 1582 Quos
425 1552 508 1573 vero
515 1538 822 1574 commiserationis
831 1551 948 1573 sensus
956 1539 993 1572 in

315 1590 409 1623 illam
422 1591 616 1636 experiaris,
628 1603 703 1635 quae
713 1590 849 1635 culpam
860 1589 994 1624 nedum

318 1641 624 1687 dissimulet,jactat
632 1641 832 1676 ostentatrix
838 1640 994 1675 libidino-

318 1694 372 1727 sa!
390 1706 495 1738 quam
505 1693 620 1728 crudae
631 1700 666 1727 et
676 1692 868 1727 inhonestae
874 1705 974 1726 voces
986 1692 993 1725 !

366 1745 436 1788 134.
460 1746 596 1778 Lateat.
613 1746 780 1785 Latitat‚-
796 1743 942 1778 Colinaei
959 1749 995 1777 et

319 1795 526 1830 Bersmanni
537 1822 547 1839 ,
577 1802 612 1829 et
627 1795 758 1840 priores
775 1794 905 1839 aliquot
920 1792 996 1826 edi-

320 1847 431 1882 tiones
444 1874 453 1891 ,
472 1860 549 1892 quae
572 1854 607 1881 et
623 1849 791 1892 relinquis.
816 1846 921 1880 Male.

369 1900 439 1934 135.
456 1901 615 1934 Accedat
621 1900 715 1944 saltis·
729 1902 856 1933 matris.
872 1897 997 1934 Malim

321 1955 438 1985 matris
460 1952 559 1996 sato,
588 1964 633 1986 ne
668 1958 738 1986 tres
770 1963 870 1985 voces
899 1950 937 1983 in
966 1952 997 1983 is

323 2010 446 2038 exeant
462 2017 469 2038 :
486 2004 534 2039 ita
550 2004 636 2038 vers.
658 2004 716 2050 187
732 2016 742 2038 z

323 2064 409 2096 Quem
414 2064 478 2089 bene
482 2065 639 2089 conveniunt
636 2064 700 2099 fato
706 2069 750 2088 tua
755 2071 860 2087 munera
866 2062 995 2087 nostro-B.

372 2113 442 2148 136.
465 2115 618 2149 Nondum
643 2116 726 2147 nati.
757 2111 876 2146 Scribe
894 2115 995 2151 nato,

325 2171 365 2199 ut
378 2165 581 2211 ambiguitas
600 2165 747 2208 vitetur3
767 2171 801 2198 et
817 2164 865 2198 ita
880 2162 999 2197 Slich-

326 2217 546 2252 tenhorstius.
570 2218 702 2252 HEINs.

374 2269 445 2317 139.
464 2271 535 2304 Sed
545 2270 648 2314 jubet
665 2273 715 2304 ire
735 2268 854 2303 Deus!
881 2269 1001 2301 vellem

325 2324 492 2354 vetuzzrset
497 2323 602 2355 adire.
613 2320 745 2365 objicit
755 2320 884 2355 ironice
893 2318 1000 2362 Dido,

330 2373 423 2418 quod
438 2373 568 2407 AEneas
579 2373 765 2418 objecerat,
775 2372 934 2406 Deorum
944 2370 1003 2404 sci-

328 2425 408 2459 licet
445 2424 610 2459 mandata
626 2451 635 2469 ‚
667 2437 743 2470 quae
774 2424 909 2458 Italiam
938 2434 1004 2456 uon

329 2481 447 2520 sponte
459 2476 556 2522 sequi
572 2477 739 2521 jubebant
754 2490 763 2518 ς
782 2483 816 2510 et
832 2480 927 2520 optat
944 2486 1005 2507 ve-

328 2533 450 2563 tuisset
463 2529 560 2563 Deus
575 2529 637 2563 iste
653 2529 806 2562 AEneam
821 2526 1001 2561 Didonem

330 2583 441 2623 adire,
471 2594 581 2626 quum
608 2588 681 2615 tam
709 2580 856 2615 docilem
879 2580 916 2613 in
932 2578 1006 2622 fu-

328 2635 452 2677 gienda
468 2634 652 2667 invenerit.

388 2686 459 2726 ¹4¹·
486 2686 562 2718 Hoc
593 2686 677 2719 duce
704 2685 717 2728 (
736 2696 851 2727 nempe
878 2684 954 2716 Deo
973 2681 1006 2724 l)

336 2736 483 2771 Ironiee.
500 2736 539 2771 Si
549 2737 644 2772 enim
655 2743 704 2780 te,
719 2735 844 2780 inquit,
856 2734 1007 2779 Jupiter,

1057 1444 1096 1472 ut
1122 1436 1225 1481 dicis,
1250 1436 1396 1483 Apollo,
1423 1442 1483 1471 aut
1506 1433 1704 1470 Mercurius
1719 1458 1730 1478 ,

1057 1489 1111 1523 vel
1121 1489 1185 1523 dea
1196 1496 1309 1523 mater
1325 1491 1499 1530 ducerent,
1517 1500 1580 1522 cur
1593 1488 1732 1521 ltaliam

1056 1553 1194 1585 semper
1216 1541 1408 1586 fugientem
1423 1566 1434 1584 ,
1457 1546 1509 1574 tot
1524 1539 1617 1574 inter
1631 1545 1734 1573 terrae

1057 1592 1230 1636 marisque
1239 1592 1410 1637 pericula,
1428 1597 1463 1625 et
1473 1597 1525 1625 tot
1536 1589 1635 1625 annis
1643 1590 1736 1624 frus-

1058 1650 1111 1678 tra
1127 1656 1299 1689 quaereres
1310 1643 1327 1678 ?

1105 1697 1176 1739 145.
1191 1696 1261 1729 Sed
1275 1697 1440 1742 Tybridas
1449 1696 1567 1729 undas.
1583 1692 1732 1736 Tiberis,

1059 1747 1173 1781 Tibris
1205 1746 1391 1792 appellatus
1413 1771 1423 1790 ‚
1455 1746 1551 1791 prius
1577 1743 1703 1779 Albula
1723 1769 1733 1786 ,

1061 1798 1154 1844 quod
1189 1800 1400 1833 albescentes
1431 1810 1534 1842 aquas
1568 1795 1733 1830 volveret.

1060 1851 1195 1885 Tiberis
1217 1863 1301 1885 vero
1326 1849 1437 1884 dietus
1454 1875 1464 1893 ,
1496 1853 1640 1894 propter
1663 1846 1735 1881 Ti-

1058 1902 1240 1945 berinum,
1265 1914 1386 1948 regem
1417 1901 1647 1942 Latinorum,
1675 1897 1736 1943 qui

1059 1954 1107 1988 ibi
1134 1954 1331 1996 interierit;
1360 1965 1445 1988 nam
1474 1952 1531 1987 hic
1562 1951 1662 1996 ejus,
1697 1955 1738 1984 ut

1061 2007 1171 2049 aiunt,
1187 2005 1420 2051 sepulchrum.
1439 2006 1452 2048 (
1461 2005 1563 2038 Varr-
1575 2001 1619 2036 de
1636 2000 1737 2045 Ling.

1061 2058 1136 2092 Lat.
1153 2058 1225 2100 1v.)
1244 2056 1354 2102 Quod
1364 2055 1505 2101 quidem
1515 2065 1648 2088 nomen
1663 2063 1739 2086 ser-

1063 2110 1173 2152 vavit,
1196 2109 1257 2144 sed
1286 2109 1378 2143 varie
1407 2108 1573 2152 scriptum
1599 2118 1608 2139 :
1630 2115 1736 2145 nam„

1064 2167 1149 2196 teste
1173 2160 1312 2203 Servio,
1331 2159 1374 2194 ad
1390 2157 1531 2193 AEneid.
1553 2167 1643 2192 vm:
1662 2169 1679 2185 «
1694 2154 1737 2188 Iu

1064 2212 1165 2247 sacris
1187 2214 1380 2253 Tiberinum
1399 2210 1436 2244 in
1453 2207 1663 2250 coenolexia,
1679 2206 1740 2240 Τέ-

1065 2263 1501 2308 ben2r;inpoem.,1’ibnzr
1515 2265 1696 2294 vocatur.»

1113 2315 1183 2359 146.
1203 2316 1336 2358 Hospes
1358 2316 1434 2348 eris.
1450 2309 1657 2347 Gebhardus
1673 2320 1739 2343 no-

1067 2374 1199 2401 taverat
1221 2367 1258 2401 in
1282 2378 1343 2400 ora
1366 2364 1491 2400 codicis
1507 2362 1559 2398 sui
1575 2374 1611 2396 se
1627 2358 1742 2395 existi-

1068 2432 1165 2454 mare
1181 2417 1388 2464 legendum,
1411 2417 1531 2450 Hostis
1552 2424 1637 2448 eras.
1659 2410 1740 2446 Non

1069 2470 1337 2517 probo.Bumv1.

1116 2524 1187 2568 147.
1215 2523 1322 2566 thue
1341 2523 1430 2555 latet
1449 2483 1632 2563 refugitque
1655 2517 1742 2548 tuas.

1078 2576 1234 2618 Vilatque
1264 2577 1366 2613 tuas,
1395 2573 1592 2606 Puteaneus
1622 2572 1659 2601 et
1689 2564 1744 2599 alii

1072 2625 1239 2671 quidam:
1258 2625 1305 2659 sic
1320 2599 1487 2669 Virgilio,
1512 2631 1554 2664 v,
1573 2619 1656 2666 629:

1070 2685 1173 2710 Italiam
1185 2684 1318 2717 sequimur
1328 2683 1483 2716 fugientem.

1075 2735 1245 2770 Abstrusa
1253 2732 1358 2767 etiam
1368 2729 1538 2764 meliores.
1554 2726 1623 2762 Alii
1635 2725 1744 2769 aliter,
