1884 3112
338 274 421 318 166

760 272 1110 322 EPISTOLA
1148 281 1305 325 VIII.

395 365 597 414 Tradidit
616 385 626 414 :
647 367 877 415 arbitrium
899 369 1046 434 neptis
1067 368 1260 419 habebat
1281 383 1403 419 avus.=

328 444 389 493 At
410 456 535 509 pater
558 438 748 492 AEacidae
771 445 1026 510 promiserit
1050 445 1217 496 inscius
1242 447 1348 504 acti3

398 519 504 567 Plus
531 539 708 586 quoque
725 558 736 579 ,
763 521 839 586 qui
862 521 987 588 prior
1010 535 1077 573 est
1101 523 1280 582 ordine,
1302 524 1446 590 possit
1468 543 1585 574 avus.

334 597 487 662 Quum
512 597 595 644 tibi
618 598 862 656 nubebam,
886 598 997 647 nulli
1021 619 1115 649 mea
1139 601 1248 650 taeda
1269 602 1486 651 nocebat:
1692 617 1753 666 '351

395 675 442 722 Si
463 675 622 739 jungar
645 675 837 742 Pyrrho,
866 688 915 725 tu
938 677 1049 726 mihi
1072 676 1200 727 laesus
1224 678 1323 727 eris.
1683 679 1687 683 ’

328 754 388 801 Et
409 764 534 818 pater
557 753 756 814 ignoscet
778 765 932 802 nostro
956 753 1185 802 Menelaus
1209 755 1375 803 amori:

396 828 642 876 Succubuit
663 827 761 877 telis
784 830 990 895 praepetis
1013 830 1107 896 ipse
1132 830 1230 879 Dei.

331 904 477 968 Quem
501 904 587 952 sibi
610 905 832 971 permisit,
861 925 1020 968 genero
1045 907 1273 973 permittet
1295 927 1487 957 amorem
1507 928 1518 957 ε

389 981 594 1030 Proderit
617 982 815 1048 exemplo
837 995 974 1031 mater
997 995 1138 1032 amata
1162 1003 1256 1032 suo.
1700 996 1745 1041 4⁹

328 1065 398 1112 Tu
421 1063 549 1121 mihi,
579 1065 699 1130 quod
722 1066 851 1113 matri
873 1077 1018 1131 pater,
1045 1086 1090 1114 es
1111 1086 1121 1114 τ
1143 1086 1250 1132 quas
1275 1079 1422 1130 egerat
1445 1067 1551 1115 olim

393 1141 644 1189 Dardanius
668 1153 815 1207 partes
839 1142 1023 1200 advena,
1050 1144 1245 1209 Pyrrhus
1270 1145 1374 1206 agit.

327 1216 408 1266 Ille
432 1217 535 1266 licet
557 1217 712 1283 patriis
737 1218 830 1266 sine
852 1218 938 1267 fine
962 1220 1189 1285 superbiat
1212 1222 1342 1278 actis;

394 1297 454 1342 Et
477 1307 547 1352 tu,
575 1314 672 1361 quae
696 1294 876 1353 referas,
901 1308 994 1344 acta
1017 1298 1211 1362 parentis
1236 1298 1384 1346 habes.

329 1371 584 1420 Tantalides
610 1391 782 1430 omnes,
809 1372 1042 1439 ipsumque
1065 1374 1246 1436 regebat
1268 1372 1498 1422 Achillem.
1702 1388 1747 1431 45

324 1539 398 1574 'Alii
415 1538 535 1574 dicunt
546 1552 564 1574 a
578 1539 743 1575 Menelao
755 1539 897 1585 quidem
912 1539 1004 1586 apud

327 1591 433 1625 Ilium
457 1591 596 1638 Pyrrho
614 1591 876 1637 desponsatam;
903 1592 963 1627 sed
984 1604 1004 1625 a

328 1642 518 1689 Tyndareo
549 1643 668 1678 Oresti
684 1669 693 1687 ,
721 1651 882 1678 morante
911 1643 1003 1688 apud

326 1694 473 1738 Troiam
497 1694 653 1741 Pyrrho,
681 1702 720 1729 ut
737 1695 901 1740 quidam,
920 1707 1004 1740 pro-

327 1746 490 1787 missam;
509 1753 547 1780 ut
567 1745 727 1791 quidam,
751 1747 976 1792 conjunctam
991 1773 1000 1791 ,

326 1797 480 1832 tradunt.
492 1812 507 1827 υ
520 1798 755 1832 Posteriorem
764 1798 1001 1842 traditionem,

329 1862 434 1894 quam
445 1849 599 1894 primum
610 1863 628 1883 a
636 1849 807 1894 Sophocle
815 1850 1001 1895 vulgatam,

331 1900 430 1946 cujus
447 1900 611 1947 tragoedia
632 1901 697 1934 suit
720 1894 851 1950 ἑρμιένῃ
865 1927 874 1943 ,
892 1902 1006 1936 verisi-

330 1954 412 1988 mile
430 1953 470 1988 fit
487 1967 527 1988 ex
544 1952 744 1995 Eustathio,
769 1952 810 1986 ad
836 1954 983 1987 Homer.
995 1979 1004 1997 ,

331 2005 400 2040 Od.
421 2011 455 2039 Δ.
477 2006 637 2038 LENNEP.
656 2024 701 2030 —
725 2006 926 2050 Tyndareos.
949 2004 1006 2039 Sic

330 2056 438 2091 codex
460 2056 658 2099 Leidensis,
677 2063 712 2090 et
725 2055 831 2090 editio
849 2058 1006 2100 Veneta,

332 2108 415 2142 anni
433 2109 514 2151 1485
528 2121 536 2142 t
549 2108 595 2142 ita
609 2109 815 2152 Androgeos,
833 2108 896 2154 Ep.
910 2120 1006 2156 '‘›99-

333 2160 391 2194 Sic
407 2167 441 2194 et
461 2160 524 2194 alia
540 2160 697 2194 similiter
719 2160 865 2194 nomina
887 2160 1007 2194 Graeca

329 2212 615 2258 pronuntiatione
635 2212 764 2246 extulit.
787 2212 918 2247 HEINS.

375 2263 428 2306 34.
447 2265 530 2297 Plus
545 2277 684 2308 quoque⁷
703 2268 762 2308 qui
767 2268 864 2308 prior
878 2268 934 2297 es!
952 2277 1008 2297 or·-

330 2316 426 2355 dine,
441 2319 555 2359 possit
567 2328 659 2349 avus.
675 2316 879 2361 Respondet
895 2315 1007 2360 objec-

330 2366 417 2400 tioni
437 2379 541 2412 quam
557 2367 619 2401 sibi
635 2367 706 2412 ipsa
721 2367 889 2413 superiori
905 2380 1007 2401 versu

330 2426 498 2453 moverat.
509 2419 666 2463 AEquum
675 2432 718 2453 au
723 2427 791 2454 tem
801 2419 1006 2454 Hermiona:

330 2469 408 2504 vide
414 2476 470 2504 tur
480 2483 574 2514 eum,
588 2471 647 2515 qui
658 2471 701 2505 sit
711 2474 825 2505 ordine
841 2470 1005 2505 nascendi

325 2526 427 2566 prior,
445 2522 550 2556 etiam
570 2522 646 2567 plus
660 2536 758 2568 posse
773 2550 782 2567 ,
799 2522 845 2557 ita
861 2530 900 2557 ut
916 2535 1005 2569 pro-

332 2573 494 2607 missione
508 2574 613 2619 patris
629 2575 730 2620 longe
743 2574 911 2610 valentius
928 2587 1006 2609 cen-

330 2626 397 2660 seri
414 2626 536 2660 debeat
548 2633 663 2661 actum
680 2628 742 2661 avi.
755 2647 800 2654 —-
811 2630 941 2666 Possit,
960 2640 1004 2660 an

331 2690 413 2712 eum
442 2678 588 2712 Heinsio
608 2681 743 2723 posset,
770 2680 861 2724 legas
876 2705 885 2723 ‚
912 2677 1005 2712 haud

331 2729 484 2764 multum
507 2730 623 2764 refert.
650 2732 811 2766 LENNEP.

374 2782 426 2829 39.
451 2783 630 2817 Permitte!
641 2795 792 2818 umorem.
816 2782 1004 2818 Vaticanus

1069 1542 1226 1574 concedi!
1239 1539 1344 1574 habet
1364 1552 1373 1575 ε
1395 1538 1449 1574 alii
1465 1546 1585 1575 tamen
1611 1538 1748 1574 malunt

1063 1596 1248 1636 peth-let.
1268 1594 1449 1631 Concedet,
1466 1592 1637 1638 plerique.

1114 1645 1165 1687 42.
1201 1645 1294 1687 Quas
1307 1648 1425 1687 egerat
1449 1646 1538 1677 olim.
1554 1642 1723 1679 Nonnulli
1736 1669 1747 1687 ,

1065 1699 1221 1739 gesserat
1244 1707 1254 1728 .·
1275 1695 1430 1740 reposuit
1454 1694 1577 1729 Heins.
1605 1692 1724 1738 egram!
1735 1721 1745 1735 ,

1068 1760 1109 1781 ex
1126 1746 1258 1792 optimo
1284 1747 1467 1782 Puteaneo
1486 1747 1623 1791 (neque
1644 1745 1746 1780 aliter

1068 1798 1280 1833 Barberinus
1298 1824 1308 1842 ‚
1338 1797 1540 1832 Hafuiensis
1558 1823 1568 1841 ‚
1601 1797 1747 1831 Mente-

1069 1849 1181 1885 lianus
1196 1876 1205 1894 ,
1239 1849 1560 1893 Francosurtensis,
1583 1861 1747 1884 oum-ex-

1070 1903 1194 1948 cerptis
1220 1901 1430 1945 Gallicanis)
1452 1913 1562 1946 quum
1588 1900 1682 1946 qnod
1693 1900 1751 1935 ila-

1070 1954 1177 1988 tinior
1188 1954 1231 1988 sit
1239 1967 1278 1988 ea
1290 1953 1405 1998 lectio,
1417 1960 1494 1988 tum
1504 1952 1598 1997 quod
1609 1951 1747 1998 elegans

1071 2006 1113 2040 sit
1126 2006 1287 2051 repetitio
1300 2009 1392 2049 agit:
1405 2012 1441 2039 et
1454 2005 1500 2038 ita
1515 2004 1631 2039 statim
1647 2016 1748 2049 praes-

1073 2065 1122 2092 tat
1136 2063 1216 2092 acta
1225 2060 1380 2102 parentis
1395 2059 1517 2097 habes,
1542 2068 1624 2090 cum
1641 2051 1748 2106 pras-

1072 2110 1276 2144 tantioribus
1288 2107 1472 2150 codicibus,
1486 2108 1566 2152 quia
1578 2106 1748 2158 praecessit

1071 2164 1243 2205 superbiat
1253 2164 1352 2195 acm.

1098 2210 1101 2212 ’
1114 2213 1236 2256 43-44.
1249 2214 1312 2246 Ille
1324 2214 1408 2246 lic-el
1413 2214 1538 2256 passn't's
1549 2217 1613 2246 ete.
1628 2210 1747 2246 Habet

1070 2276 1151 2298 sane
1175 2264 1330 2311 Pyrrhus
1343 2290 1352 2307 ,
1380 2263 1474 2297 unde
1490 2266 1580 2297 actis
1593 2261 1745 2308 paternis

1070 2318 1241 2360 superbiat
1246 2327 1258 2357 ;
1274 2315 1333 2350 sed
1345 2315 1458 2360 ipsum
1468 2314 1564 2349 hunc
1574 2313 1745 2351 Achillem

1070 2367 1210 2412 regebat
1248 2367 1494 2412 Agamemnon
1526 2378 1535 2400 ε
1562 2371 1745 2411 parentem

1070 2419 1175 2464 igitur
1189 2419 1331 2463 rest-ras,
1345 2417 1486 2452 Achillis
1498 2417 1746 2462 filium‘regen-

1070 2470 1126 2504 do.
1139 2471 1346 2514 —Beseras.
1360 2470 1442 2505 Non
1459 2469 1668 2504 inconcinne
1685 2480 1745 2501 re-

1071 2528 1274 2567 poneretur,
1284 2535 1418 2566 regeras
1427 2533 1439 2564 ,·
1459 2522 1506 2556 sic
1515 2531 1660 2565 regerere
1670 2532 1746 2553 con-

1070 2578 1180 2617 vicia,'
1207 2587 1420 2620 quamquam
1441 2573 1544 2616 absit,
1569 2578 1608 2605 ut
1626 2571 1744 2616 vulga-

1069 2634 1142 2661 tam
1156 2627 1361 2672 scripturam
1378 2625 1554 2659 damnem.
1571 2621 1742 2667 Sequenti

1072 2692 1170 2714 versu
1184 2680 1383 2713 Puteaneus
1394 2704 1403 2721 ,
1427 2680 1594 2721 ipsumque
1602 2676 1746 2719 petebat

1069 2732 1238 2766 Achillem
1246 2758 1253 2772 ,
1269 2725 1362 2775 quod
1371 2741 1443 2763 non
1454 2727 1568 2772 capio,
1582 2725 1664 2771 quid
1675 2725 1741 2760 sibi

1068 2783 1158 2817 velit.
1173 2783 1304 2817 Hrms.
