1884 3112
600 241 870 290 OENONE
907 240 1170 303 PARIDI.
1515 243 1597 287 105

175 338 299 388 Dum
318 354 493 396 moror,
517 335 566 385 in
589 354 759 386 summa
774 335 902 387 fulsit
921 336 1033 386 mihi
1053 354 1254 408 purpura
1275 354 1421 404 prora.
1553 350 1599 384 65

239 414 455 464 Pertimui
473 433 485 464 :
504 412 651 464 cultus
669 432 764 463 non
787 426 882 464 erat
903 413 978 464 ille
1001 426 1121 464 tuus;

174 491 250 542 Fit
265 492 472 560 propior,
497 503 723 560 terrasque
746 492 833 541 cita
854 492 963 541 ratis
986 491 1137 555 attigit
1156 510 1262 540 aura
1281 510 1292 541 :

236 572 465 621 Femineas
487 571 598 630 vidi,
623 569 755 621 corde
778 581 990 619 tremente
1003 605 1016 627 ‚
1041 587 1189 632 genas.

173 649 280 699 Non
302 649 408 699 satis
431 649 478 698 id
494 647 661 698 suerat:
681 646 791 714 quid
811 646 930 696 enim
950 645 1121 695 furiosa
1135 646 1375 696 morabar?

239 725 450 776 Haerebat
472 724 640 788 gremio
663 723 810 790 turpis
831 723 970 772 amica
991 734 1085 772 tuo.
1559 748 1603 784 7⁰
1665 784 1668 788 r

173 804 303 853 Tunc
324 821 430 852 vero
444 800 636 868 rupique
656 799 804 857 sinus,
829 811 875 848 ct
895 812 1077 866 pectora
1098 799 1274 868 planxi,

210 896 215 899 “
238 883 301 931 Et
322 879 443 933 secui
463 877 661 928 madidas
681 896 832 941 ungue
852 876 1024 940 rigente
1045 896 1205 941 genas:

175 957 451 1026 Implevique
469 974 635 1005 sacram
657 954 854 1022 querulis
875 953 1123 1004 ululatibus
1139 954 1277 1003 Idam.

235 1036 366 1087 Illinc
390 1035 472 1085 has
493 1033 696 1084 lacrimas
719 1033 767 1082 in
787 1053 885 1083 mea
907 1052 1010 1083 saxa
1032 1032 1130 1082 tuli.

173 1115 248 1164 Sic
273 1113 442 1164 Helene
467 1112 634 1172 doleat,
661 1112 920 1178 desertaque
940 1111 1130 1177 conjuge
1153 1109 1319 1177 ploret3
1564 1124 1605 1169 75

239 1191 444 1258 Quaeque
464 1190 592 1257 prior
610 1189 747 1237 nobis
771 1187 946 1247 intulit,
969 1187 1066 1254 ipsa
1087 1187 1211 1236 ferat.

173 1269 304 1318 Nunc
322 1268 407 1317 tibi
431 1267 727 1325 conveniunt,
755 1284 853 1332 quae
879 1277 920 1314 te
939 1284 1020 1332 per
1038 1275 1190 1331 aperta
1212 1274 1456 1330 sequantur

216 1402 272 1438 66.
291 1404 409 1438 Cultus
421 1415 489 1438 mm
506 1406 583 1437 emt
591 1403 652 1437 illc
664 1405 750 1436 tuus.
769 1401 858 1437 Pur-

174 1467 284 1500 purea
296 1454 400 1490 vestis
409 1480 419 1499 ,
437 1467 544 1500 quam
556 1467 631 1489 non
645 1453 776 1489 solebat
788 1467 863 1501 ges-¹

173 1513 250 1542 tare
274 1506 373 1543 Paris
386 1533 396 1552 ‚
421 1513 459 1542 et
482 1519 561 1552 quae
579 1506 750 1541 seminam
767 1518 859 1551 pro-

174 1556 288 1594 deret.

218 1610 273 1659 69.
296 1611 375 1646 Non
387 1612 476 1645 satis
487 1609 658 1655 idsuerat.
671 1609 859 1644 Feminam

174 1661 303 1698 scilicet
318 1660 531 1708 adspexisse3
547 1661 610 1697 sed
621 1668 657 1696 et
667 1661 778 1707 ipsam
791 1661 859 1696 hae-

174 1721 316 1750 rentem
330 1714 481 1761 turpiter
494 1714 533 1749 iu
550 1713 684 1760 gremio
699 1713 835 1749 Paridis
847 1727 857 1755 ς

176 1765 271 1812 quod
292 1778 367 1801 non
387 1765 536 1802 dubium
556 1765 702 1813 proditae
728 1773 763 1800 et
787 1764 858 1813 de-

173 1825 275 1854 sertae
287 1817 407 1853 amicae
420 1818 545 1865 prioris
556 1818 706 1865 signum.
718 1835 763 1844 —·
780 1819 859 1852 Tur-

170 1873 230 1916 pis·
240 1873 363 1905 amica.
379 1870 548 1906 Refertur
561 1869 605 1905 ad
615 1883 647 1906 v.
664 1871 707 1915 44
719 1883 726 1905 :
732 1871 860 1914 puden-

175 1923 240 1958 dus
262 1935 364 1958 amor.
384 1941 429 1949 —
443 1924 614 1958 Morabar.
637 1923 769 1958 Sensus
784 1930 835 1957 est
847 1950 856 1963 ,

112 1978 114 1982 '
176 1987 252 2010 non
274 1974 355 2011 satis
378 1975 497 2011 suerat
517 1975 585 2011 hoc
601 1975 747 2017 vidisse3
775 1975 859 2021 quid

177 2027 275 2063 enim
285 2034 374 2063 esset
382 2027 477 2074 quod
487 2041 545 2063 me
556 2035 754 2063 moraretur
764 2028 780 2062 ?
793 2029 860 2063 Fu-

178 2092 240 2115 ror
255 2087 350 2116 certe
369 2078 441 2127 egit
451 2107 461 2125 ,
480 2088 520 2116 ut
541 2081 684 2127 propius
705 2093 861 2126 cognos-

160 2147 164 2151 ·
179 2145 318 2176 εει-επις
334 2146 408 2168 non
424 2133 617 2169 sufficiebat
633 2133 719 2168 mihi
735 2132 778 2167 ad
796 2132 863 2167 do-

180 2184 294 2220 lorem
308 2185 545 2229 movendum,
571 2186 720 2221 seminas
735 2193 863 2232 praeter

179 2249 279 2283 spem
294 2237 415 2284 procul
429 2237 466 2272 in
485 2250 573 2272 nave
588 2237 710 2273 vidisse
725 2252 734 2280 ;
755 2251 862 2284 quare

180 2288 269 2324 nihil
280 2295 357 2324 erat
366 2289 460 2336 quod
470 2289 574 2324 mein
585 2290 742 2324 furorem
751 2296 862 2325 actam

181 2341 352 2378 retineret
365 2366 375 2386 ,
399 2341 484 2388 quin
501 2341 642 2388 propius
655 2341 863 2388 inspicerem

183 2407 331 2430 omnem
353 2401 456 2429 tuum
481 2394 688 2429 comitatum
701 2421 711 2438 ,
739 2395 776 2428 in
793 2407 863 2440 quo

181 2446 342 2482 vidimox
351 2446 484 2492 gremio
490 2453 553 2481 tuo
564 2453 704 2493 turpem
716 2446 864 2482 amicam

182 2500 328 2536 haerere.
345 2498 628 2538 similisormula.
637 2498 703 2544 Ep.
711 2509 779 2542 xn,
793 2513 804 2533 1
815 2512 863 2546 17:

181 2561 239 2588 Nee
248 2561 448 2587 tmenextimui
454 2569 462 2593 ;
468 2559 606 2593 quidenim
612 2565 670 2593 pou
677 2559 863 2585 ill-timerem?

184 2609 234 2647 Et
248 2609 314 2656 Ep.
332 2621 415 2653 XVI,
434 2621 520 2644 221:

266 2680 298 2688 ...
313 2662 386 2695 Quid
398 2662 468 2687 enim
480 2667 566 2687 tumen
579 2661 665 2686 omnin
675 2670 776 2686 narrem
787 2661 801 2686 ¹?
813 2662 845 2686 B.

229 2725 280 2758 71.
309 2712 402 2746 Tunc
414 2724 503 2746 vem.
520 2710 652 2758 Micyui
667 2717 703 2745 et
716 2711 865 2746 Venetae

185 2761 356 2800 editiones
364 2790 375 2808 ‚
391 2765 573 2808 lausto-vi,
589 2763 682 2808 quod
693 2764 775 2799 etin
787 2763 864 2798 Me-

924 1401 1041 1445 diceo,
1059 1406 1095 1436 et
1111 1413 1184 1435 uno
1201 1400 1340 1435 Heinsii
1357 1399 1475 1435 codice
1489 1404 1608 1434 exstat.

970 1467 1020 1498 72.
1037 1453 1141 1488 Secui
1148 1465 1257 1497 ungue
1268 1455 1395 1496 rigente
1403 1464 1521 1496 genas.
1535 1453 1609 1486 Co-

923 1507 1017 1546 mas',
1034 1504 1134 1540 Junii
1149 1511 1185 1540 et
1199 1503 1362 1539 Scriverii
1377 1503 1512 1538 codices
1526 1503 1608 1538 :sed

922 1557 1052 1593 merito
1061 1570 1170 1602 genas
1183 1556 1412 1591 Burmannus
1428 1556 1581 1590 restituit
1598 1571 1608 1597 ;

924 1610 1005 1655 quia
1018 1636 1028 1654 ,
1055 1609 1172 1655 inquit
1187 1635 1197 1654 ,
1224 1609 1340 1644 verius
1368 1615 1514 1655 possunt
1540 1607 1608 1643 dici

923 1661 1073 1697 lacrimis
1091 1661 1234 1696 madere
1245 1687 1255 1705 ‚
1284 1673 1391 1706 quam
1407 1673 1528 1695 comae.

969 1714 1019 1761 73.
1038 1715 1194 1758 Quemlttr
1204 1715 1389 1748 ululatibus
1401 1714 1509 1747 Idam.
1524 1714 1610 1746 Iden

923 1765 1375 1813 meliores‚quomodosaepe
1384 1765 1463 1800 alibi
1472 1765 1610 1800 Noster.

970 1820 1020 1865 74.
1032 1820 1074 1854 In
1085 1833 1161 1854 mea
1171 1832 1270 1854 saxa.
1283 1819 1326 1853 In
1341 1831 1432 1860 saxa,
1449 1830 1526 1864 quae
1537 1818 1609 1852 mei

924 1871 962 1906 in
978 1879 1011 1906 te
1026 1872 1154 1907 amoris
1169 1871 1305 1907 conscia
1319 1872 1479 1914 fuerant,
1494 1878 1529 1905 et
1541 1883 1610 1905 uo-

925 1931 976 1959 tas
991 1924 1116 1969 passim
1129 1923 1243 1958 adhuc
1257 1923 1451 1958 servabant.

970 1978 1020 2022 75.
1039 1977 1097 2011 Sic
1112 1978 1245 2011 Helene
1260 1977 1386 2010 doleat.
1404 1975 1527 2020 Quam
1543 1988 1610 2009 ex—

926 2027 1061 2074 peritur
1083 2027 1322 2062 infelicitatem
1339 2054 1348 2071 ,
1377 2027 1414 2061 in
1433 2027 1611 2061 Helenam

927 2081 1150 2126 imprecatur.
1165 2098 1209 2105 —
1227 2082 1340 2114 Ferat.
1365 2080 1526 2114 Vicissim
1542 2093 1611 2126 pa·-

928 2132 1036 2167 tiatur
1050 2158 1060 2176 ,
1088 2144 1166 2178 quae
1186 2131 1349 2178 patienda
1372 2131 1459 2166 mihi
1482 2132 1611 2166 intulit.

927 2203 972 2210 —-
986 2186 1209 2230 Besedaque.
1222 2185 1344 2220 Posset
1356 2183 1423 2230 legi
1440 2196 1515 2219 non
1532 2184 1614 2219 ine-

927 2237 1103 2283 leganter,
1128 2237 1347 2282 delectaqum
1366 2243 1406 2271 ut
1423 2236 1488 2282 Ep.
1512 2248 1613 2280 xvn,

929 2289 1014 2332 23o;
1031 2288 1093 2325 sed
1113 2295 1148 2324 et
1166 2289 1303 2335 vulgata
1323 2295 1416 2324 recte
1436 2303 1473 2325 se
1495 2288 1611 2323 habet.

975 2356 1025 2388 77.
1042 2343 1141 2377 Nunc
1152 2344 1220 2375 tibi
1227 2345 1444 2383 conveniunt,
1459 2355 1534 2387 qua·
1547 2348 1612 2376 etc.

930 2394 1075 2429 Invidiae
1088 2420 1097 2438 ‚
1124 2400 1160 2429 et
1188 2393 1333 2439 quidem
1363 2394 1586 2429 amarissimae
1600 2419 1611 2435 ‚

928 2447 1032 2492 plena
1047 2453 1131 2482 sunt
1153 2445 1226 2481 haee
1240 2446 1356 2481 verba.
1377 2464 1422 2472 ·—
1448 2447 1540 2490 Quoe.
1560 2445 1614 2480 Is-

929 2500 996 2534 tius
1013 2498 1110 2533 modi
1131 2498 1311 2542 mulieres,
1330 2511 1407 2543 quae
1418 2501 1612 2543 perapeda

930 2564 1079 2597 oequota,
1103 2563 1362 2596 quemcumque
1395 2550 1466 2585 sors
1493 2549 1613 2584 tulerit

929 2617 1064 2647 casum,
1081 2603 1224 2638 obvium
1241 2602 1433 2649 quemlibet
1448 2615 1613 2648 sequun-

929 2665 1001 2699 tur3
1011 2663 1045 2691 et
1055 2656 1129 2691 illos
1139 2657 1343 2697 destiluunt,
1363 2655 1422 2700 qui
1432 2655 1495 2690 sibi
1507 2667 1613 2689 cesse-

928 2717 1014 2745 runt
1024 2712 1175 2754 legitimi.
1185 2727 1231 2735 —-
1239 2709 1338 2743 Nunc
1349 2712 1457 2742 tecum
1464 2710 1613 2742 veniunt.

931 2765 1028 2799 Num
1040 2764 1107 2796 tibi
1113 2763 1327 2806 conveniunt,
1338 2760 1490 2796 Puteani
1500 2766 1535 2794 et
1548 2758 1571 2793 J
1574 2770 1617 2793 u-
