1884 3112
316 266 405 312 356
747 266 1099 310 EPISTOLA
1130 267 1277 311 XIX.

378 346 600 416 Sternuit,
619 369 663 407 et
680 358 810 406 nobis
833 365 1047 425 prospera
1070 359 1195 421 signa
1219 358 1351 407 dedit.

310 437 425 484 Ecce
448 454 615 483 merum
637 434 786 482 nutrix
808 433 977 483 faustos
999 433 1184 483 instillat
1205 435 1253 482 in
1275 435 1423 497 ignes:

379 513 486 560 Cras
509 511 668 559 erimus
691 509 861 576 plures,
887 511 1055 577 inquit;
1081 523 1126 560 et
1147 512 1244 578 ipsa
1265 512 1397 560 bibit.

314 588 448 637 Effice
472 607 555 636 nos
575 588 746 655 plures,
771 587 909 636 evicta
930 607 1011 654 per
1031 607 1207 655 aequora
1229 588 1400 656 lapsus,
1664 605 1724 640 155

380 667 423 714 O
445 666 622 732 penitus
645 676 739 713 toto
766 664 896 712 corde
919 677 1091 732 recepte
1113 665 1242 729 mihi!

311 745 365 791 In
390 755 465 792 tua
490 755 630 791 castra
653 742 769 801 redi,
795 742 906 790 socii
932 742 1127 791 desertor
1147 744 1338 792 Amoris.

374 821 611 868 Ponuntur
632 819 778 868 medio
803 838 881 867 cur
901 838 999 868 mea
1024 821 1222 869 membra
1242 833 1340 869 toro
1356 824 1377 870 Β
1388 815 1390 822 ’

310 897 448 963 Quod
471 898 642 959 timeas,
672 916 766 944 non
790 909 857 944 est
877 916 1013 946 :auso
1037 899 1189 947 Venus
1207 899 1510 965 ipsa-favebit3

376 976 552 1024 Sternet
575 986 619 1023 et
641 993 885 1040 aequoreaS‚
911 991 1085 1041 aequore
1103 988 1228 1036 nata,
1253 977 1356 1026 vias.
1665 995 1725 1028 160

309 1055 378 1102 Ire
400 1053 516 1102 libet
536 1052 702 1101 medias
724 1051 812 1118 ipsi
834 1052 944 1099 mihi
968 1071 1082 1119 saepe
1106 1072 1185 1120 per
1206 1055 1347 1103 undas
1369 1075 1379 1103 :
1539 1055 1543 1059 ’

374 1131 461 1179 Sed
484 1129 598 1178 solet
619 1129 706 1177 hoc
728 1129 925 1177 maribus
948 1130 1090 1178 tutius
1110 1149 1204 1179 esse
1227 1131 1400 1180 fretum.

308 1210 421 1258 Nam
444 1226 542 1265 cur,
565 1207 651 1254 hoc
674 1205 809 1254 vectis
833 1205 1012 1272 Phryxo
1035 1207 1288 1275 Phryxique
1312 1228 1486 1266 sorore,

374 1284 478 1332 Sola
503 1283 623 1332 dedit
645 1282 779 1331 vastis
803 1282 964 1332 femina
986 1303 1150 1334 nomen
1171 1286 1333 1352 aquis?

306 1361 511 1410 Forsitan
535 1360 590 1408 ad
612 1359 802 1408 reditum
824 1372 993 1409 metuas
1016 1381 1072 1410 ne
1095 1362 1260 1411 robora
1279 1363 1444 1422 desint;
1663 1381 1723 1414 165

351 1474 424 1507 152.
446 1472 497 1506 Et
509 1472 614 1504 nobis.
633 1469 799 1504 Francius
812 1468 980 1513 malebat,

304 1528 343 1559 et
353 1527 448 1558 nutu.

351 1575 422 1610 153.
446 1575 607 1608 Instmat.
630 1572 683 1606 Ita
704 1571 866 1606 meliores
885 1571 982 1606 codi-

302 1641 368 1663 ces.
397 1624 559 1672 Micyllus
578 1631 614 1657 et
634 1623 871 1657 Bersmannus
899 1622 982 1656 edi-

298 1679 435 1713 ‘derunt
450 1702 460 1719 ,
487 1677 661 1717 dist1‘llat5
692 1674 765 1708 aliae
789 1672 957 1707 editiones
970 1699 979 1716 ,

302 1730 478 1769 destillat,·
498 1732 533 1760 et
547 1724 689 1770 quidam
705 1723 838 1758 codices
854 1730 982 1757 utram-

306 1795 375 1828 que
389 1781 577 1816 lectionem
591 1783 791 1823 agnoscunt.
809 1776 879 1811 Sed
895 1776 983 1810 nihil

306 1842 404 1871 muta
421 1847 430 1869 ι
452 1846 536 1868 nam
560 1831 685 1866 Cicero
704 1830 747 1865 de
764 1830 903 1865 Senect.
919 1840 957 1864 x1
971 1856 981 1868 ,

304 1888 389 1923 dixit
408 1914 419 1931 ‚
451 1888 569 1921 Oleum
593 1887 716 1919 lumini
734 1883 899 1918 instillare
919 1895 927 1919 :
948 1889 983 1917 et

307 1939 475 1975 Horatius
487 1964 498 1982 ‚
522 1948 571 1981 11,
590 1936 661 1971 Sat.
676 1946 725 1979 11,
742 1935 784 1969 62
799 1948 808 1969 ε

587 2013 619 2022 ...
635 1997 723 2020 Cornu
732 1994 787 2027 ipse
798 1993 887 2018 bilibri

307 2047 432 2075 emmaus
444 2045 574 2078 instillat,
591 2044 686 2069 veteris
696 2052 747 2068 non
761 2051 854 2076 pareus
863 2042 938 2067 aceti.
949 2043 981 2067 B.

332 2138 335 2143 Ι
352 2098 424 2140 154.
450 2097 534 2130 Cras
549 2097 680 2129 erimus.
701 2094 847 2137 Crasque
866 2091 983 2125 melio-

308 2161 373 2183 res.
395 2148 592 2181 Hmu-sms.

354 2201 424 2232 155.
449 2199 572 2231 Evicta
585 2208 651 2240 per
666 2207 806 2240 aquom,
833 2196 982 2238 Empta,

307 2250 558 2286 Lincolniensis
571 2275 580 2293 ,
603 2252 719 2284 evecta
741 2247 834 2282 alius.
861 2249 985 2282 Ermta

310 2304 571 2341 Ambrosianus.
582 2304 715 2336 Pacata
724 2328 731 2342 ‚
744 2301 984 2336 Famesianus.

310 2359 472 2391 Extrema
482 2382 490 2396 ‚
508 2353 741 2388 Lovaniensis.
758 2354 868 2388 Inus'ta
878 2380 886 2393 ‚
902 2353 985 2387 Ber-

310 2407 428 2442 nensis
438 2416 446 2438 t
457 2406 512 2440 alii
523 2405 628 2440 aliter.
640 2404 806 2439 Francius
813 2403 961 2438 malebat
972 2429 982 2446 ‚

308 2460 443 2492 deuicta
460 2470 470 2491 :
494 2456 553 2491 sed
579 2468 701 2490 omnes
726 2455 851 2488 frustra
870 2464 878 2485 ε
902 2465 986 2488 nam

309 2514 421 2544 evicta
428 2517 491 2552 est,
503 2509 655 2543 natando
662 2515 830 2553 superata.
842 2507 882 2540 Β.
897 2505 985 2541 Inde

310 2562 401 2596 infra
413 2588 422 2606 ,
446 2562 503 2596 181
518 2574 526 2595 :
539 2562 735 2595 tumidarum
750 2559 858 2593 victor
872 2571 985 2602 aqua—

312 2627 392 2648 rum.
423 2613 533 2658 Quod
559 2613 606 2649 sic
634 2611 797 2657 Virgilius
822 2611 962 2656 explicat
973 2637 983 2655 ,

314 2666 454 2700 AEnei'd.
469 2666 523 2700 lib.
540 2677 565 2701 v
577 2692 586 2710 ,
605 2672 667 2700 21:

312 2725 368 2750 Nec
382 2734 428 2750 nos
438 2725 520 2751 obniti
532 2731 618 2754 contra
626 2744 634 2757 ,
649 2733 694 2750 nee
708 2718 810 2750 tendere
817 2727 921 2749 tantum

312 2774 328 2799 S
333 2772 429 2799 ufficim
433 2781 471 2798 us.

1008 1507 1011 1509 ,
1049 1470 1165 1515 Quod'
1191 1470 1287 1505 idem
1317 1472 1420 1517 paulo
1446 1473 1723 1519 magnificentius

1047 1520 1146 1565 alibi,
1165 1523 1305 1558 AEneid.
1326 1523 1383 1558 lib.
1400 1536 1415 1558 1
1427 1550 1437 1568 ,
1457 1526 1540 1569 2485

1110 1582 1114 1587 ·
1275 1578 1385 1603 Fontem
1398 1582 1519 1611 su‘perare
1531 1579 1644 1608 Timavi.

1093 1625 1163 1659 156.
1188 1626 1336 1669 Recepte
1351 1629 1441 1661 mihi.
1461 1629 1611 1673 Recepta·
1627 1640 1720 1673 mo,

1047 1674 1203 1710 Lincoln.
1219 1676 1316 1710 Leid.
1333 1684 1368 1711 et
1384 1677 1582 1714 Beruensis.

1093 1739 1106 1759 1
1112 1727 1164 1760 58.
1177 1728 1464 1763 Ponunturmedio
1470 1742 1610 1765 cut-mea
1617 1744 1722 1767 mem-

1046 1779 1106 1810 bra
1115 1781 1190 1814 ,toro
1202 1782 1221 1815 Ρ
1234 1779 1430 1814 Execrabile
1442 1788 1516 1815 erat
1523 1780 1591 1817 hoc
1599 1795 1723 1818 amau-

1047 1829 1137 1864 tibus
1160 1843 1168 1864 :
1189 1831 1305 1876 itaque
1330 1831 1476 1867 Ovidius
1494 1833 1566 1878 ipse
1588 1835 1645 1870 lib.
1666 1847 1719 1880 11,

1048 1881 1169 1916 Amor.
1183 1883 1278 1929 Eleg.
1289 1895 1311 1917 x
1325 1910 1335 1927 ,
1353 1897 1463 1929 quum
1476 1887 1609 1922 matum
1619 1887 1723 1924 hosti-

1047 1934 1111 1969 bus
1121 1935 1331 1981 imprecatur
1342 1963 1351 1981 ‚
1377 1945 1474 1984 optat
1489 1952 1548 1975 eos
1567 1939 1721 1977 dormire

1047 1986 1084 2020 in
1107 2000 1215 2022 vacuo
1236 1988 1326 2023 lecto
1344 2015 1354 2033 ‚
1382 1997 1418 2024 et
1439 1989 1476 2024 in
1503 1992 1622 2027 medio
1642 2001 1722 2028 toro

1047 2040 1206 2074 membra
1221 2051 1352 2086 ponere
1372 2055 1380 2077 ε
1395 2044 1471 2088 ejus
1488 2057 1604 2097 versus
1616 2054 1698 2083 sunt
1713 2061 1722 2082 ε

1048 2099 1175 2125 Hostibus
1185 2101 1287 2125 eveniat
1296 2110 1342 2126 vac
1347 2111 1379 2127 uo
1388 2102 1500 2128 dormire
1513 2103 1594 2130 cubili
1602 2124 1612 2136 ,

1081 2149 1116 2173 Et
1128 2149 1217 2174 medio
1233 2150 1389 2184 lamponem
1401 2152 1521 2178 membra
1534 2160 1602 2179 toro.
1625 2155 1704 2181 Clo?-

1096 2196 1166 2230 151.
1189 2198 1244 2231 Ire
1263 2200 1348 2232 libet
1368 2201 1506 2235 medias.
1544 2202 1722 2239 Praecessit

1049 2247 1156 2283 modo
1169 2275 1178 2292 ,
1202 2252 1312 2285 medio
1326 2255 1421 2296 lom,-
1448 2260 1483 2287 et
1498 2266 1580 2288 mox
1597 2257 1721 2301 sequi-

1049 2305 1119 2343 tur,
1135 2300 1278 2335 medium
1291 2315 1423 2347 oequor:
1439 2315 1545 2349 quare
1557 2319 1638 2341 cum
1650 2319 1721 2342 uno

1051 2351 1162 2397 Regio
1178 2352 1232 2387 hic
1242 2379 1251 2396 ,
1275 2357 1421 2389 tumidas
1435 2357 1637 2400 praeserrem
1653 2371 1661 2392 ι
1682 2367 1722 2395 ut

1050 2415 1131 2436 mox
1147 2416 1231 2438 vers.
1253 2405 1308 2439 181
1322 2411 1384 2449 ,et
1398 2406 1520 2442 millies
1533 2407 1620 2443 alibi.
1636 2403 1677 2444 Β.

1097 2454 1168 2489 162.
1194 2456 1314 2504 Tutius
1325 2470 1409 2492 esse.
1428 2458 1550 2494 Franc.
1564 2459 1719 2504 volebat,

1049 2510 1173 2542 mitius.

1097 2560 1166 2594 165.
1190 2563 1346 2596 Forsitan
1367 2565 1419 2597 ad
1442 2565 1582 2599 reditum
1601 2568 1723 2599 m‘elmssr

1050 2625 1092 2646 ne
1107 2615 1225 2647 robom
1242 2616 1362 2649 desint.
1387 2617 1522 2650 Meinas
1539 2617 1628 2650 bene
1646 2617 1721 2651 Pu-

1049 2671 1191 2700 teaneus
1207 2673 1243 2701 et
1260 2667 1397 2713 Regius.
1420 2667 1559 2702 Deinde
1575 2672 1720 2712 tempora

1048 2720 1163 2753 desint
1174 2718 1268 2754 idem
1285 2720 1480 2754 Puteaneus
1500 2732 1581 2754 cum
1602 2721 1720 2756 multis

1051 2770 1130 2804 aliis.
1147 2771 1278 2806 ΗΕΚΝ-5.
1298 2772 1434 2806 Meinas
1449 2775 1489 2805 ul
1500 2775 1645 2816 lempom
1658 2774 1719 2806 de-
