1884 3112
644 226 822 270 nmo
869 205 1084 270 AENEAE.
1117 198 1120 199 ἦ
1491 227 1567 270 161

208 317 386 360 Latinum
404 317 493 359 fecit
513 316 711 360 Ausonius
730 318 1039 376 Burdigalensis,
1066 318 1201 374 Epigr.
1219 328 1289 359 cxl
1305 347 1318 369 ,
1339 317 1400 362 vel
1417 329 1579 361 exvul-
1567 349 1579 370 ‚

150 383 298 428 variant
324 385 465 439 quippe
493 384 708 426 Editiones.

515 488 583 529 IN
621 487 821 528 DIDUS
866 486 1214 528 IMAGINEM.

159 579 295 635 ILLA
315 605 394 652 ego
413 607 511 634 sum
529 590 649 635 Dido
670 590 819 645 vultu,
846 606 980 650 quem
999 592 1234 651 conspicis,
1255 590 1437 652 hospes,

218 656 471 701 Assimilata
490 655 633 700 modis
652 656 927 717 pulchraque
947 655 1164 699 mirificis.

156 719 279 765 Talis
301 739 445 781 eram3
469 722 547 767 sed
561 738 674 776 non,
696 723 824 766 Maro
849 737 982 782 quam
999 721 1110 764 mihi
1133 720 1285 778 finxit,
1317 730 1410 767 erat
1429 738 1578 782 mens3

214 789 321 835 Vita
341 806 423 834 nec
444 791 618 834 incestis
639 789 735 833 laeta
757 787 1059 849 cupidinibus.

24 846 35 866 ³
91 901 94 906 ,
148 854 356 916 Namque
375 872 457 900 nec
477 857 633 900 AEneas
654 853 769 899 vidit
786 871 859 898 me
881 855 1044 899 Troius
1062 870 1284 916 unquam,
1558 867 1578 900 5

209 922 304 969 Nec
322 921 514 983 Libyam
533 921 715 967 advenit
733 920 940 967 classibus
969 921 1129 966 Iliacis.

153 986 246 1034 Sed
264 987 398 1032 furias
420 987 590 1049 fugiens
602 1021 616 1043 ,
643 996 777 1049 atque
798 1003 918 1031 arma
932 987 1128 1048 procacis
1151 986 1292 1031 Iarbae
1306 1021 1320 1041 ‚

212 1053 415 1110 Servavi,
439 1053 605 1108 fateor,
629 1063 775 1099 morte
794 1053 1083 1115 pudicitiam,

150 1122 337 1167 Pectore
357 1119 563 1165 transfixo
575 1154 590 1175 ‚
611 1129 750 1164 castus
773 1119 894 1181 quod
914 1120 1106 1180 perculit
1128 1121 1241 1164 ensis
1255 1153 1269 1175 ‚

213 1185 315 1248 Non
333 1185 478 1240 furor,
502 1194 577 1230 aut
591 1186 691 1230 laeso
713 1186 874 1230 crudus
896 1202 1044 1230 amore
1062 1185 1208 1231 dolor.
1537 1204 1576 1226 ιο

153 1252 228 1303 Sic
247 1252 456 1297 cecidisse
482 1255 603 1309 juvat
628 1270 639 1297 z
662 1254 751 1297 vixi
770 1254 865 1298 sine
886 1254 1070 1298 vulnere
1090 1254 1213 1298 famae
1229 1273 1241 1297 ε

212 1319 322 1364 Ulta
338 1320 509 1373 virum,
531 1319 686 1379 positis
707 1319 951 1374 moenibus,
977 1321 1164 1381 oppetii.

153 1385 315 1431 Invida
334 1402 413 1429 cur
431 1386 480 1429 in
497 1401 570 1429 me
590 1385 823 1429 stimulasti
838 1419 852 1441 ,
878 1387 1032 1440 Musa,
1058 1389 1314 1443 Maronem,

212 1452 423 1514 Fingeret
440 1459 492 1495 ut
507 1460 666 1496 nostrae
687 1451 846 1495 damna
864 1452 1128 1513 pudicitiae?

150 1518 243 1565 Vos
262 1519 398 1580 magis
415 1518 657 1573 historicis,
682 1518 868 1562 lectores
882 1552 895 1572 ,
920 1516 1089 1562 credite
1112 1517 1167 1562 de
1188 1534 1259 1561 me
1272 1552 1286 1572 ,
1540 1528 1579 1561 15

213 1585 355 1643 Quam
374 1586 453 1646 qui
469 1583 587 1631 furta
606 1586 755 1628 Deum
774 1584 1123 1646 concubitusque
1141 1594 1305 1628 canunt

150 1651 359 1697 Falsidici
379 1659 525 1707 vates,
550 1657 770 1695 temerant
791 1652 868 1712 qui
890 1653 1084 1695 carmine
1105 1668 1285 1709 verum3

209 1718 515 1779 Humanisque
534 1719 652 1762 Deos
673 1718 912 1762 assimilant
928 1719 1063 1763 vitiis.

201 1828 407 1884 Denique,
432 1837 478 1868 ut
498 1827 594 1868 nihil
622 1829 763 1869 Lector
794 1828 1008 1880 desideret,
1040 1843 1083 1869 ex
1103 1828 1163 1869 his
1186 1844 1275 1883 quae
1306 1829 1353 1870 ad
1385 1829 1580 1870 Didonem

149 1907 320 1941 nostram
341 1901 535 1954 pertinent
551 1930 563 1951 ‚
590 1900 722 1940 addam
747 1913 906 1953 quoque
924 1899 1025 1939 illius
1041 1900 1287 1954 Epitaphium
1303 1929 1315 1950 ‚
1338 1899 1579 1940 notissimum

148 1979 272 2022 certe,
289 1970 397 2024 quod
408 1970 460 2010 ita
466 1970 559 2011 lusit
568 1970 669 2010 idem
682 1969 882 2010 Ausonius
895 1985 905 2009 :
919 1978 978 2010 est
986 1970 1086 2011 inter
1096 1970 1313 2025 Epitaphia
1323 1970 1576 2025 trigesimum.

150 2055 311 2100 Infelix
329 2055 449 2101 Dido
463 2090 477 2111 ,
501 2055 614 2100 nulli
632 2055 749 2099 bene
771 2063 911 2116 nupta
932 2057 1092 2100 marito
1114 2055 1124 2100 ἱ

211 2123 310 2167 Hoc
328 2130 545 2184 pereunte
562 2122 700 2182 fugis3
724 2122 809 2165 hoc
829 2122 1026 2181 fugiente
1047 2122 1190 2184 peris!

150 2230 272 2280 Quod
292 2231 346 2272 sic
366 2231 497 2288 gallice
512 2232 664 2285 quidam
681 2245 702 2271 e
720 2231 861 2272 nostris
874 2260 887 2283 ‚
904 2245 986 2271 non
1005 2231 1055 2271 ita
1071 2232 1291 2285 infeliciter,
1310 2233 1475 2274 imitatus
1493 2241 1550 2275 est
1566 2249 1574 2272 ι

331 2318 505 2363 Ραιιννε
526 2318 710 2368 Didon,
739 2322 798 2361 οἰι
818 2318 880 2361 t'a
899 2318 1067 2363 reduite

329 2385 404 2429 De
426 2395 490 2428 tes
508 2386 642 2427 maris
664 2383 704 2427 le
725 2387 848 2427 triste
869 2384 998 2428 sort!

332 2450 447 2495 L’un
466 2467 523 2494 en
542 2461 750 2494 mourant
766 2466 895 2496 cause
916 2463 963 2495 ta
968 2453 1090 2511 suite
1102 2485 1119 2502 ,

333 2516 513 2560 L’autre
532 2515 776 2575 enfuyant
794 2533 924 2562 cause
947 2530 994 2561 ta
1014 2517 1163 2562 mort!

1038 2611 1357 2655 CHARPENTIER.
