<?xml version="1.0" encoding="UTF-8"?>
<!DOCTYPE html PUBLIC "-//W3C//DTD XHTML 1.0 Transitional//EN"
    "http://www.w3.org/TR/xhtml1/DTD/xhtml1-transitional.dtd">
<html xmlns="http://www.w3.org/1999/xhtml" xml:lang="en" lang="en">
 <head>
  <title>
</title>
<meta http-equiv="Content-Type" content="text/html;charset=utf-8" />
  <meta name='ocr-system' content='tesseract 3.04.00' />
  <meta name='ocr-capabilities' content='ocr_page ocr_carea ocr_par ocr_line ocrx_word'/>
</head>
<body>
  <div class='ocr_page' id='page_1' title='image "./quaeextantomniao01oviduoft_0442.png"; bbox 0 0 1884 3112; ppageno 0'>
   <div class='ocr_carea' id='block_1_1' title="bbox 308 243 422 300">
    <p class='ocr_par' dir='ltr' id='par_1_1' title="bbox 308 243 422 300">
     <span class='ocr_line' id='line_1_1' title="bbox 308 243 422 300; baseline 0 -44"><span class='ocrx_word' id='word_1_1' title='bbox 308 253 313 256; x_wconf 80' lang='grc'><strong>,</strong></span> <span class='ocrx_word' id='word_1_2' title='bbox 333 243 422 300; x_wconf 52' lang='lat'><strong>410</strong></span> 
     </span>
    </p>
   </div>
   <div class='ocr_carea' id='block_1_2' title="bbox 627 245 1456 294">
    <p class='ocr_par' dir='ltr' id='par_1_2' title="bbox 627 245 1456 294">
     <span class='ocr_line' id='line_1_2' title="bbox 627 245 1456 294; baseline 0.005 -4"><span class='ocrx_word' id='word_1_3' title='bbox 627 245 716 291; x_wconf 94' lang='lat' dir='ltr'><strong>AD</strong></span> <span class='ocrx_word' id='word_1_4' title='bbox 757 245 1022 291; x_wconf 93' lang='lat' dir='ltr'><strong>LIVIAM</strong></span> <span class='ocrx_word' id='word_1_5' title='bbox 1061 245 1456 294; x_wconf 89' lang='lat' dir='ltr'><strong>AUGUSTAM</strong></span> 
     </span>
    </p>
   </div>
   <div class='ocr_carea' id='block_1_3' title="bbox 319 336 1744 1560">
    <p class='ocr_par' dir='ltr' id='par_1_3' title="bbox 319 336 1744 1560">
     <span class='ocr_line' id='line_1_3' title="bbox 396 336 1740 394; baseline 0.006 -10"><span class='ocrx_word' id='word_1_6' title='bbox 396 336 566 386; x_wconf 86' lang='lat' dir='ltr'><strong>Debuit</strong></span> <span class='ocrx_word' id='word_1_7' title='bbox 590 337 795 394; x_wconf 88' lang='lat' dir='ltr'><strong>humanis</strong></span> <span class='ocrx_word' id='word_1_8' title='bbox 818 336 950 386; x_wconf 86' lang='lat' dir='ltr'><strong>altior</strong></span> <span class='ocrx_word' id='word_1_9' title='bbox 970 338 1226 388; x_wconf 80' lang='lat' dir='ltr'><strong>essemalis.</strong></span> <span class='ocrx_word' id='word_1_10' title='bbox 1695 358 1740 392; x_wconf 76' lang='grc' dir='ltr'><strong>σο</strong></span> 
     </span>
     <span class='ocr_line' id='line_1_4' title="bbox 328 403 1399 477; baseline 0.007 -17"><span class='ocrx_word' id='word_1_11' title='bbox 328 412 407 462; x_wconf 90' lang='lat' dir='ltr'><strong>Ille</strong></span> <span class='ocrx_word' id='word_1_12' title='bbox 429 413 559 476; x_wconf 84' lang='lat' dir='ltr'><strong>vigil,</strong></span> <span class='ocrx_word' id='word_1_13' title='bbox 585 403 754 463; x_wconf 86' lang='lat' dir='ltr'><strong>summa</strong></span> <span class='ocrx_word' id='word_1_14' title='bbox 779 434 899 464; x_wconf 90' lang='lat' dir='ltr'><strong>sacer</strong></span> <span class='ocrx_word' id='word_1_15' title='bbox 920 415 993 465; x_wconf 83' lang='lat' dir='ltr'><strong>ille</strong></span> <span class='ocrx_word' id='word_1_16' title='bbox 1018 415 1188 466; x_wconf 89' lang='lat' dir='ltr'><strong>locatus</strong></span> <span class='ocrx_word' id='word_1_17' title='bbox 1210 417 1258 465; x_wconf 89' lang='lat' dir='ltr'><strong>in</strong></span> <span class='ocrx_word' id='word_1_18' title='bbox 1282 437 1399 477; x_wconf 87' lang='lat' dir='ltr'><strong>arce,</strong></span> 
     </span>
     <span class='ocr_line' id='line_1_5' title="bbox 392 491 1447 558; baseline 0.007 -20"><span class='ocrx_word' id='word_1_19' title='bbox 392 492 482 539; x_wconf 87' lang='lat' dir='ltr'><strong>Res</strong></span> <span class='ocrx_word' id='word_1_20' title='bbox 506 491 736 540; x_wconf 88' lang='lat' dir='ltr'><strong>hominum</strong></span> <span class='ocrx_word' id='word_1_21' title='bbox 759 511 812 541; x_wconf 87' lang='lat' dir='ltr'><strong>ex</strong></span> <span class='ocrx_word' id='word_1_22' title='bbox 837 504 935 541; x_wconf 91' lang='lat' dir='ltr'><strong>tuto</strong></span> <span class='ocrx_word' id='word_1_23' title='bbox 960 513 1135 544; x_wconf 88' lang='lat' dir='ltr'><strong>cernere</strong></span> <span class='ocrx_word' id='word_1_24' title='bbox 1160 494 1321 558; x_wconf 87' lang='lat' dir='ltr'><strong>dignus</strong></span> <span class='ocrx_word' id='word_1_25' title='bbox 1343 506 1447 545; x_wconf 89' lang='lat' dir='ltr'><strong>erat.</strong></span> 
     </span>
     <span class='ocr_line' id='line_1_6' title="bbox 325 567 1533 638; baseline 0.003 -22"><span class='ocrx_word' id='word_1_26' title='bbox 325 569 415 617; x_wconf 86' lang='lat' dir='ltr'><strong>Nec</strong></span> <span class='ocrx_word' id='word_1_27' title='bbox 438 567 532 616; x_wconf 88' lang='lat' dir='ltr'><strong>fleri</strong></span> <span class='ocrx_word' id='word_1_28' title='bbox 555 569 650 635; x_wconf 91' lang='lat' dir='ltr'><strong>ipse</strong></span> <span class='ocrx_word' id='word_1_29' title='bbox 674 570 787 628; x_wconf 87' lang='lat' dir='ltr'><strong>suis,</strong></span> <span class='ocrx_word' id='word_1_30' title='bbox 810 589 890 619; x_wconf 91' lang='lat' dir='ltr'><strong>nec</strong></span> <span class='ocrx_word' id='word_1_31' title='bbox 915 590 1179 638; x_wconf 86' lang='lat' dir='ltr'><strong>quemquam</strong></span> <span class='ocrx_word' id='word_1_32' title='bbox 1202 571 1303 620; x_wconf 89' lang='lat' dir='ltr'><strong>flere</strong></span> <span class='ocrx_word' id='word_1_33' title='bbox 1329 589 1533 632; x_wconf 87' lang='lat' dir='ltr'><strong>suorum;</strong></span> 
     </span>
     <span class='ocr_line' id='line_1_7' title="bbox 388 647 1457 716; baseline 0.004 -22"><span class='ocrx_word' id='word_1_34' title='bbox 388 647 500 705; x_wconf 86' lang='lat' dir='ltr'><strong>Nec,</strong></span> <span class='ocrx_word' id='word_1_35' title='bbox 526 666 622 713; x_wconf 86' lang='lat' dir='ltr'><strong>quae</strong></span> <span class='ocrx_word' id='word_1_36' title='bbox 643 667 727 697; x_wconf 92' lang='lat' dir='ltr'><strong>nos</strong></span> <span class='ocrx_word' id='word_1_37' title='bbox 748 649 940 715; x_wconf 89' lang='lat' dir='ltr'><strong>patimur</strong></span> <span class='ocrx_word' id='word_1_38' title='bbox 957 649 1139 712; x_wconf 86' lang='lat' dir='ltr'><strong>vulgus,</strong></span> <span class='ocrx_word' id='word_1_39' title='bbox 1167 660 1211 698; x_wconf 88' lang='lat' dir='ltr'><strong>et</strong></span> <span class='ocrx_word' id='word_1_40' title='bbox 1233 649 1327 716; x_wconf 87' lang='lat' dir='ltr'><strong>ipse</strong></span> <span class='ocrx_word' id='word_1_41' title='bbox 1352 649 1457 716; x_wconf 88' lang='lat' dir='ltr'><strong>pati.</strong></span> 
     </span>
     <span class='ocr_line' id='line_1_8' title="bbox 322 722 1743 792; baseline 0.004 -23"><span class='ocrx_word' id='word_1_42' title='bbox 322 722 526 771; x_wconf 81' lang='lat' dir='ltr'><strong>Vidimus</strong></span> <span class='ocrx_word' id='word_1_43' title='bbox 551 735 700 791; x_wconf 86' lang='lat' dir='ltr'><strong>erepta</strong></span> <span class='ocrx_word' id='word_1_44' title='bbox 722 737 978 775; x_wconf 84' lang='lat' dir='ltr'><strong>moerentem</strong></span> <span class='ocrx_word' id='word_1_45' title='bbox 1002 727 1139 792; x_wconf 80' lang='lat' dir='ltr'><strong>stirpe</strong></span> <span class='ocrx_word' id='word_1_46' title='bbox 1165 725 1358 775; x_wconf 85' lang='lat' dir='ltr'><strong>sororis:</strong></span> <span class='ocrx_word' id='word_1_47' title='bbox 1573 753 1581 760; x_wconf 90' lang='lat'><strong>·</strong></span> <span class='ocrx_word' id='word_1_48' title='bbox 1663 732 1667 736; x_wconf 80' lang='grc'>’</span> <span class='ocrx_word' id='word_1_49' title='bbox 1697 741 1743 775; x_wconf 78' lang='lat'><strong>65</strong></span> 
     </span>
     <span class='ocr_line' id='line_1_9' title="bbox 386 802 1365 870; baseline 0.002 -22"><span class='ocrx_word' id='word_1_50' title='bbox 386 802 573 859; x_wconf 91' lang='lat' dir='ltr'><strong>Luctus,</strong></span> <span class='ocrx_word' id='word_1_51' title='bbox 598 813 650 850; x_wconf 88' lang='lat' dir='ltr'><strong>ut</strong></span> <span class='ocrx_word' id='word_1_52' title='bbox 671 802 719 850; x_wconf 90' lang='lat' dir='ltr'><strong>in</strong></span> <span class='ocrx_word' id='word_1_53' title='bbox 743 803 917 862; x_wconf 81' lang='lat' dir='ltr'><strong>Druso,</strong></span> <span class='ocrx_word' id='word_1_54' title='bbox 943 803 1152 870; x_wconf 91' lang='lat' dir='ltr'><strong>publicus</strong></span> <span class='ocrx_word' id='word_1_55' title='bbox 1172 802 1246 851; x_wconf 82' lang='lat' dir='ltr'><strong>ille</strong></span> <span class='ocrx_word' id='word_1_56' title='bbox 1267 802 1365 851; x_wconf 88' lang='lat' dir='ltr'><strong>fuit.</strong></span> 
     </span>
     <span class='ocr_line' id='line_1_10' title="bbox 322 878 1543 948; baseline 0.004 -23"><span class='ocrx_word' id='word_1_57' title='bbox 322 878 536 927; x_wconf 88' lang='lat' dir='ltr'><strong>Condidit</strong></span> <span class='ocrx_word' id='word_1_58' title='bbox 558 879 829 947; x_wconf 83' lang='lat' dir='ltr'><strong>Agrippam,</strong></span> <span class='ocrx_word' id='word_1_59' title='bbox 857 893 1027 947; x_wconf 84' lang='lat' dir='ltr'><strong>quote,</strong></span> <span class='ocrx_word' id='word_1_60' title='bbox 1053 880 1284 939; x_wconf 87' lang='lat' dir='ltr'><strong>Marcelle,</strong></span> <span class='ocrx_word' id='word_1_61' title='bbox 1310 880 1543 948; x_wconf 64' lang='lat' dir='ltr'><strong>sepulcrm</strong></span> 
     </span>
     <span class='ocr_line' id='line_1_11' title="bbox 385 955 1293 1022; baseline 0.002 -19"><span class='ocrx_word' id='word_1_62' title='bbox 385 955 446 1003; x_wconf 88' lang='lat' dir='ltr'><strong>Et</strong></span> <span class='ocrx_word' id='word_1_63' title='bbox 469 956 586 1022; x_wconf 86' lang='lat' dir='ltr'><strong>cepit</strong></span> <span class='ocrx_word' id='word_1_64' title='bbox 607 976 793 1019; x_wconf 88' lang='lat' dir='ltr'><strong>generos</strong></span> <span class='ocrx_word' id='word_1_65' title='bbox 811 958 902 1022; x_wconf 89' lang='lat' dir='ltr'><strong>jam</strong></span> <span class='ocrx_word' id='word_1_66' title='bbox 920 958 1043 1007; x_wconf 91' lang='lat' dir='ltr'><strong>locus</strong></span> <span class='ocrx_word' id='word_1_67' title='bbox 1067 957 1141 1007; x_wconf 82' lang='lat' dir='ltr'><strong>ille</strong></span> <span class='ocrx_word' id='word_1_68' title='bbox 1166 958 1293 1007; x_wconf 87' lang='lat' dir='ltr'><strong>duos.</strong></span> 
     </span>
     <span class='ocr_line' id='line_1_12' title="bbox 319 1032 1558 1101; baseline 0.004 -22"><span class='ocrx_word' id='word_1_69' title='bbox 319 1032 407 1080; x_wconf 86' lang='lat' dir='ltr'><strong>Vix</strong></span> <span class='ocrx_word' id='word_1_70' title='bbox 431 1034 580 1099; x_wconf 89' lang='lat' dir='ltr'><strong>posito</strong></span> <span class='ocrx_word' id='word_1_71' title='bbox 605 1035 808 1101; x_wconf 84' lang='lat' dir='ltr'><strong>Agrippa</strong></span> <span class='ocrx_word' id='word_1_72' title='bbox 828 1035 989 1084; x_wconf 90' lang='lat' dir='ltr'><strong>tumuli</strong></span> <span class='ocrx_word' id='word_1_73' title='bbox 1007 1036 1122 1085; x_wconf 89' lang='lat' dir='ltr'><strong>bene</strong></span> <span class='ocrx_word' id='word_1_74' title='bbox 1141 1036 1274 1101; x_wconf 89' lang='lat' dir='ltr'><strong>janua</strong></span> <span class='ocrx_word' id='word_1_75' title='bbox 1298 1034 1444 1085; x_wconf 84' lang='lat' dir='ltr'><strong>clausa</strong></span> <span class='ocrx_word' id='word_1_76' title='bbox 1465 1047 1558 1085; x_wconf 82' lang='lat' dir='ltr'><strong>est:</strong></span> 
     </span>
     <span class='ocr_line' id='line_1_13' title="bbox 384 1111 1744 1173; baseline 0.001 -15"><span class='ocrx_word' id='word_1_77' title='bbox 384 1111 562 1160; x_wconf 88' lang='lat' dir='ltr'><strong>Perficit</strong></span> <span class='ocrx_word' id='word_1_78' title='bbox 584 1111 780 1161; x_wconf 87' lang='lat' dir='ltr'><strong>officium</strong></span> <span class='ocrx_word' id='word_1_79' title='bbox 803 1113 970 1162; x_wconf 89' lang='lat' dir='ltr'><strong>funeris</strong></span> <span class='ocrx_word' id='word_1_80' title='bbox 988 1132 1084 1162; x_wconf 90' lang='lat' dir='ltr'><strong>ecce</strong></span> <span class='ocrx_word' id='word_1_81' title='bbox 1110 1131 1250 1162; x_wconf 93' lang='lat' dir='ltr'><strong>soror.</strong></span> <span class='ocrx_word' id='word_1_82' title='bbox 1701 1139 1744 1173; x_wconf 87' lang='lat'><strong>70</strong></span> 
     </span>
     <span class='ocr_line' id='line_1_14' title="bbox 320 1189 1474 1256; baseline 0.002 -20"><span class='ocrx_word' id='word_1_83' title='bbox 320 1189 431 1236; x_wconf 90' lang='lat' dir='ltr'><strong>Ecce</strong></span> <span class='ocrx_word' id='word_1_84' title='bbox 453 1199 520 1236; x_wconf 87' lang='lat' dir='ltr'><strong>ter</strong></span> <span class='ocrx_word' id='word_1_85' title='bbox 541 1201 641 1238; x_wconf 87' lang='lat' dir='ltr'><strong>ante</strong></span> <span class='ocrx_word' id='word_1_86' title='bbox 665 1189 798 1248; x_wconf 81' lang='lat' dir='ltr'><strong>datis,</strong></span> <span class='ocrx_word' id='word_1_87' title='bbox 820 1190 989 1256; x_wconf 88' lang='lat' dir='ltr'><strong>jactura</strong></span> <span class='ocrx_word' id='word_1_88' title='bbox 1011 1191 1271 1249; x_wconf 83' lang='lat' dir='ltr'><strong>novissima,</strong></span> <span class='ocrx_word' id='word_1_89' title='bbox 1298 1191 1474 1238; x_wconf 85' lang='lat' dir='ltr'><strong>Drusus</strong></span> 
     </span>
     <span class='ocr_line' id='line_1_15' title="bbox 382 1265 1403 1335; baseline 0.003 -23"><span class='ocrx_word' id='word_1_90' title='bbox 382 1265 424 1312; x_wconf 91' lang='lat' dir='ltr'><strong>A</strong></span> <span class='ocrx_word' id='word_1_91' title='bbox 446 1284 608 1330; x_wconf 85' lang='lat' dir='ltr'><strong>magno</strong></span> <span class='ocrx_word' id='word_1_92' title='bbox 633 1266 832 1316; x_wconf 82' lang='lat' dir='ltr'><strong>lacrimas</strong></span> <span class='ocrx_word' id='word_1_93' title='bbox 859 1269 1027 1317; x_wconf 86' lang='lat' dir='ltr'><strong>Caesare</strong></span> <span class='ocrx_word' id='word_1_94' title='bbox 1048 1279 1230 1335; x_wconf 89' lang='lat' dir='ltr'><strong>quartus</strong></span> <span class='ocrx_word' id='word_1_95' title='bbox 1254 1267 1403 1316; x_wconf 90' lang='lat' dir='ltr'><strong>habet.</strong></span> 
     </span>
     <span class='ocr_line' id='line_1_16' title="bbox 321 1340 1523 1412; baseline 0.003 -23"><span class='ocrx_word' id='word_1_96' title='bbox 321 1340 525 1391; x_wconf 88' lang='lat' dir='ltr'><strong>Claudite</strong></span> <span class='ocrx_word' id='word_1_97' title='bbox 547 1343 656 1408; x_wconf 85' lang='lat' dir='ltr'><strong>jam,</strong></span> <span class='ocrx_word' id='word_1_98' title='bbox 682 1346 851 1403; x_wconf 86' lang='lat' dir='ltr'><strong>Parcae,</strong></span> <span class='ocrx_word' id='word_1_99' title='bbox 876 1345 1063 1394; x_wconf 91' lang='lat' dir='ltr'><strong>nimium</strong></span> <span class='ocrx_word' id='word_1_100' title='bbox 1086 1357 1275 1394; x_wconf 88' lang='lat' dir='ltr'><strong>reserata</strong></span> <span class='ocrx_word' id='word_1_101' title='bbox 1299 1344 1523 1412; x_wconf 83' lang='lat' dir='ltr'><strong>sepulcra;</strong></span> 
     </span>
     <span class='ocr_line' id='line_1_17' title="bbox 386 1418 1435 1488; baseline 0.003 -22"><span class='ocrx_word' id='word_1_102' title='bbox 386 1418 590 1469; x_wconf 82' lang='lat' dir='ltr'><strong>Claudite</strong></span> <span class='ocrx_word' id='word_1_103' title='bbox 610 1441 620 1469; x_wconf 89' lang='lat'>:</span> <span class='ocrx_word' id='word_1_104' title='bbox 640 1421 742 1488; x_wconf 90' lang='lat' dir='ltr'><strong>plus</strong></span> <span class='ocrx_word' id='word_1_105' title='bbox 757 1422 879 1487; x_wconf 89' lang='lat' dir='ltr'><strong>justo</strong></span> <span class='ocrx_word' id='word_1_106' title='bbox 901 1422 990 1488; x_wconf 88' lang='lat' dir='ltr'><strong>jam</strong></span> <span class='ocrx_word' id='word_1_107' title='bbox 1014 1423 1173 1470; x_wconf 90' lang='lat' dir='ltr'><strong>domus</strong></span> <span class='ocrx_word' id='word_1_108' title='bbox 1196 1422 1281 1470; x_wconf 89' lang='lat' dir='ltr'><strong>ista</strong></span> <span class='ocrx_word' id='word_1_109' title='bbox 1302 1432 1435 1488; x_wconf 90' lang='lat' dir='ltr'><strong>patet.</strong></span> 
     </span>
     <span class='ocr_line' id='line_1_18' title="bbox 321 1495 1744 1560; baseline 0.002 -16"><span class='ocrx_word' id='word_1_110' title='bbox 321 1495 472 1556; x_wconf 90' lang='lat' dir='ltr'><strong>Cedis;</strong></span> <span class='ocrx_word' id='word_1_111' title='bbox 499 1508 542 1546; x_wconf 88' lang='lat' dir='ltr'><strong>et</strong></span> <span class='ocrx_word' id='word_1_112' title='bbox 564 1497 784 1547; x_wconf 89' lang='lat' dir='ltr'><strong>incassum</strong></span> <span class='ocrx_word' id='word_1_113' title='bbox 809 1509 885 1547; x_wconf 88' lang='lat' dir='ltr'><strong>tua</strong></span> <span class='ocrx_word' id='word_1_114' title='bbox 906 1500 1108 1558; x_wconf 84' lang='lat' dir='ltr'><strong>nomina,</strong></span> <span class='ocrx_word' id='word_1_115' title='bbox 1135 1500 1301 1559; x_wconf 88' lang='lat' dir='ltr'><strong>Druse,</strong></span> <span class='ocrx_word' id='word_1_116' title='bbox 1326 1498 1541 1548; x_wconf 86' lang='lat' dir='ltr'><strong>levantur.</strong></span> <span class='ocrx_word' id='word_1_117' title='bbox 1700 1514 1744 1560; x_wconf 82' lang='lat'><strong>75</strong></span> 
     </span>
    </p>
   </div>
   <div class='ocr_carea' id='block_1_4' title="bbox 313 1617 998 2806">
    <p class='ocr_par' dir='ltr' id='par_1_4' title="bbox 316 1617 997 1820">
     <span class='ocr_line' id='line_1_19' title="bbox 360 1617 997 1663; baseline 0.005 -12"><span class='ocrx_word' id='word_1_118' title='bbox 360 1617 413 1656; x_wconf 76' lang='lat'><strong>61.</strong></span> <span class='ocrx_word' id='word_1_119' title='bbox 426 1619 490 1652; x_wconf 91' lang='lat' dir='ltr'><strong>Ille</strong></span> <span class='ocrx_word' id='word_1_120' title='bbox 503 1621 602 1663; x_wconf 71' lang='lat' dir='ltr'><strong>vigil,</strong></span> <span class='ocrx_word' id='word_1_121' title='bbox 615 1632 744 1654; x_wconf 84' lang='lat' dir='ltr'><strong>summa</strong></span> <span class='ocrx_word' id='word_1_122' title='bbox 755 1633 856 1654; x_wconf 88' lang='lat' dir='ltr'><strong>sacer</strong></span> <span class='ocrx_word' id='word_1_123' title='bbox 862 1622 921 1655; x_wconf 85' lang='lat' dir='ltr'><strong>ille</strong></span> <span class='ocrx_word' id='word_1_124' title='bbox 933 1627 997 1654; x_wconf 89' lang='lat' dir='ltr'><strong>etc.</strong></span> 
     </span>
     <span class='ocr_line' id='line_1_20' title="bbox 318 1670 997 1717; baseline 0.004 -14"><span class='ocrx_word' id='word_1_125' title='bbox 318 1670 399 1704; x_wconf 92' lang='lat' dir='ltr'><strong>Non</strong></span> <span class='ocrx_word' id='word_1_126' title='bbox 422 1670 496 1704; x_wconf 86' lang='lat' dir='ltr'><strong>sine</strong></span> <span class='ocrx_word' id='word_1_127' title='bbox 523 1674 638 1717; x_wconf 67' lang='grc' dir='ltr'><strong>ἐ’μςτασι</strong></span> <span class='ocrx_word' id='word_1_128' title='bbox 664 1671 825 1716; x_wconf 82' lang='lat' dir='ltr'><strong>repetitio</strong></span> <span class='ocrx_word' id='word_1_129' title='bbox 852 1671 935 1706; x_wconf 82' lang='lat' dir='ltr'><strong>haec.</strong></span> <span class='ocrx_word' id='word_1_130' title='bbox 955 1673 997 1706; x_wconf 80' lang='lat' dir='ltr'><strong>In</strong></span> 
     </span>
     <span class='ocr_line' id='line_1_21' title="bbox 316 1721 996 1766; baseline 0.003 -11"><span class='ocrx_word' id='word_1_131' title='bbox 316 1734 394 1755; x_wconf 83' lang='lat' dir='ltr'><strong>arce</strong></span> <span class='ocrx_word' id='word_1_132' title='bbox 405 1734 414 1755; x_wconf 90' lang='grc'><strong>,·</strong></span> <span class='ocrx_word' id='word_1_133' title='bbox 427 1721 462 1755; x_wconf 91' lang='lat' dir='ltr'><strong>in</strong></span> <span class='ocrx_word' id='word_1_134' title='bbox 481 1722 565 1757; x_wconf 86' lang='lat' dir='ltr'><strong>coelo</strong></span> <span class='ocrx_word' id='word_1_135' title='bbox 576 1722 720 1766; x_wconf 83' lang='lat' dir='ltr'><strong>scilicet,</strong></span> <span class='ocrx_word' id='word_1_136' title='bbox 734 1722 793 1756; x_wconf 91' lang='lat' dir='ltr'><strong>ubi</strong></span> <span class='ocrx_word' id='word_1_137' title='bbox 801 1736 900 1757; x_wconf 86' lang='lat' dir='ltr'><strong>suam</strong></span> <span class='ocrx_word' id='word_1_138' title='bbox 914 1722 996 1757; x_wconf 91' lang='lat' dir='ltr'><strong>Au-</strong></span> 
     </span>
     <span class='ocr_line' id='line_1_22' title="bbox 317 1774 996 1820; baseline 0 -12"><span class='ocrx_word' id='word_1_139' title='bbox 317 1781 416 1820; x_wconf 85' lang='lat' dir='ltr'><strong>gusto</strong></span> <span class='ocrx_word' id='word_1_140' title='bbox 430 1775 503 1819; x_wconf 84' lang='lat' dir='ltr'><strong>jam</strong></span> <span class='ocrx_word' id='word_1_141' title='bbox 515 1774 701 1808; x_wconf 88' lang='lat' dir='ltr'><strong>stationem</strong></span> <span class='ocrx_word' id='word_1_142' title='bbox 716 1781 817 1819; x_wconf 87' lang='lat' dir='ltr'><strong>poeta</strong></span> <span class='ocrx_word' id='word_1_143' title='bbox 831 1774 996 1820; x_wconf 80' lang='lat' dir='ltr'><strong>adsignat.</strong></span> 
     </span>
    </p>

    <p class='ocr_par' dir='ltr' id='par_1_5' title="bbox 313 1826 998 2806">
     <span class='ocr_line' id='line_1_23' title="bbox 360 1826 994 1870; baseline 0.003 -11"><span class='ocrx_word' id='word_1_144' title='bbox 360 1826 413 1860; x_wconf 88' lang='grc'><strong>65.</strong></span> <span class='ocrx_word' id='word_1_145' title='bbox 420 1827 549 1870; x_wconf 79' lang='lat' dir='ltr'><strong>Ereplu</strong></span> <span class='ocrx_word' id='word_1_146' title='bbox 558 1829 661 1870; x_wconf 74' lang='lat' dir='ltr'><strong>stirpe</strong></span> <span class='ocrx_word' id='word_1_147' title='bbox 669 1829 801 1860; x_wconf 81' lang='lat' dir='ltr'><strong>sororis.</strong></span> <span class='ocrx_word' id='word_1_148' title='bbox 813 1826 994 1870; x_wconf 84' lang='lat' dir='ltr'><strong>Marcello,</strong></span> 
     </span>
     <span class='ocr_line' id='line_1_24' title="bbox 318 1876 996 1923; baseline 0.001 -11"><span class='ocrx_word' id='word_1_149' title='bbox 318 1876 473 1913; x_wconf 82' lang='lat' dir='ltr'><strong>Octaviae</strong></span> <span class='ocrx_word' id='word_1_150' title='bbox 496 1877 590 1922; x_wconf 82' lang='lat' dir='ltr'><strong>filio,</strong></span> <span class='ocrx_word' id='word_1_151' title='bbox 615 1878 674 1923; x_wconf 88' lang='lat' dir='ltr'><strong>qui</strong></span> <span class='ocrx_word' id='word_1_152' title='bbox 694 1878 826 1912; x_wconf 76' lang='lat' dir='ltr'><strong>Juliam</strong></span> <span class='ocrx_word' id='word_1_153' title='bbox 847 1878 996 1923; x_wconf 83' lang='lat' dir='ltr'><strong>Augusti</strong></span> 
     </span>
     <span class='ocr_line' id='line_1_25' title="bbox 318 1930 996 1976; baseline 0.001 -12"><span class='ocrx_word' id='word_1_154' title='bbox 318 1930 424 1964; x_wconf 85' lang='lat' dir='ltr'><strong>filiam</strong></span> <span class='ocrx_word' id='word_1_155' title='bbox 441 1930 605 1974; x_wconf 84' lang='lat' dir='ltr'><strong>duxerat,</strong></span> <span class='ocrx_word' id='word_1_156' title='bbox 621 1937 656 1965; x_wconf 88' lang='lat' dir='ltr'><strong>et</strong></span> <span class='ocrx_word' id='word_1_157' title='bbox 673 1937 806 1966; x_wconf 83' lang='lat' dir='ltr'><strong>tantam</strong></span> <span class='ocrx_word' id='word_1_158' title='bbox 826 1931 878 1966; x_wconf 83' lang='lat' dir='ltr'><strong>sui</strong></span> <span class='ocrx_word' id='word_1_159' title='bbox 898 1944 996 1976; x_wconf 88' lang='lat' dir='ltr'><strong>spem</strong></span> 
     </span>
     <span class='ocr_line' id='line_1_26' title="bbox 317 1983 995 2026; baseline 0 -9"><span class='ocrx_word' id='word_1_160' title='bbox 317 1996 457 2018; x_wconf 87' lang='lat' dir='ltr'><strong>morum</strong></span> <span class='ocrx_word' id='word_1_161' title='bbox 473 1983 623 2017; x_wconf 90' lang='lat' dir='ltr'><strong>candore</strong></span> <span class='ocrx_word' id='word_1_162' title='bbox 634 2009 643 2026; x_wconf 86' lang='lat'><strong><em>‚</em></strong></span> <span class='ocrx_word' id='word_1_163' title='bbox 659 1990 694 2018; x_wconf 86' lang='lat' dir='ltr'><strong>et</strong></span> <span class='ocrx_word' id='word_1_164' title='bbox 710 1984 807 2017; x_wconf 88' lang='lat' dir='ltr'><strong>omni</strong></span> <span class='ocrx_word' id='word_1_165' title='bbox 826 1983 995 2018; x_wconf 89' lang='lat' dir='ltr'><strong>virtutum</strong></span> 
     </span>
     <span class='ocr_line' id='line_1_27' title="bbox 317 2034 997 2079; baseline 0 -11"><span class='ocrx_word' id='word_1_166' title='bbox 317 2047 444 2079; x_wconf 83' lang='lat' dir='ltr'><strong>genere</strong></span> <span class='ocrx_word' id='word_1_167' title='bbox 461 2034 588 2068; x_wconf 82' lang='lat' dir='ltr'><strong>fecerat</strong></span> <span class='ocrx_word' id='word_1_168' title='bbox 602 2060 610 2078; x_wconf 88' lang='lat'><strong><em>‚</em></strong></span> <span class='ocrx_word' id='word_1_169' title='bbox 626 2040 664 2068; x_wconf 87' lang='lat' dir='ltr'><strong>ut</strong></span> <span class='ocrx_word' id='word_1_170' title='bbox 674 2037 829 2079; x_wconf 78' lang='lat' dir='ltr'><strong>publicus</strong></span> <span class='ocrx_word' id='word_1_171' title='bbox 843 2034 997 2068; x_wconf 82' lang='lat' dir='ltr'><strong>defunc—</strong></span> 
     </span>
     <span class='ocr_line' id='line_1_28' title="bbox 318 2086 998 2131; baseline -0.001 -11"><span class='ocrx_word' id='word_1_172' title='bbox 318 2092 408 2130; x_wconf 81' lang='lat' dir='ltr'><strong>tum,</strong></span> <span class='ocrx_word' id='word_1_173' title='bbox 423 2099 516 2120; x_wconf 89' lang='lat' dir='ltr'><strong>anno</strong></span> <span class='ocrx_word' id='word_1_174' title='bbox 530 2086 672 2131; x_wconf 86' lang='lat' dir='ltr'><strong>quidem</strong></span> <span class='ocrx_word' id='word_1_175' title='bbox 679 2086 786 2121; x_wconf 87' lang='lat' dir='ltr'><strong>aetatis</strong></span> <span class='ocrx_word' id='word_1_176' title='bbox 797 2086 932 2121; x_wconf 88' lang='lat' dir='ltr'><strong>decimo</strong></span> <span class='ocrx_word' id='word_1_177' title='bbox 943 2098 998 2120; x_wconf 91' lang='lat' dir='ltr'><strong>oc-</strong></span> 
     </span>
     <span class='ocr_line' id='line_1_29' title="bbox 316 2138 997 2184; baseline 0.001 -12"><span class='ocrx_word' id='word_1_178' title='bbox 316 2144 408 2181; x_wconf 83' lang='lat' dir='ltr'><strong>tavo,</strong></span> <span class='ocrx_word' id='word_1_179' title='bbox 425 2140 536 2173; x_wconf 79' lang='lat' dir='ltr'><em>luctus</em></span> <span class='ocrx_word' id='word_1_180' title='bbox 547 2146 777 2184; x_wconf 87' lang='lat' dir='ltr'><strong>prosequutus</strong></span> <span class='ocrx_word' id='word_1_181' title='bbox 788 2139 901 2173; x_wconf 87' lang='lat' dir='ltr'><strong>suerit.</strong></span> <span class='ocrx_word' id='word_1_182' title='bbox 913 2138 997 2173; x_wconf 79' lang='lat' dir='ltr'><strong>Noti</strong></span> 
     </span>
     <span class='ocr_line' id='line_1_30' title="bbox 316 2190 996 2235; baseline 0 -12"><span class='ocrx_word' id='word_1_183' title='bbox 316 2190 420 2224; x_wconf 85' lang='lat' dir='ltr'><strong>nimis</strong></span> <span class='ocrx_word' id='word_1_184' title='bbox 433 2217 442 2233; x_wconf 88' lang='lat'>‚</span> <span class='ocrx_word' id='word_1_185' title='bbox 462 2203 567 2235; x_wconf 86' lang='lat' dir='ltr'><strong>quam</strong></span> <span class='ocrx_word' id='word_1_186' title='bbox 587 2197 626 2224; x_wconf 88' lang='lat' dir='ltr'><strong>ut</strong></span> <span class='ocrx_word' id='word_1_187' title='bbox 641 2191 696 2225; x_wconf 89' lang='lat' dir='ltr'><strong>hic</strong></span> <span class='ocrx_word' id='word_1_188' title='bbox 713 2191 862 2225; x_wconf 86' lang='lat' dir='ltr'><strong>reseram</strong></span> <span class='ocrx_word' id='word_1_189' title='bbox 874 2217 884 2234; x_wconf 85' lang='lat'>‚</span> <span class='ocrx_word' id='word_1_190' title='bbox 904 2190 996 2224; x_wconf 78' lang='lat' dir='ltr'><strong>Vir-</strong></span> 
     </span>
     <span class='ocr_line' id='line_1_31' title="bbox 317 2241 995 2287; baseline 0 -12"><span class='ocrx_word' id='word_1_191' title='bbox 317 2241 385 2287; x_wconf 82' lang='lat' dir='ltr'><strong>gilii</strong></span> <span class='ocrx_word' id='word_1_192' title='bbox 400 2241 442 2275; x_wconf 86' lang='lat' dir='ltr'><strong>de</strong></span> <span class='ocrx_word' id='word_1_193' title='bbox 455 2255 496 2275; x_wconf 89' lang='lat' dir='ltr'><strong>eo</strong></span> <span class='ocrx_word' id='word_1_194' title='bbox 510 2255 626 2276; x_wconf 86' lang='lat' dir='ltr'><strong>versus</strong></span> <span class='ocrx_word' id='word_1_195' title='bbox 637 2269 646 2286; x_wconf 88' lang='lat'>,</span> <span class='ocrx_word' id='word_1_196' title='bbox 664 2242 745 2276; x_wconf 88' lang='lat' dir='ltr'><strong>AEn.</strong></span> <span class='ocrx_word' id='word_1_197' title='bbox 759 2254 797 2277; x_wconf 75' lang='lat' dir='ltr'><strong>Vt</strong></span> <span class='ocrx_word' id='word_1_198' title='bbox 810 2268 819 2286; x_wconf 91' lang='lat'>,</span> <span class='ocrx_word' id='word_1_199' title='bbox 838 2243 911 2276; x_wconf 86' lang='lat'><strong>883.</strong></span> <span class='ocrx_word' id='word_1_200' title='bbox 923 2241 995 2276; x_wconf 85' lang='lat' dir='ltr'><strong>Sed</strong></span> 
     </span>
     <span class='ocr_line' id='line_1_32' title="bbox 316 2292 996 2339; baseline 0 -12"><span class='ocrx_word' id='word_1_201' title='bbox 316 2293 354 2327; x_wconf 86' lang='lat' dir='ltr'><strong>in</strong></span> <span class='ocrx_word' id='word_1_202' title='bbox 367 2293 513 2327; x_wconf 85' lang='lat' dir='ltr'><strong>dubium</strong></span> <span class='ocrx_word' id='word_1_203' title='bbox 524 2307 638 2339; x_wconf 88' lang='lat' dir='ltr'><strong>nuper</strong></span> <span class='ocrx_word' id='word_1_204' title='bbox 653 2294 825 2328; x_wconf 89' lang='lat' dir='ltr'><strong>revocavit</strong></span> <span class='ocrx_word' id='word_1_205' title='bbox 839 2292 996 2328; x_wconf 80' lang='lat' dir='ltr'><strong>Cl.Mon-</strong></span> 
     </span>
     <span class='ocr_line' id='line_1_33' title="bbox 313 2345 995 2391; baseline -0.001 -11"><span class='ocrx_word' id='word_1_206' title='bbox 313 2359 394 2390; x_wconf 74' lang='lat' dir='ltr'><strong>gez,</strong></span> <span class='ocrx_word' id='word_1_207' title='bbox 413 2358 432 2380; x_wconf 86' lang='lat' dir='ltr'><strong>e</strong></span> <span class='ocrx_word' id='word_1_208' title='bbox 448 2345 556 2380; x_wconf 86' lang='lat' dir='ltr'><strong>Sociis</strong></span> <span class='ocrx_word' id='word_1_209' title='bbox 580 2346 697 2391; x_wconf 81' lang='lat' dir='ltr'><strong>Regiae</strong></span> <span class='ocrx_word' id='word_1_210' title='bbox 715 2346 873 2390; x_wconf 87' lang='lat' dir='ltr'><strong>Inscript.</strong></span> <span class='ocrx_word' id='word_1_211' title='bbox 896 2345 995 2379; x_wconf 83' lang='lat' dir='ltr'><strong>Aca-</strong></span> 
     </span>
     <span class='ocr_line' id='line_1_34' title="bbox 317 2396 993 2441; baseline 0.001 -11"><span class='ocrx_word' id='word_1_212' title='bbox 317 2396 461 2441; x_wconf 85' lang='lat' dir='ltr'><strong>demiae,</strong></span> <span class='ocrx_word' id='word_1_213' title='bbox 479 2398 596 2431; x_wconf 89' lang='lat' dir='ltr'><strong>animo</strong></span> <span class='ocrx_word' id='word_1_214' title='bbox 613 2397 796 2432; x_wconf 89' lang='lat' dir='ltr'><strong>Octaviam</strong></span> <span class='ocrx_word' id='word_1_215' title='bbox 811 2397 970 2431; x_wconf 83' lang='lat' dir='ltr'><strong>defecisse</strong></span> <span class='ocrx_word' id='word_1_216' title='bbox 983 2422 993 2440; x_wconf 94' lang='lat'>,</span> 
     </span>
     <span class='ocr_line' id='line_1_35' title="bbox 317 2449 996 2495; baseline -0.003 -12"><span class='ocrx_word' id='word_1_217' title='bbox 317 2449 483 2484; x_wconf 79' lang='lat' dir='ltr'><strong>recitante</strong></span> <span class='ocrx_word' id='word_1_218' title='bbox 502 2449 648 2495; x_wconf 86' lang='lat' dir='ltr'><strong>Virgilio</strong></span> <span class='ocrx_word' id='word_1_219' title='bbox 663 2449 756 2483; x_wconf 91' lang='lat' dir='ltr'><strong>hunc</strong></span> <span class='ocrx_word' id='word_1_220' title='bbox 767 2457 906 2483; x_wconf 87' lang='lat' dir='ltr'><strong>versum</strong></span> <span class='ocrx_word' id='word_1_221' title='bbox 917 2474 927 2492; x_wconf 89' lang='lat'>,</span> <span class='ocrx_word' id='word_1_222' title='bbox 945 2449 996 2482; x_wconf 85' lang='lat' dir='ltr'><strong>Tu</strong></span> 
     </span>
     <span class='ocr_line' id='line_1_36' title="bbox 317 2500 994 2546; baseline -0.001 -12"><span class='ocrx_word' id='word_1_223' title='bbox 317 2503 502 2535; x_wconf 70' lang='lat' dir='ltr'><strong>stIarcellus</strong></span> <span class='ocrx_word' id='word_1_224' title='bbox 512 2505 579 2535; x_wconf 82' lang='lat' dir='ltr'><strong>eris</strong></span> <span class='ocrx_word' id='word_1_225' title='bbox 590 2513 601 2542; x_wconf 77' lang='lat'><strong>,⁸</strong></span> <span class='ocrx_word' id='word_1_226' title='bbox 619 2508 654 2535; x_wconf 86' lang='lat' dir='ltr'><strong>et</strong></span> <span class='ocrx_word' id='word_1_227' title='bbox 666 2501 798 2546; x_wconf 82' lang='lat' dir='ltr'><strong>jussisse</strong></span> <span class='ocrx_word' id='word_1_228' title='bbox 812 2527 821 2544; x_wconf 90' lang='lat'>‚</span> <span class='ocrx_word' id='word_1_229' title='bbox 837 2513 900 2546; x_wconf 84' lang='lat' dir='ltr'><strong>pro</strong></span> <span class='ocrx_word' id='word_1_230' title='bbox 914 2500 994 2534; x_wconf 89' lang='lat' dir='ltr'><strong>sin-</strong></span> 
     </span>
     <span class='ocr_line' id='line_1_37' title="bbox 318 2553 995 2599; baseline -0.003 -12"><span class='ocrx_word' id='word_1_231' title='bbox 318 2554 403 2598; x_wconf 85' lang='lat' dir='ltr'><strong>gulis</strong></span> <span class='ocrx_word' id='word_1_232' title='bbox 420 2553 524 2598; x_wconf 84' lang='lat' dir='ltr'><strong>hujus</strong></span> <span class='ocrx_word' id='word_1_233' title='bbox 537 2553 733 2599; x_wconf 86' lang='lat' dir='ltr'><strong>argumenti</strong></span> <span class='ocrx_word' id='word_1_234' title='bbox 748 2553 900 2587; x_wconf 83' lang='lat' dir='ltr'><strong>versibus</strong></span> <span class='ocrx_word' id='word_1_235' title='bbox 913 2564 995 2586; x_wconf 90' lang='lat' dir='ltr'><strong>auc-</strong></span> 
     </span>
     <span class='ocr_line' id='line_1_38' title="bbox 317 2603 995 2640; baseline 0 -2"><span class='ocrx_word' id='word_1_236' title='bbox 317 2606 384 2639; x_wconf 90' lang='lat' dir='ltr'><strong>tori</strong></span> <span class='ocrx_word' id='word_1_237' title='bbox 397 2605 486 2639; x_wconf 85' lang='lat' dir='ltr'><strong>dena</strong></span> <span class='ocrx_word' id='word_1_238' title='bbox 495 2605 648 2640; x_wconf 82' lang='lat' dir='ltr'><strong>sestertia</strong></span> <span class='ocrx_word' id='word_1_239' title='bbox 656 2605 844 2639; x_wconf 87' lang='lat' dir='ltr'><strong>numerari.</strong></span> <span class='ocrx_word' id='word_1_240' title='bbox 853 2603 995 2639; x_wconf 80' lang='lat' dir='ltr'><strong>Deside-</strong></span> 
     </span>
     <span class='ocr_line' id='line_1_39' title="bbox 315 2655 995 2702; baseline -0.003 -12"><span class='ocrx_word' id='word_1_241' title='bbox 315 2657 787 2702; x_wconf 82' lang='lat' dir='ltr'><strong>rantur‚sateor,scriptorum</strong></span> <span class='ocrx_word' id='word_1_242' title='bbox 797 2655 995 2691; x_wconf 85' lang='lat' dir='ltr'><strong>testimonia</strong></span> 
     </span>
     <span class='ocr_line' id='line_1_40' title="bbox 318 2709 994 2755; baseline 0 -13"><span class='ocrx_word' id='word_1_243' title='bbox 318 2721 395 2753; x_wconf 84' lang='lat' dir='ltr'><strong>quae</strong></span> <span class='ocrx_word' id='word_1_244' title='bbox 407 2710 535 2743; x_wconf 81' lang='lat' dir='ltr'><strong>factum</strong></span> <span class='ocrx_word' id='word_1_245' title='bbox 551 2710 778 2755; x_wconf 82' lang='lat' dir='ltr'><strong>comprobent</strong></span> <span class='ocrx_word' id='word_1_246' title='bbox 791 2736 800 2752; x_wconf 92' lang='lat'>,</span> <span class='ocrx_word' id='word_1_247' title='bbox 819 2722 838 2743; x_wconf 85' lang='lat' dir='ltr'><strong>a</strong></span> <span class='ocrx_word' id='word_1_248' title='bbox 852 2709 994 2743; x_wconf 87' lang='lat' dir='ltr'><strong>Donato</strong></span> 
     </span>
     <span class='ocr_line' id='line_1_41' title="bbox 318 2760 994 2806; baseline 0 -11"><span class='ocrx_word' id='word_1_249' title='bbox 318 2761 528 2806; x_wconf 68' lang='lat' dir='ltr'><strong>primum7ut</strong></span> <span class='ocrx_word' id='word_1_250' title='bbox 535 2762 683 2806; x_wconf 86' lang='lat' dir='ltr'><strong>videtur,</strong></span> <span class='ocrx_word' id='word_1_251' title='bbox 693 2761 882 2797; x_wconf 82' lang='lat' dir='ltr'><strong>confictum</strong></span> <span class='ocrx_word' id='word_1_252' title='bbox 894 2773 902 2797; x_wconf 74' lang='grc' dir='ltr'>ε</span> <span class='ocrx_word' id='word_1_253' title='bbox 916 2760 994 2806; x_wconf 77' lang='lat' dir='ltr'><strong>legi·</strong></span> 
     </span>
    </p>
   </div>
   <div class='ocr_carea' id='block_1_5' title="bbox 1057 1615 1745 2803">
    <p class='ocr_par' dir='ltr' id='par_1_6' title="bbox 1060 1615 1745 1871">
     <span class='ocr_line' id='line_1_42' title="bbox 1062 1615 1744 1664; baseline -0.001 -11"><span class='ocrx_word' id='word_1_254' title='bbox 1062 1632 1141 1653; x_wconf 88' lang='lat' dir='ltr'><strong>mus</strong></span> <span class='ocrx_word' id='word_1_255' title='bbox 1154 1625 1276 1654; x_wconf 88' lang='lat' dir='ltr'><strong>contra</strong></span> <span class='ocrx_word' id='word_1_256' title='bbox 1285 1617 1377 1664; x_wconf 82' lang='lat' dir='ltr'><strong>apud</strong></span> <span class='ocrx_word' id='word_1_257' title='bbox 1394 1618 1565 1653; x_wconf 89' lang='lat' dir='ltr'><strong>Senecam</strong></span> <span class='ocrx_word' id='word_1_258' title='bbox 1575 1643 1585 1661; x_wconf 87' lang='lat'>,</span> <span class='ocrx_word' id='word_1_259' title='bbox 1602 1615 1744 1653; x_wconf 59' lang='lat' dir='ltr'><strong>console</strong></span> 
     </span>
     <span class='ocr_line' id='line_1_43' title="bbox 1062 1669 1745 1713; baseline -0.003 -9"><span class='ocrx_word' id='word_1_260' title='bbox 1062 1670 1103 1705; x_wconf 88' lang='lat' dir='ltr'><strong>ad</strong></span> <span class='ocrx_word' id='word_1_261' title='bbox 1114 1671 1268 1713; x_wconf 88' lang='lat' dir='ltr'><strong>Marc.11,</strong></span> <span class='ocrx_word' id='word_1_262' title='bbox 1278 1673 1429 1704; x_wconf 84' lang='lat' dir='ltr'><strong>carmin&#39;a</strong></span> <span class='ocrx_word' id='word_1_263' title='bbox 1437 1671 1644 1703; x_wconf 70' lang='lat' dir='ltr'><strong>celebrande</strong></span> <span class='ocrx_word' id='word_1_264' title='bbox 1652 1669 1745 1703; x_wconf 78' lang='lat' dir='ltr'><strong>Mar-</strong></span> 
     </span>
     <span class='ocr_line' id='line_1_44' title="bbox 1061 1721 1740 1766; baseline -0.004 -9"><span class='ocrx_word' id='word_1_265' title='bbox 1061 1725 1146 1757; x_wconf 86' lang='lat' dir='ltr'><strong>celli</strong></span> <span class='ocrx_word' id='word_1_266' title='bbox 1163 1725 1325 1756; x_wconf 78' lang='lat' dir='ltr'><strong>memon‘oe</strong></span> <span class='ocrx_word' id='word_1_267' title='bbox 1349 1724 1534 1765; x_wconf 78' lang='lat' dir='ltr'><strong>composita</strong></span> <span class='ocrx_word' id='word_1_268' title='bbox 1555 1721 1740 1766; x_wconf 69' lang='lat' dir='ltr'><strong>rejeczlrse‚·</strong></span> 
     </span>
     <span class='ocr_line' id='line_1_45' title="bbox 1062 1772 1742 1809; baseline -0.001 -1"><span class='ocrx_word' id='word_1_269' title='bbox 1062 1773 1120 1809; x_wconf 86' lang='lat' dir='ltr'><strong>sed</strong></span> <span class='ocrx_word' id='word_1_270' title='bbox 1138 1786 1184 1807; x_wconf 92' lang='lat' dir='ltr'><strong>ne</strong></span> <span class='ocrx_word' id='word_1_271' title='bbox 1198 1772 1339 1807; x_wconf 80' lang='lat' dir='ltr'><strong>laudem</strong></span> <span class='ocrx_word' id='word_1_272' title='bbox 1355 1772 1445 1807; x_wconf 90' lang='lat' dir='ltr'><strong>hanc</strong></span> <span class='ocrx_word' id='word_1_273' title='bbox 1459 1772 1571 1807; x_wconf 77' lang='lat' dir='ltr'><strong>Musis</strong></span> <span class='ocrx_word' id='word_1_274' title='bbox 1588 1778 1623 1807; x_wconf 88' lang='lat' dir='ltr'><strong>et</strong></span> <span class='ocrx_word' id='word_1_275' title='bbox 1643 1778 1742 1807; x_wconf 81' lang='lat' dir='ltr'><strong>tanto</strong></span> 
     </span>
     <span class='ocr_line' id='line_1_46' title="bbox 1060 1824 1428 1871; baseline -0.003 -12"><span class='ocrx_word' id='word_1_276' title='bbox 1060 1832 1172 1871; x_wconf 83' lang='lat' dir='ltr'><strong>poeta:</strong></span> <span class='ocrx_word' id='word_1_277' title='bbox 1189 1824 1405 1859; x_wconf 83' lang='lat' dir='ltr'><strong>invideamus</strong></span> <span class='ocrx_word' id='word_1_278' title='bbox 1421 1824 1428 1858; x_wconf 92' lang='lat'>!</span> 
     </span>
    </p>

    <p class='ocr_par' dir='ltr' id='par_1_7' title="bbox 1060 1875 1743 2130">
     <span class='ocr_line' id='line_1_47' title="bbox 1103 1875 1743 1920; baseline 0 -9"><span class='ocrx_word' id='word_1_279' title='bbox 1103 1877 1156 1911; x_wconf 83' lang='lat'><strong>68.</strong></span> <span class='ocrx_word' id='word_1_280' title='bbox 1171 1878 1222 1911; x_wconf 83' lang='lat' dir='ltr'><strong>Et</strong></span> <span class='ocrx_word' id='word_1_281' title='bbox 1237 1879 1328 1920; x_wconf 80' lang='lat' dir='ltr'><strong>cepit</strong></span> <span class='ocrx_word' id='word_1_282' title='bbox 1336 1888 1475 1920; x_wconf 73' lang='lat' dir='ltr'><strong>generos</strong></span> <span class='ocrx_word' id='word_1_283' title='bbox 1483 1875 1562 1920; x_wconf 81' lang='lat' dir='ltr'><strong>jam</strong></span> <span class='ocrx_word' id='word_1_284' title='bbox 1578 1877 1672 1910; x_wconf 88' lang='lat' dir='ltr'><strong>Iocus</strong></span> <span class='ocrx_word' id='word_1_285' title='bbox 1683 1878 1743 1912; x_wconf 80' lang='lat' dir='ltr'><strong>ille</strong></span> 
     </span>
     <span class='ocr_line' id='line_1_48' title="bbox 1060 1926 1742 1971; baseline -0.001 -9"><span class='ocrx_word' id='word_1_286' title='bbox 1060 1929 1153 1962; x_wconf 82' lang='lat' dir='ltr'><em>duos.</em></span> <span class='ocrx_word' id='word_1_287' title='bbox 1165 1927 1343 1962; x_wconf 83' lang='lat' dir='ltr'><strong>Defuncto</strong></span> <span class='ocrx_word' id='word_1_288' title='bbox 1355 1927 1451 1962; x_wconf 89' lang='lat' dir='ltr'><strong>enim</strong></span> <span class='ocrx_word' id='word_1_289' title='bbox 1463 1926 1631 1962; x_wconf 86' lang='lat' dir='ltr'><strong>Marcello</strong></span> <span class='ocrx_word' id='word_1_290' title='bbox 1643 1953 1653 1971; x_wconf 94' lang='lat'>,</span> <span class='ocrx_word' id='word_1_291' title='bbox 1666 1927 1690 1962; x_wconf 89' lang='lat' dir='ltr'>J</span> <span class='ocrx_word' id='word_1_292' title='bbox 1692 1940 1742 1962; x_wconf 90' lang='lat' dir='ltr'><strong>u-</strong></span> 
     </span>
     <span class='ocr_line' id='line_1_49' title="bbox 1061 1978 1741 2026; baseline 0 -12"><span class='ocrx_word' id='word_1_293' title='bbox 1061 1980 1143 2014; x_wconf 86' lang='lat' dir='ltr'><strong>liam</strong></span> <span class='ocrx_word' id='word_1_294' title='bbox 1160 1979 1335 2026; x_wconf 84' lang='lat' dir='ltr'><strong>Augustus</strong></span> <span class='ocrx_word' id='word_1_295' title='bbox 1354 1978 1514 2025; x_wconf 69' lang='lat' dir='ltr'><strong>Agrippa&gt;</strong></span> <span class='ocrx_word' id='word_1_296' title='bbox 1530 1978 1654 2025; x_wconf 83' lang='lat' dir='ltr'><strong>nuptui</strong></span> <span class='ocrx_word' id='word_1_297' title='bbox 1671 1978 1741 2014; x_wconf 85' lang='lat' dir='ltr'><strong>de-</strong></span> 
     </span>
     <span class='ocr_line' id='line_1_50' title="bbox 1061 2030 1742 2077; baseline -0.001 -11"><span class='ocrx_word' id='word_1_298' title='bbox 1061 2032 1160 2067; x_wconf 85' lang='lat' dir='ltr'><strong>derat</strong></span> <span class='ocrx_word' id='word_1_299' title='bbox 1170 2058 1179 2075; x_wconf 89' lang='lat'>,</span> <span class='ocrx_word' id='word_1_300' title='bbox 1193 2038 1330 2067; x_wconf 84' lang='lat' dir='ltr'><strong>exorata</strong></span> <span class='ocrx_word' id='word_1_301' title='bbox 1345 2042 1463 2066; x_wconf 88' lang='lat' dir='ltr'><strong>sorore</strong></span> <span class='ocrx_word' id='word_1_302' title='bbox 1474 2056 1484 2075; x_wconf 92' lang='lat'>,</span> <span class='ocrx_word' id='word_1_303' title='bbox 1498 2038 1538 2066; x_wconf 89' lang='lat' dir='ltr'><strong>ut</strong></span> <span class='ocrx_word' id='word_1_304' title='bbox 1553 2030 1617 2065; x_wconf 86' lang='lat' dir='ltr'><strong>sibi</strong></span> <span class='ocrx_word' id='word_1_305' title='bbox 1633 2043 1742 2077; x_wconf 79' lang='lat' dir='ltr'><strong>gene—</strong></span> 
     </span>
     <span class='ocr_line' id='line_1_51' title="bbox 1061 2083 1739 2130; baseline -0.006 -10"><span class='ocrx_word' id='word_1_306' title='bbox 1061 2097 1142 2120; x_wconf 86' lang='lat' dir='ltr'><strong>rum</strong></span> <span class='ocrx_word' id='word_1_307' title='bbox 1158 2083 1307 2119; x_wconf 83' lang='lat' dir='ltr'><strong>cederet.</strong></span> <span class='ocrx_word' id='word_1_308' title='bbox 1323 2083 1421 2118; x_wconf 90' lang='lat' dir='ltr'><strong>Suet.</strong></span> <span class='ocrx_word' id='word_1_309' title='bbox 1437 2083 1525 2130; x_wconf 85' lang='lat' dir='ltr'><strong>Aug.</strong></span> <span class='ocrx_word' id='word_1_310' title='bbox 1542 2083 1595 2117; x_wconf 87' lang='grc'><strong>63.</strong></span> <span class='ocrx_word' id='word_1_311' title='bbox 1736 2087 1739 2092; x_wconf 91' lang='grc'><strong>’</strong></span> 
     </span>
    </p>

    <p class='ocr_par' dir='ltr' id='par_1_8' title="bbox 1059 2134 1742 2443">
     <span class='ocr_line' id='line_1_52' title="bbox 1107 2134 1741 2182; baseline -0.002 -12"><span class='ocrx_word' id='word_1_312' title='bbox 1107 2148 1157 2182; x_wconf 89' lang='lat'><strong>70·</strong></span> <span class='ocrx_word' id='word_1_313' title='bbox 1181 2137 1321 2180; x_wconf 75' lang='lat' dir='ltr'><strong>Peficil</strong></span> <span class='ocrx_word' id='word_1_314' title='bbox 1341 2135 1490 2180; x_wconf 82' lang='lat' dir='ltr'><strong>officium</strong></span> <span class='ocrx_word' id='word_1_315' title='bbox 1499 2134 1638 2179; x_wconf 81' lang='lat' dir='ltr'><strong>funeris</strong></span> <span class='ocrx_word' id='word_1_316' title='bbox 1662 2142 1741 2169; x_wconf 80' lang='lat' dir='ltr'><strong>ecce</strong></span> 
     </span>
     <span class='ocr_line' id='line_1_53' title="bbox 1060 2186 1741 2234; baseline -0.003 -11"><span class='ocrx_word' id='word_1_317' title='bbox 1060 2201 1161 2223; x_wconf 84' lang='lat' dir='ltr'><strong>soror.</strong></span> <span class='ocrx_word' id='word_1_318' title='bbox 1193 2187 1339 2223; x_wconf 80' lang='lat' dir='ltr'><strong>Octavia</strong></span> <span class='ocrx_word' id='word_1_319' title='bbox 1354 2213 1363 2231; x_wconf 93' lang='lat'><em>,</em></span> <span class='ocrx_word' id='word_1_320' title='bbox 1391 2186 1489 2234; x_wconf 76' lang='lat' dir='ltr'><strong>quae,&#39;</strong></span> <span class='ocrx_word' id='word_1_321' title='bbox 1514 2186 1667 2232; x_wconf 65' lang='lat' dir='ltr'><strong>perfecto</strong></span> <span class='ocrx_word' id='word_1_322' title='bbox 1686 2186 1741 2221; x_wconf 79' lang='lat' dir='ltr'><strong>vix</strong></span> 
     </span>
     <span class='ocr_line' id='line_1_54' title="bbox 1061 2238 1742 2287; baseline -0.003 -12"><span class='ocrx_word' id='word_1_323' title='bbox 1061 2240 1366 2287; x_wconf 82' lang='lat' dir='ltr'><strong>Agrippaesuncre‚</strong></span> <span class='ocrx_word' id='word_1_324' title='bbox 1378 2246 1413 2275; x_wconf 92' lang='lat' dir='ltr'><strong>et</strong></span> <span class='ocrx_word' id='word_1_325' title='bbox 1424 2251 1532 2285; x_wconf 89' lang='lat' dir='ltr'><strong>quum</strong></span> <span class='ocrx_word' id='word_1_326' title='bbox 1542 2238 1668 2274; x_wconf 86' lang='lat' dir='ltr'><strong>tumuli</strong></span> <span class='ocrx_word' id='word_1_327' title='bbox 1681 2241 1742 2273; x_wconf 70' lang='lat' dir='ltr'><strong>vis:</strong></span> 
     </span>
     <span class='ocr_line' id='line_1_55' title="bbox 1060 2290 1740 2337; baseline -0.004 -10"><span class='ocrx_word' id='word_1_328' title='bbox 1060 2295 1143 2328; x_wconf 82' lang='lat' dir='ltr'><strong>bene</strong></span> <span class='ocrx_word' id='word_1_329' title='bbox 1158 2296 1277 2328; x_wconf 85' lang='lat' dir='ltr'><strong>clausa</strong></span> <span class='ocrx_word' id='word_1_330' title='bbox 1290 2298 1375 2327; x_wconf 90' lang='lat' dir='ltr'><strong>esset</strong></span> <span class='ocrx_word' id='word_1_331' title='bbox 1383 2292 1519 2337; x_wconf 79' lang='lat' dir='ltr'><strong>janua,</strong></span> <span class='ocrx_word' id='word_1_332' title='bbox 1534 2291 1658 2326; x_wconf 79' lang='lat' dir='ltr'><strong>Romae</strong></span> <span class='ocrx_word' id='word_1_333' title='bbox 1669 2290 1740 2325; x_wconf 85' lang='lat' dir='ltr'><strong>de·-</strong></span> 
     </span>
     <span class='ocr_line' id='line_1_56' title="bbox 1059 2345 1739 2391; baseline -0.003 -11"><span class='ocrx_word' id='word_1_334' title='bbox 1059 2346 1175 2388; x_wconf 86' lang='lat' dir='ltr'><strong>cessit,</strong></span> <span class='ocrx_word' id='word_1_335' title='bbox 1189 2345 1515 2391; x_wconf 82' lang='lat' dir='ltr'><strong>quinquagesimum</strong></span> <span class='ocrx_word' id='word_1_336' title='bbox 1526 2350 1561 2378; x_wconf 89' lang='lat' dir='ltr'><strong>et</strong></span> <span class='ocrx_word' id='word_1_337' title='bbox 1573 2350 1739 2389; x_wconf 86' lang='lat' dir='ltr'><strong>quartum</strong></span> 
     </span>
     <span class='ocr_line' id='line_1_57' title="bbox 1060 2396 1451 2443; baseline -0.003 -12"><span class='ocrx_word' id='word_1_338' title='bbox 1060 2410 1165 2443; x_wconf 84' lang='lat' dir='ltr'><strong>agens</strong></span> <span class='ocrx_word' id='word_1_339' title='bbox 1184 2396 1290 2431; x_wconf 81' lang='lat' dir='ltr'><strong>aetatis</strong></span> <span class='ocrx_word' id='word_1_340' title='bbox 1307 2408 1451 2430; x_wconf 87' lang='lat' dir='ltr'><strong>annum.</strong></span> 
     </span>
    </p>

    <p class='ocr_par' dir='ltr' id='par_1_9' title="bbox 1058 2448 1739 2641">
     <span class='ocr_line' id='line_1_58' title="bbox 1105 2448 1739 2495; baseline -0.005 -12"><span class='ocrx_word' id='word_1_341' title='bbox 1105 2449 1225 2495; x_wconf 78' lang='lat'><strong>73-74.</strong></span> <span class='ocrx_word' id='word_1_342' title='bbox 1251 2449 1407 2483; x_wconf 81' lang='lat' dir='ltr'><strong>Claudite</strong></span> <span class='ocrx_word' id='word_1_343' title='bbox 1419 2475 1427 2489; x_wconf 91' lang='lat'>‚</span> <span class='ocrx_word' id='word_1_344' title='bbox 1444 2448 1522 2491; x_wconf 87' lang='lat' dir='ltr'><strong>jam</strong></span> <span class='ocrx_word' id='word_1_345' title='bbox 1536 2448 1654 2481; x_wconf 79' lang='lat' dir='ltr'><strong>Parca·</strong></span> <span class='ocrx_word' id='word_1_346' title='bbox 1674 2451 1739 2482; x_wconf 81' lang='lat' dir='ltr'><strong>etc.</strong></span> 
     </span>
     <span class='ocr_line' id='line_1_59' title="bbox 1059 2498 1738 2545; baseline -0.003 -11"><span class='ocrx_word' id='word_1_347' title='bbox 1059 2502 1143 2534; x_wconf 85' lang='lat' dir='ltr'><strong>Plus</strong></span> <span class='ocrx_word' id='word_1_348' title='bbox 1146 2501 1247 2545; x_wconf 81' lang='lat' dir='ltr'><em>justo</em></span> <span class='ocrx_word' id='word_1_349' title='bbox 1252 2500 1333 2545; x_wconf 79' lang='lat' dir='ltr'><strong>jam</strong></span> <span class='ocrx_word' id='word_1_350' title='bbox 1343 2501 1460 2535; x_wconf 85' lang='lat' dir='ltr'><em>domus</em></span> <span class='ocrx_word' id='word_1_351' title='bbox 1470 2503 1540 2534; x_wconf 69' lang='lat' dir='ltr'><strong>Ista</strong></span> <span class='ocrx_word' id='word_1_352' title='bbox 1547 2503 1656 2544; x_wconf 80' lang='lat' dir='ltr'><strong>patet.</strong></span> <span class='ocrx_word' id='word_1_353' title='bbox 1670 2498 1738 2533; x_wconf 85' lang='lat' dir='ltr'><strong>Di-</strong></span> 
     </span>
     <span class='ocr_line' id='line_1_60' title="bbox 1059 2552 1662 2599; baseline -0.002 -12"><span class='ocrx_word' id='word_1_354' title='bbox 1059 2553 1120 2596; x_wconf 85' lang='lat' dir='ltr'><strong>tis,</strong></span> <span class='ocrx_word' id='word_1_355' title='bbox 1138 2553 1272 2587; x_wconf 89' lang='lat' dir='ltr'><strong>scilicet.</strong></span> <span class='ocrx_word' id='word_1_356' title='bbox 1288 2552 1385 2599; x_wconf 82' lang='lat' dir='ltr'><strong>Virg.</strong></span> <span class='ocrx_word' id='word_1_357' title='bbox 1403 2552 1487 2586; x_wconf 89' lang='lat' dir='ltr'><strong>AEn.</strong></span> <span class='ocrx_word' id='word_1_358' title='bbox 1498 2561 1537 2586; x_wconf 79' lang='lat' dir='ltr'><strong>VI</strong></span> <span class='ocrx_word' id='word_1_359' title='bbox 1550 2578 1559 2595; x_wconf 92' lang='lat'><em>,</em></span> <span class='ocrx_word' id='word_1_360' title='bbox 1581 2563 1662 2596; x_wconf 82' lang='lat'>127:</span> 
     </span>
     <span class='ocr_line' id='line_1_61' title="bbox 1058 2605 1642 2641; baseline -0.003 -9"><span class='ocrx_word' id='word_1_361' title='bbox 1058 2608 1156 2633; x_wconf 78' lang='lat' dir='ltr'><strong>Noctes</strong></span> <span class='ocrx_word' id='word_1_362' title='bbox 1165 2613 1243 2640; x_wconf 76' lang='lat' dir='ltr'><strong>atque</strong></span> <span class='ocrx_word' id='word_1_363' title='bbox 1257 2607 1311 2631; x_wconf 73' lang='lat' dir='ltr'><strong>dies</strong></span> <span class='ocrx_word' id='word_1_364' title='bbox 1321 2612 1402 2641; x_wconf 77' lang='lat' dir='ltr'><strong>patet</strong></span> <span class='ocrx_word' id='word_1_365' title='bbox 1412 2607 1461 2631; x_wconf 71' lang='lat' dir='ltr'><strong>atri</strong></span> <span class='ocrx_word' id='word_1_366' title='bbox 1475 2607 1554 2639; x_wconf 70' lang='lat' dir='ltr'><strong>janua</strong></span> <span class='ocrx_word' id='word_1_367' title='bbox 1563 2605 1642 2631; x_wconf 77' lang='lat' dir='ltr'><strong>Ditis.</strong></span> 
     </span>
    </p>

    <p class='ocr_par' dir='ltr' id='par_1_10' title="bbox 1057 2657 1737 2803">
     <span class='ocr_line' id='line_1_62' title="bbox 1105 2657 1737 2703; baseline -0.008 -12"><span class='ocrx_word' id='word_1_368' title='bbox 1105 2657 1225 2703; x_wconf 82' lang='lat'><strong>75-76.</strong></span> <span class='ocrx_word' id='word_1_369' title='bbox 1260 2658 1360 2690; x_wconf 70' lang='lat' dir='ltr'><strong>Cedis</strong></span> <span class='ocrx_word' id='word_1_370' title='bbox 1377 2667 1390 2698; x_wconf 79' lang='lat'><strong>‚-</strong></span> <span class='ocrx_word' id='word_1_371' title='bbox 1417 2660 1455 2689; x_wconf 84' lang='lat' dir='ltr'><strong>et</strong></span> <span class='ocrx_word' id='word_1_372' title='bbox 1482 2659 1651 2690; x_wconf 83' lang='lat' dir='ltr'><strong>incassum</strong></span> <span class='ocrx_word' id='word_1_373' title='bbox 1677 2657 1737 2687; x_wconf 80' lang='lat' dir='ltr'><strong>lua</strong></span> 
     </span>
     <span class='ocr_line' id='line_1_63' title="bbox 1057 2705 1736 2751; baseline -0.003 -8"><span class='ocrx_word' id='word_1_374' title='bbox 1057 2713 1193 2749; x_wconf 76' lang='lat' dir='ltr'><strong>nomina</strong></span> <span class='ocrx_word' id='word_1_375' title='bbox 1207 2737 1216 2750; x_wconf 90' lang='lat'>‚</span> <span class='ocrx_word' id='word_1_376' title='bbox 1235 2710 1367 2750; x_wconf 86' lang='lat' dir='ltr'><strong>Druse,</strong></span> <span class='ocrx_word' id='word_1_377' title='bbox 1389 2711 1550 2743; x_wconf 73' lang='lat' dir='ltr'><strong>levantur.</strong></span> <span class='ocrx_word' id='word_1_378' title='bbox 1571 2705 1736 2751; x_wconf 79' lang='lat' dir='ltr'><strong>Intelligit</strong></span> 
     </span>
     <span class='ocr_line' id='line_1_64' title="bbox 1058 2760 1733 2803; baseline -0.006 -8"><span class='ocrx_word' id='word_1_379' title='bbox 1058 2760 1283 2796; x_wconf 83' lang='lat' dir='ltr'><strong>Burmannus</strong></span> <span class='ocrx_word' id='word_1_380' title='bbox 1306 2760 1348 2795; x_wconf 88' lang='lat' dir='ltr'><strong>de</strong></span> <span class='ocrx_word' id='word_1_381' title='bbox 1373 2760 1523 2795; x_wconf 85' lang='lat' dir='ltr'><strong>clamore</strong></span> <span class='ocrx_word' id='word_1_382' title='bbox 1546 2770 1709 2803; x_wconf 82' lang='lat' dir='ltr'><strong>supremo</strong></span> <span class='ocrx_word' id='word_1_383' title='bbox 1723 2783 1733 2801; x_wconf 96' lang='lat'><em>,</em></span> 
     </span>
    </p>
   </div>
  </div>
 </body>
</html>
