1884 3112
665 245 1190 317 HALIEUTmoN.
1546 246 1633 302 445

209 336 323 402 Quae
341 355 466 387 nuno
485 336 614 388 elatis
637 338 856 388 rimantur
877 338 1062 387 naribus
1087 355 1214 387 auras
1227 374 1239 396 ‚

207 417 269 465 Et
291 435 411 465 nunc
436 415 628 466 demisso
654 415 1063 484 quaemnt,vestigia
1079 427 1254 473 rostro;

206 494 270 543 Et
290 493 491 561 produnt
516 493 707 557 clamore
730 493 891 552 feram,
918 493 1238 560 dominumque
1255 491 1456 542 vocando

207 570 483 637 Increpitant
503 587 513 616 :
536 590 669 638 quem
689 571 732 620 si
755 569 928 620 collatis
950 569 1111 634 effugit
1133 570 1288 629 armis,
1596 587 1640 620 So

207 653 468 720 Insequitur
490 653 777 722 tumulosque
799 654 920 705 canis
940 673 1209 722 camposque
1231 673 1312 722 per
1333 673 1509 704 omnes:

208 732 374 782 Noster
391 727 441 780 in
463 744 555 782 arte
578 732 709 782 labor
728 733 933 800 positus3
957 751 1060 799 spes
1086 732 1230 781 omnis
1252 732 1301 780 in
1324 731 1412 780 illa.

273 809 367 858 Nec
390 819 538 858 tamen
561 809 610 858 in
627 809 795 858 medias
819 808 967 876 pelagi
990 820 1033 858 te
1056 828 1239 876 pergere
1261 808 1387 858 sedes

208 884 512 944 Admoneam,
536 885 737 952 vastique
759 886 895 935 maris
920 898 1088 936 tentare
1111 886 1402 954 profundum.

208 966 334 1013 Inter
354 974 593 1031 utrumque
618 962 705 1011 loci
728 963 887 1012 melius
911 965 1197 1014 moderabere
1214 965 1380 1014 funem.
1605 979 1648 1013 85

209 1043 384 1110 Aspera
405 1060 516 1090 num
530 1040 655 1091 saxis
674 1039 773 1090 loca
792 1040 890 1090 ‘sint
909 1058 918 1087 :
938 1061 1041 1090 nam
1062 1042 1166 1091 talia
1189 1041 1337 1092 lentos

209 1119 477 1187 Deposeunt
499 1117 720 1177 calamos3
745 1129 791 1167 at
812 1137 977 1185 purum
999 1119 1111 1168 retia
1130 1118 1251 1168 litus.

211 1202 333 1252 Num
354 1219 486 1250 mons
510 1201 746 1250 horrentes
769 1201 972 1251 demittat
995 1201 1157 1251 celsior
1177 1202 1359 1250 umbras

214 1286 270 1335 In
286 1296 406 1335 m'are
427 1284 444 1335 ⁷:
468 1304 573 1335 nam
595 1285 712 1335 varie
734 1275 917 1353 quidam
936 1285 1204 1353 fugiuntque
1222 1297 1485 1353 petuntque.

214 1368 339 1418 Num
358 1367 472 1417 vada
493 1367 699 1417 subnatis
723 1368 815 1416 imo
839 1367 1087 1417 viridentur
1110 1368 1165 1416 ab
1190 1367 1357 1417 herbis.

263 1525 316 1558 77.
338 1512 491 1550 Naribus
504 1524 619 1546 auras.
634 1510 765 1547 Noster
777 1511 814 1546 in
828 1510 906 1559 Cy-

217 1574 298 1610 neg.
319 1577 409 1600 vers.
439 1565 506 1614 239
518 1591 528 1609 ‚
558 1567 700 1607 celsekec
720 1567 908 1610 adprensa!

216 1619 357 1652 naribus
376 1630 490 1653 aum.
510 1618 584 1653 Ubi
606 1625 643 1654 et
666 1618 763 1654 hunc
786 1618 906 1654 locum

218 1668 365 1715 explicui
378 1695 389 1713 ,
407 1682 483 1716 pag.
506 1672 579 1718 ¹95·
596 1670 708 1713 IDEM.

264 1734 316 1769 79.
331 1723 385 1756 Et
390 1723 542 1767 pmdunt
549 1722 824 1767 clamomstmm.
840 1722 907 1758 Lo-

218 1773 342 1820 quitur
353 1774 452 1810 enim
467 1773 524 1810 hic
535 1773 580 1810 de
594 1774 738 1822 canibus
749 1775 910 1821 agmina-

219 1826 286 1861 tim
306 1823 553 1872 indagantibus
566 1852 577 1871 ‚
595 1827 656 1872 qui
672 1839 746 1861 non
764 1827 909 1873 quidem

219 1889 363 1923 semper
387 1878 455 1923 ἅμα
481 1880 576 1928 {luxti
602 1880 766 1917 διαθέοντες
791 1877 911 1913 indis-

224 1929 333 1964 tincte
353 1935 390 1964 et
409 1928 653 1964 indesinenter
673 1929 824 1971 latrant;
849 1929 912 1965 sed

225 1988 305 2017 tum
314 1980 475 2026 demum,
489 1994 601 2027 quum
611 1980 655 2016 ad
665 1982 777 2016 cubile
787 1994 914 2028 perve-

227 2041 374 2079 nerunt,
386 2033 820 2079 Clamomstramprodun4
832 2034 915 2069 Hoc

229 2094 302 2131 est,
321 2086 416 2134 quod
428 2086 594 2133 expressit
608 2087 714 2121 Maro
729 2087 766 2121 in
779 2085 915 2133 Georg.

231 2151 291 2184 111,
300 2141 321 2184 4
327 2154 339 2175 ι
349 2149 377 2175 1:
386 2141 702 2184 Volutabnchulsos
708 2142 916 2174 silvestribus

230 2205 333 2240 aptos
344 2194 492 2228 Latmia
503 2195 655 2227 turbabis
661 2205 767 2237 agens
775 2199 841 2228 etc.

247 2280 250 2283 ,
276 2246 333 2281 80.
351 2245 495 2291 Effugit
506 2249 621 2280 armis.
642 2244 681 2281 Si
703 2245 778 2280 sera
793 2244 917 2280 domi-

234 2311 325 2334 num
341 2298 514 2345 effugerit.
536 2297 651 2334 Gsssn.
677 2297 790 2333 Locus
806 2311 918 2334 men-

236 2350 340 2388 dosus
355 2363 363 2386 :
378 2357 464 2398 puto
477 2377 487 2395 ,
505 2364 577 2396 quoe
595 2354 632 2386 si
641 2353 779 2386 collata&
796 2351 923 2397 effugit

237 2406 342 2439 amu&
357 2417 367 2437 :
384 2410 426 2438 ut
440 2403 483 2438 ad
499 2404 613 2438 seram
626 2404 808 2439 reseratur.
826 2405 875 2439 H.

283 2457 338 2492 82.
360 2458 403 2492 In
420 2460 495 2492 ade
511 2459 616 2492 labor.
636 2457 719 2493 Non
739 2457 835 2504 quod
858 2471 922 2494 ve-

240 2509 338 2545 natio
361 2508 531 2555 pedestris
557 2510 594 2544 in
627 2509 757 2546 viribus
785 2511 895 2557 magis
909 2536 920 2555 ‚

242 2573 349 2607 quam
364 2568 438 2597 arte
454 2561 636 2603 consistam
653 2562 714 2598 sed
729 2563 808 2609 quia
822 2563 923 2598 initio

242 2615 456 2665 παρεκβάσεως
468 2613 600 2649 dixerat
612 2615 746 2661 reliqua
763 2615 925 2651 animalia

243 2666 422 2702 terrestria
431 2679 496 2702 suo
507 2667 661 2713 quodam
674 2667 840 2704 instinctu
850 2668 903 2714 agi
913 2694 924 2712 ,

245 2732 324 2766 quae
340 2719 411 2766 ipsa
425 2727 552 2755 natura
566 2724 696 2761 monet,
712 2720 767 2756 vel
781 2733 926 2767 sequen-

245 2771 313 2817 do,
329 2772 384 2807 vel
401 2773 560 2808 cominus
576 2772 812 2820 depugnando
825 2799 836 2818 ,
858 2786 927 2809 ve-

1609 1395 1654 1429 90

969 1511 1070 1554 πει-ῖς
1095 1523 1275 1558 quumque
1299 1512 1408 1558 pisces
1424 1512 1496 1558 jam
1518 1512 1653 1548 vafritie

970 1563 1124 1612 quadam
1144 1572 1203 1600 aut
1218 1565 1282 1600 hac
1295 1591 1305 1609 ‚
1325 1571 1385 1600 aut
1400 1565 1476 1600 illac
1488 1566 1654 1613 excellere

970 1617 1154 1661 docuerit,
1182 1611 1266 1652 ideo*
1288 1618 1361 1663 jam
1387 1616 1525 1664 subjicit
1540 1645 1551 1661 ,
1581 1623 1656 1653 arle

971 1670 1135 1705 adversus
1163 1683 1222 1706 eos
1254 1670 1430 1706 utendum
1446 1698 1455 1713 ‚
1490 1671 1551 1716 qui
1581 1684 1657 1707 non

971 1729 1097 1761 natura
1112 1735 1174 1758 sua
1185 1749 1195 1766 ,
1219 1729 1278 1757 aut
1296 1723 1428 1758 viribus
1441 1749 1450 1767 ,
1476 1731 1536 1758 aut
1551 1724 1632 1770 suga
1646 1750 1656 1767 ,

973 1775 1037 1816 sibi
1053 1788 1194 1821 semper
1205 1775 1394 1811 consulunt
1408 1801 1417 1819 ,
1439 1775 1499 1811 sed
1514 1776 1658 1821 insuper

974 1827 1119 1874 ingenio
1144 1835 1180 1862 et
1206 1827 1385 1863 fraudibus
1413 1835 1561 1863 certant.
1588 1828 1659 1863 Hie

976 1893 1096 1916 sensus
1116 1879 1221 1914 totius
1239 1879 1460 1925 digressionis
1472 1906 1482 1924 ‚
1506 1887 1542 1915 et
1554 1880 1661 1926 hujus

978 1935 1132 1968 ἔκανὲδου.
1152 1932 1262 1966 lnam.
1279 1933 1374 1967 —ln
1385 1935 1458 1967 illa.
1477 1931 1596 1974 Cane;
1610 1939 1662 1968 est

978 1984 1077 2019 enim
1103 1983 1200 2018 dubii
1231 1984 1367 2029 generis
1399 1984 1492 2029 apud
1519 1984 1661 2020 Graecos

979 2038 1111 2084 pariter
1125 2044 1161 2072 et
1178 2037 1330 2072 Latinos.
1349 2037 1464 2073 GEsu.

1024 2091 1078 2126 86.
1089 2091 1233 2135 Aspera.
1248 2090 1358 2125 Deest
1367 2090 1516 2126 verbum
1527 2095 1643 2136 aspice
1651 2118 1662 2133 ,

980 2142 1034 2178 vel
1050 2142 1173 2178 simile.
1199 2142 1310 2177 Imm.

1026 2195 1078 2241 87.
1092 2195 1128 2230 A
1131 2199 1147 2228 t
1149 2207 1270 2239 purum
1280 2198 1368 2230 retia
1377 2196 1470 2229 litus.
1480 2195 1643 2230 Verbum
1652 2221 1663 2240 ,

983 2249 1137 2292 deposcit
1151 2275 1159 2289 ‚
1188 2247 1246 2283 hic
1268 2247 1462 2282 subaudies.
1491 2247 1668 2283 Describit

985 2307 1104 2336 autem
1121 2300 1234 2346 qualia
1249 2312 1321 2335 esse
1338 2306 1498 2346 oporteat
1513 2300 1587 2335 loca
1599 2326 1609 2345 ,
1628 2301 1668 2335 in

986 2353 1111 2399 quibus
1127 2352 1289 2388 homines
1302 2353 1480 2399 piscentur
1492 2379 1502 2397 ‚
1529 2359 1566 2388 et
1582 2353 1668 2398 qui-

985 2405 1050 2441 bus
1066 2406 1118 2440 uti
1134 2405 1285 2441 debeant
1294 2405 1547 2440 instrumentis.
1563 2404 1669 2440 Clor.

986 2476 1031 2485 -
1045 2460 1180 2494 Puram.
1196 2458 1282 2493 Sine
1297 2459 1384 2493 saxis
1399 2465 1435 2493 et
1449 2458 1542 2504 algis.
1560 2457 1669 2492 MSS.

982 2523 1145 2559 puerum:
1164 2512 1200 2547 id
1221 2518 1273 2547 est
1289 2514 1485 2557 pulchrum,
1506 2511 1562 2546 vel
1585 2523 1672 2546 cut*-

989 2580 1074 2603 vum.
1097 2567 1206 2600 Vnr.

1034 2619 1087 2667 89.
1115 2619 1270 2662 Quidam.
1289 2617 1406 2654 Pisces
1418 2643 1428 2661 ‚
1444 2615 1582 2652 scilicet.

1035 2684 1090 2719 90·
1115 2672 1203 2705 Num
1221 2672 1323 2705 vada.
1350 2670 1436 2704 Post
1458 2668 1553 2704 hunc
1574 2667 1674 2703 deest

990 2736 1110 2758 versus
1126 2723 1201 2758 talis
1212 2749 1222 2767 ,
1240 2730 1299 2757 aut
1315 2722 1435 2757 similis
1451 2731 1460 2754 τ

993 2776 1025 2801 lu
1038 2775 1120 2801 fundo
1131 2794 1139 2807 ,
1153 2776 1286 2809 solentque
1298 2774 1354 2800 inin
1366 2783 1394 2800 se
1404 2782 1508 2808 puceu
1519 2773 1606 2808 piscis.
