1884 3112
600 239 871 292 BR1sms
913 246 1221 294 ACHILLI.
1568 254 1626 312 59

190 337 328 386 Ama
351 356 458 404 cape
472 374 484 396 ‚
510 338 714 399 AEacida,
740 340 819 390 sed
839 360 909 390 me
933 353 1081 391 tamen
1104 354 1204 392 ante
1228 354 1432 409 recepta3

255 415 318 464 Et
338 434 488 482 preme
514 416 740 476 turbatos,
767 419 914 468 Marte
936 418 1127 479 favente,
1151 419 1286 468 viros.

189 490 382 560 Propter
402 511 472 543 me
493 505 614 543 mota
637 506 729 553 est,
754 507 940 563 propter
960 515 1031 545 me
1056 496 1227 546 desinat
1249 498 1338 556 ira3

251 570 435 638 Simque
458 589 542 634 ego
565 571 756 622 tristitiae
778 592 910 622 causa
930 574 1181 641 modusque
1205 587 1303 626 tuae.
1580 601 1624 635 90

188 649 282 698 Nec
304 649 391 698 tibi
414 661 543 717 turpe
566 661 677 717 puta
698 651 908 717 precibus
932 652 1219 702 succumbere
1242 654 1408 702 nostris
1428 674 1438 702 :

250 728 472 796 Conjugis
494 728 696 778 OEnides
718 748 870 778 versus
894 729 942 777 in
965 749 1085 778 arma
1107 749 1236 796 prece
1260 743 1339 779 est.

184 807 276 855 Res
299 806 450 856 audita
467 805 598 864 mihi,
623 817 733 855 nota
756 818 824 855 est
846 806 944 854 tibi.
970 807 1203 856 Fratribus
1228 809 1339 858 orba

246 883 440 933 Devovit
460 883 555 932 nati
578 902 792 951 spemque
816 896 1037 951 caputque
1061 904 1234 951 parens.
1266 907 1271 912 ·

178 959 356 1010 Bellum
377 972 472 1010 erat
492 981 503 1010 ε
527 960 602 1010 ille
625 961 750 1010 ferox
771 961 931 1028 positis
957 963 1138 1011 secessit
1160 964 1217 1013 ab
1244 965 1398 1023 armiS‚
1573 980 1617 1024 95

242 1041 304 1089 Et
324 1040 478 1108 patriae
499 1039 642 1103 rigida
664 1052 811 1089 mente
834 1041 1012 1104 negavit
1035 1060 1178 1107 opem.

177 1116 283 1167 Sola
303 1118 449 1167 virum
468 1118 634 1185 conjux
655 1118 789 1168 flexit.
815 1118 1008 1168 Felicior
1030 1117 1128 1167 illa!

174 1300 341 1335 Pericula:
347 1302 486 1340 επΊιὶ-ιῖς,
499 1312 534 1345 p.
542 1299 622 1344 ²75)
631 1310 696 1345 pro
705 1301 855 1343 impiger,

173 1351 321 1399 legentis
335 1355 473 1396 thteger.
485 1350 607 1387 Potest
619 1358 739 1386 tamen
752 1351 859 1386 etiam

173 1405 313 1452 vulgata
327 1404 434 1440 sen-i:
450 1411 502 1440 est
513 1404 608 1439 enim
622 1404 776 1451 apposita
787 1403 822 1438 h.
835 1403 857 1438 l.

173 1465 210 1493 et
218 1457 261 1493 ad
269 1457 488 1493 movendum
495 1457 668 1493 Achillem
677 1453 856 1503 veiimpri-

172 1509 240 1545 mis
254 1515 335 1556 apta
346 1510 482 1545 mentio
496 1509 677 1545 indefessae
690 1509 855 1544 Hectoris

170 1563 210 1598 in
232 1563 429 1610 premendo
450 1562 679 1609 vexandoque
701 1562 853 1598 Graeco-

170 1628 254 1651 rum
268 1615 422 1652 exercitu
437 1615 645 1662 pertinaciae.
662 1615 826 1649 Limum.

212 1669 267 1715 87.
287 1669 398 1704 Ama
410 1681 511 1714 cape,
533 1669 688 1704 AEacide.
703 1668 853 1702 AEacida

167 1720 277 1757 codex
288 1721 376 1757 alter
387 1721 518 1769 Regius
526 1748 537 1767 ,
551 1728 592 1757 ut
603 1718 708 1757 Silius
719 1719 762 1756 de
777 1721 851 1755 Ho-

167 1787 268 1811 mero
284 1774 329 1810 ad
344 1774 539 1811 Achillem:

248 1836 325 1862 Felix
337 1836 460 1868 AEncidn,
473 1836 517 1861 oui
527 1835 575 1861 uli
587 1835 695 1868 contigit
708 1843 752 1861 oro

248 1885 377 1912 Gentibu-
389 1885 501 1912 ostendi.

165 1935 296 1979 Noster
310 1935 400 1970 Met.
415 1945 490 1980 v11,
506 1934 592 1970 800:

329 2014 360 2022 ...
374 1996 455 2022 Juvat
467 1995 484 2022 ὃ
495 1995 645 2021 neminisse
656 1995 724 2021 beati

254 2046 394 2080 Temporis
402 2064 412 2078 ‚
424 2045 543 2071 AEaeidn.

167 2094 362 2141 Quomodo
384 2095 526 2142 optimae
548 2096 786 2132 membranae:
799 2096 847 2132 sic

164 2154 200 2182 et
215 2147 272 2182 lib.
287 2158 348 2183 11:

180 2207 304 2240 hida,
315 2207 384 2234 dixit
391 2226 401 2239 ,
413 2208 482 2234 votis
498 2208 596 2242 potiere
606 2208 703 2242 petitis.
722 2210 760 2234 H.

165 2274 210 2282 —
225 2254 333 2290 Arma
344 2269 443 2301 cape,
460 2258 627 2299 AEacMa,
643 2259 710 2292 sed
719 2272 772 2293 me
788 2263 845 2295 la-

163 2321 241 2344 men
252 2313 334 2343 ante
344 2314 489 2354 recepta.
494 2310 542 2345 Et
549 2311 679 2357 recepit
686 2312 827 2358 quidem
833 2341 842 2358 ‚

163 2361 204 2396 11.
219 2368 259 2397 T.
277 2360 458 2397 Caeterum
472 2388 482 2406 ,
497 2376 707 2409 generosum
731 2366 843 2412 quid-

162 2413 245 2450 dam
260 2441 270 2459 ,
288 2421 324 2450 et
338 2414 523 2461 plusquam
545 2417 716 2452 muliebre
737 2419 843 2464 spirat

159 2466 256 2503 locus
269 2467 337 2510 hic;
347 2474 382 2502 et
393 2481 513 2504 sensus
523 2470 657 2515 profert
665 2470 842 2507 imbecillis

110 2567 112 2570 ‚
160 2521 292 2567 puelle,
310 2521 370 2568 qui
385 2521 502 2556 virum
516 2535 591 2557 non
607 2522 808 2560 dedeceant.

204 2573 258 2621 89.
279 2573 439 2609 Desinat.
459 2575 670 2620 Vossianus,
689 2576 842 2612 Leiden-

159 2624 204 2660 εἰς
215 2650 226 2670 ,
242 2633 278 2661 et
292 2626 626 2674 Basileensisfin1‘et‚·
640 2629 845 2676 undefinial

159 2676 404 2714 scribendum:
421 2680 468 2715 ita
485 2681 634 2716 Metam.
647 2693 692 2726 11,
714 2683 788 2727 103,
800 2696 842 2718 ex

159 2730 242 2767 MS.
267 2733 443 2767 Fi'm'emnt
461 2738 616 2769 monitus.
641 2734 700 2771 sie
716 2739 842 2779 praece'-

153 2787 249 2828 pilae
265 2785 363 2831 Virg.
389 2799 417 2819 1.
439 2785 580 2822 AEneid.
599 2792 635 2822 et
655 2786 743 2823 Stat.
759 2799 839 2824 vm.

925 1298 1037 1333 Theb.
1054 1300 1127 1333 155.
1143 1298 1251 1334 Plura
1269 1298 1426 1345 exempla
1442 1299 1614 1345 congessit

925 1351 1146 1395 Bernartius,
1159 1351 1200 1386 ad
1210 1350 1298 1386 Stat.
1310 1362 1352 1385 11.
1365 1350 1476 1386 Theb.
1494 1352 1545 1395 43.
1563 1352 1610 1386 Η.

967 1417 1021 1452 9²·
1049 1404 1211 1448 conjuges
1230 1405 1371 1438 OEm'dcs
1394 1411 1460 1439 etc.
1474 1404 1612 1438 Melea-

924 1469 1005 1502 ger,
1027 1455 1138 1490 OEnei
1158 1463 1194 1491 et
1210 1456 1348 1492 Altheae
1362 1457 1462 1492 filius.
1486 1458 1611 1492 Histo-

921 1510 1012 1545 riam
1034 1510 1142 1545 susius
1159 1509 1309 1545 Phoenix
1334 1518 1498 1556 enarrat,
1516 1511 1610 1557 apud

922 1563 1071 1599 Homer.
1089 1562 1129 1598 Il.
1146 1570 1179 1608 1,
1200 1565 1274 1599 525.
1289 1577 1362 1610 sqq.
1612 1569 1614 1571 ’

963 1617 1017 1664 94.
1033 1616 1193 1660 Spemque
1204 1621 1369 1662 caputque
1379 1619 1442 1651 sui.
1459 1615 1607 1662 Elegan-

918 1675 982 1704 ter.
995 1670 1080 1714 Spes
1091 1669 1188 1704 enim
1200 1670 1342 1716 proprie
1357 1669 1402 1704 de
1415 1669 1531 1705 liberis
1542 1695 1552 1713 ,
1566 1669 1604 1703 in

917 1720 1043 1765 quibus
1064 1720 1203 1767 egregia
1225 1720 1362 1756 indoles
1384 1720 1603 1766 prospicitur.

916 1774 1015 1821 Virg.
1028 1783 1077 1810 vt.
1090 1774 1233 1809 AEneid.
1247 1775 1325 1819 364,
1337 1781 1405 1810 etx
1419 1801 1428 1819 ,
1441 1776 1523 1819 524:
1538 1776 1609 1809 Per

915 1838 1008 1871 spem
1023 1830 1191 1871 surgentis
1206 1828 1285 1861 Iuli.

958 1881 1011 1927 95.
1034 1881 1136 1914 Bello
1164 1884 1241 1914 erat
1263 1882 1325 1915 ille
1342 1880 1459 1925 fiet-ox.
1491 1879 1603 1914 Recte

914 1931 1096 1966 Putaneus
1108 1958 1119 1976 ,
1141 1934 1280 1966 Bellum
1301 1937 1379 1967 erat
1390 1946 1400 1966 :
1415 1934 1475 1966 ille
1484 1931 1600 1976 fhrox.

913 2002 957 2010 —-
970 1986 1035 2017 Ille
1042 1984 1149 2029 ferox
1165 1988 1292 2029 positis
1312 1987 1459 2019 secessit
1475 1986 1521 2019 ab
1541 1997 1601 2018 ar-

912 2041 986 2073 mis.
1005 2037 1057 2072 Ex
1075 2038 1228 2072 Homeri
1240 2037 1318 2072 loco
1334 2037 1456 2082 citato,
1473 2039 1554 2086 590:

956 2095 1021 2125 Καὶ
1035 2091 1101 2125 τότε
1121 2094 1157 2131 δὴ
1174 2091 1346 2135 Μελέαγρον
1361 2091 1487 2132 ι’ΰζωνος
1500 2090 1597 2135 παροξ-

1043 2158 1138 2181 nott-15

954 2194 1084 2231 Αἶσα-η’
1098 2195 1274 2240 ὀδυρομένη.
1288 2213 1333 2223 -·-
1347 2213 1375 2232 κ.
1388 2213 1416 2233 τ.
1427 2200 1453 2231 λ.

910 2254 959 2290 Et
975 2255 1119 2291 inferius
1136 2255 1240 2302 paulo
1254 2282 1264 2300 ,
1284 2258 1348 2305 595
1363 2269 1372 2291 ι

953 2315 1016 2344 Ταῦ
1034 2308 1063 2345 δ”
1081 2312 1205 2355 ὠρίνετο
1220 2313 1320 2355 θυμός
1343 2310 1497 2350 ἀκούοντος
1516 2312 1594 2346 κακοὶ

1040 2365 1126 2407 ’ὄργυι’

950 2419 994 2456 Βῆ
1014 2413 1044 2450 δ’
1056 2416 1142 2451 ἰέναι.
1157 2432 1201 2443 ·-·
1216 2432 1242 2451 κ.
1259 2433 1286 2452 τ.
1304 2421 1332 2451 λ.

950 2489 1003 2523 97.
1027 2477 1108 2511 Sola
1126 2479 1232 2512 virum
1248 2478 1375 2522 conjux
1385 2479 1500 2523 flexit.
1526 2477 1591 2527 Al-

905 2540 1031 2576 cyone,
1047 2529 1191 2576 Hygino
1204 2539 1349 2574 chx1v,
1360 2542 1437 2575 quae
1445 2538 1480 2566 et
1491 2529 1592 2565 Cleo-

905 2587 1003 2626 patra
1033 2580 1219 2616 Antonino
1247 2581 1422 2625 Liberali,
1447 2589 1483 2617 et
1508 2583 1590 2617 Ho-

906 2646 1030 2677 mer0,
1055 2633 1155 2679 cujus
1181 2634 1381 2670 Scholiastae
1401 2633 1492 2670 hanc
1518 2635 1589 2671 Idae

906 2686 1061 2733 Apharei
1092 2693 1129 2722 et
1155 2687 1336 2733 Marpissae
1369 2687 1482 2723 Eveni
1510 2689 1589 2724 filiae

904 2745 1024 2772 natam
1038 2739 1170 2774 faciunt
1179 2765 1189 2783 ,
1203 2746 1243 2774 ut
1256 2746 1291 2774 et
1305 2739 1539 2786 Apollodorus
1552 2741 1589 2775 in

904 2789 1139 2828 Bibliotheca:
1153 2804 1223 2838 quo
1239 2798 1325 2828 teste
1339 2818 1349 2837 ,
1366 2799 1443 2839 post
1459 2792 1589 2828 Melea-
