1884 3112
0 736 34 1387 »ww-wammam—
10 650 23 654 .=
3 609 6 611 >
0 521 15 582 -ῑ-
14 483 16 485 -
13 456 18 459 .
3 372 12 386 1·

26 886 36 915 -.·
24 806 40 824 Ἃ,
30 788 31 793 Α
23 770 27 771 ’
24 720 38 743 :j
37 660 39 662 ,
24 622 28 626 '
33 553 36 555 ,
28 510 40 527 ¹.
20 419 39 452 ,,-“
30 402 31 406 Α
28 375 30 378 .
22 271 34 327 ³:³2
20 209 34 247 Ἄ,-
26 129 35 154 2,

47 1353 50 1357 -
47 812 49 815 -
41 708 44 710 ·
42 509 50 525 ··
32 407 59 468 ..ϊ-

118 7 119 10 ¹
138 1 156 14 ².
188 0 198 14 7
213 0 241 14 3³¹·
250 0 279 14 ⁸!

57 93 64 106 ἴ
76 101 78 106 ·

501 260 803 306 PHAEDRA
837 260 1270 306 HIPPOLYTO.
1511 224 1517 236 Ι
1553 279 1607 324 77

238 353 344 404 Non
367 371 468 403 sum
489 353 672 403 materia
694 353 829 417 digna
850 353 994 421 perire
1019 365 1108 403 tua.

177 430 303 498 Quid
321 431 446 499 juvat
466 431 669 483 incinetae
693 432 840 482 studia
863 451 1064 482 exercere
1087 431 1266 491 Dianae3

241 512 304 560 Et
325 510 490 560 Veneri
513 529 722 560 numeros
746 510 962 577 eripuisse
986 511 1124 560 suos?

136 623 139 625 —
178 589 320 656 Quod
343 601 463 640 caret
484 588 651 640 alterna
673 587 852 655 requie,
876 587 1079 637 durabile
1101 606 1198 636 non
1220 598 1288 637 est
1312 605 1324 634 t

244 667 352 717 Haec
373 677 549 734 reparat
571 666 705 724 vires,
730 664 934 731 fessaque
957 663 1158 712 membra
1179 674 1328 711 novat.
1569 689 1615 724 90

179 745 343 804 Arcus,
368 755 414 794 et
435 762 554 794 arma
576 754 663 793 tuae
687 742 772 791 tibi
797 742 891 791 sint
911 740 1126 790 imitanda
1149 741 1327 791 Dianae:

243 821 295 871 Si
315 829 544 888 nunquam
566 837 708 869 cesses
733 818 933 877 tendere,
950 817 1108 867 'mollis
1133 818 1230 868 erit.

181 899 338 950 Clarus
361 909 455 948 erat
477 897 599 947 silvis
624 896 871 965 Cephalus,
896 895 1137 963 multaeque
1162 915 1243 963 per
1265 895 1451 945 herbam

245 974 561 1033 Conciderant,
587 974 667 1023 illo
691 974 988 1042 percutiente,
1015 974 1131 1024 ferae.

179 1055 272 1103 Nec
294 1065 441 1103 tamen
463 1054 651 1103 Aurorae
672 1051 786 1102 male
810 1070 855 1101 se
879 1051 1111 1119 praebebat
1134 1050 1370 1100 amandum
1390 1070 1402 1098 ε
1574 1066 1619 1111 95

180 1218 261 1262 tile3
285 1229 393 1265 quare
411 1221 547 1252 vastum
567 1216 706 1253 rectius.
735 1215 868 1252 Bmm.

182 1273 227 1299 ·—'
243 1272 386 1307 Bentum
395 1295 406 1313 ‚
424 1266 516 1306 Edd.
533 1269 677 1316 primar.

227 1325 281 1360 86.
302 1325 380 1360 Non
395 1336 468 1359 sum
483 1325 627 1358 maten‘a
641 1323 746 1367 digna
758 1324 870 1367 petire

184 1382 255 1413 tna.
269 1377 354 1414 Non
371 1390 450 1413 sum
467 1375 572 1423 digna
583 1402 593 1420 ‚
611 1387 689 1422 quae
705 1387 848 1421 peream
859 1400 869 1419 ,

185 1437 220 1466 te
233 1430 412 1476 prebente
422 1442 463 1465 ae
473 1427 717 1475 suppeditante
730 1439 871 1463 causam

186 1490 223 1518 et
229 1482 413 1518 materiam
421 1481 555 1517 mortis.
569 1480 760 1526 Eleganter
771 1486 808 1515 et
819 1479 872 1514 la·-

187 1535 261 1570 tine
277 1534 429 1577 dictum;
443 1546 510 1569 nec
524 1532 749 1570 credidissem
765 1531 872 1565 inter-

186 1586 390 1634 pretationis
413 1585 571 1632 indigere
597 1583 694 1619 hunc
724 1583 841 1618 locum
858 1609 868 1626 ‚

187 1639 254 1675 nisi
273 1639 403 1675 invitus
419 1636 725 1685 deprehenderem
745 1636 873 1671 Tana—-

187 1689 296 1737 quillo
310 1691 427 1727 Fabro
439 1716 450 1735 ,
480 1689 619 1725 homini
641 1688 780 1724 erudito
797 1714 806 1732 ,
835 1687 874 1721 in

187 1743 393 1778 Lucretium
409 1741 781 1784 animadversionibus,
798 1752 874 1786 pag.

158 1834 164 1840 ,
188 1795 273 1840 480,
290 1803 477 1842 perperam
497 1793 611 1829 visum
626 1805 699 1828 esse
719 1790 876 1837 castigari

188 1854 352 1894 oportere
367 1859 377 1881 2
393 1861 460 1884 non
474 1860 547 1882 sum
561 1849 688 1882 dun'lia
699 1847 877 1891 dzgrnnpe-

189 1904 255 1936 rire
269 1904 354 1944 tua3
373 1900 480 1946 idque
497 1899 736 1935 obnitentibus
751 1909 876 1932 mem-

190 1953 327 1998 branis,
357 1959 532 2000 quotquot
559 1965 579 1987 a
606 1964 664 1986 me
692 1956 776 1985 sunt
803 1950 878 1984 ins-

191 2011 310 2052 pectae.
325 2005 522 2049 Praeterea,
540 2017 651 2050 quum
668 2001 879 2049 praecesserit

192 2059 266 2103 iam
280 2071 384 2094 versu
400 2058 560 2105 proximo
576 2059 735 2096 durities,
759 2054 879 2089 odiosa

196 2111 344 2147 omnino
367 2111 527 2158 ejusdem
542 2111 635 2147 vocis
651 2110 696 2145 sit
714 2108 879 2155 repetitio

197 2171 234 2200 et
248 2164 394 2210 ingrata.
413 2165 548 2199 Hzms.

237 2215 294 2250 88.
316 2217 488 2251 Numerus.
511 2215 637 2257 Vices,
662 2220 786 2260 partes.
807 2211 880 2248 Cic.

198 2267 243 2303 de
257 2267 378 2310 Diviu.
397 2282 411 2303 1
426 2295 436 2313 ,
455 2269 496 2303 23
513 2282 521 2304 :
539 2283 556 2298 «
573 2267 741 2303 Veritatis
757 2278 881 2301 omnes

198 2317 367 2357 nuxiieros
377 2321 415 2356 in
427 2335 463 2357 se
478 2321 605 2356 habere
617 2335 625 2362 ς
637 2335 654 2352 υ
672 2320 715 2354 de
728 2319 808 2362 Fin,
821 2330 880 2361 111,

199 2377 259 2420 24:
273 2390 290 2406 κ
302 2375 484 2411 continere
501 2387 625 2409 omnes
641 2385 809 2409 numeros
818 2372 884 2406 vir-

200 2428 305 2470 tutis;
328 2442 346 2458 »
376 2434 412 2462 et
443 2427 486 2462 de
512 2427 591 2462 Nat.
615 2426 778 2460 Deorum
793 2452 802 2468 ‚
834 2437 882 2468 11,

200 2482 244 2524 34
259 2493 268 2515 t
289 2494 305 2510 «
320 2480 524 2515 Perfectum
543 2478 789 2524 expletumque
805 2490 886 2512 om-

200 2532 304 2567 nibus
319 2532 388 2567 suis
405 2531 562 2566 numeris
578 2538 613 2565 et
630 2531 784 2577 partibus
800 2545 828 2564 n.

244 2597 299 2633 90.
312 2587 482 2630 Fessaque
493 2586 640 2619 membra
652 2588 763 2619 novat.
776 2583 885 2618 Recte

201 2638 355 2684 potiores
370 2637 486 2684 scripti
500 2663 508 2680 ‚
529 2649 593 2682 pro
609 2640 756 2671 renovat.
776 2635 835 2671 sic
849 2634 887 2669 iu

204 2691 314 2726 Fastis
325 2718 334 2735 ,
354 2701 389 2734 1,
408 2690 490 2725 622:
907 2684 910 2688 ’

298 2751 418 2784 Ingratos
431 2750 503 2775 nulla
517 2750 588 2783 prole
599 2758 695 2774 nouare
707 2749 795 2779 κάκ-οη

207 2800 300 2846 quod
309 2801 346 2836 in
353 2800 469 2836 liberis
479 2806 593 2846 patres
602 2798 736 2834 renasci
745 2796 891 2833 videan-

933 1222 1002 1250 tur.
1017 1214 1076 1250 Sic
1089 1226 1211 1250 novare
1223 1225 1356 1258 gregem
1372 1210 1456 1247 dixit
1472 1211 1622 1255 Statius,

934 1267 1047 1303 Theb.
1077 1278 1100 1301 x
1115 1293 1124 1310 ,
1145 1267 1208 1301 223
1224 1281 1232 1309 3
1252 1272 1288 1301 et
1307 1278 1430 1300 novare
1449 1268 1595 1310 pignora
1611 1291 1620 1305 ,

934 1319 1063 1355 eodem
1087 1318 1176 1354 libro
1186 1345 1195 1362 ,
1222 1332 1295 1366 79¹·
1322 1317 1487 1363 Denique
1510 1329 1621 1351 mem-

936 1374 997 1406 bra
1010 1383 1142 1412 novare,
1157 1370 1318 1406 Valerius
1330 1370 1472 1405 Flaccus
1485 1369 1542 1404 lib.
1555 1379 1601 1404 111
1611 1394 1620 1412 ,

937 1424 1002 1468 423
1016 1437 1025 1467 ;
1043 1424 1210 1471 apposite,
1228 1423 1271 1459 ad
1287 1423 1383 1458 hunc
1396 1423 1477 1458 Nas.
1488 1422 1624 1457 locum:

937 1484 991 1510 Hie
1004 1485 1056 1510 sale
1068 1493 1199 1518 purpureo
1213 1485 1328 1518 vivaque
1343 1483 1454 1508 nitentia
1468 1482 1576 1517 lymph-

936 1531 1059 1559 Menihr-
1076 1539 1174 1565 novat,
1192 1541 1271 1567 seque
1287 1532 1414 1558 horrificis
1427 1531 1607 1557 accommodae

1036 1574 1111 1599 netis.
1131 1575 1238 1600 Hune.

983 1638 1037 1671 9¹·
1060 1623 1173 1659 Arcus
1186 1651 1195 1665 ,
1216 1627 1254 1658 et
1270 1635 1368 1658 arma
1397 1627 1464 1657 luoe
1480 1625 1630 1657 tibisint

938 1679 1107 1711 imilanda
1119 1678 1257 1711 Dianae.
1283 1677 1369 1711 Sunt
1387 1675 1504 1722 scripti
1524 1688 1626 1710 non-

940 1729 1037 1764 nulli.
1055 1729 1180 1765 Scribo
1197 1736 1233 1763 et
1255 1728 1432 1775 distinguo
1446 1732 1468 1772 ,'
1488 1734 1528 1762 ut
1542 1740 1627 1762 me-

940 1783 1006 1818 lius
1021 1781 1223 1819 cohaereant
1241 1791 1249 1813 ε

941 1843 1029 1869 Areus
1038 1863 1046 1875 ,
1060 1849 1089 1868 ut
1099 1852 1171 1868 arma
1181 1848 1232 1868 tuae
1242 1842 1290 1868 tibi
1301 1842 1352 1866 sint
1363 1841 1490 1867 imitanda
1499 1842 1607 1872 Dianae,

992 1894 1019 1919 Si
1033 1902 1166 1927 nunquam
1181 1901 1264 1917 cesses
1279 1892 1398 1923 tendere,
1411 1891 1499 1916 mollis
1511 1890 1571 1915 erit.

942 1943 1079 1978 —Non
1098 1941 1173 1977 sine
1187 1940 1317 1976 invidia
1330 1944 1412 1982 luoe‚·
1432 1952 1509 1985 quae
1517 1946 1632 1974 totum

943 1996 1007 2031 sibi
1025 2000 1058 2030 tc
1076 1994 1229 2029 vindicat
1243 2020 1253 2038 ,
1281 2005 1348 2028 nec
1369 1992 1483 2027 ullum
1502 1992 1633 2038 patitur

945 2048 1100 2091 Veneri,
1120 2047 1232 2082 amori
1248 2046 1366 2082 locum
1381 2058 1571 2092 superesse.

989 2102 1043 2149 93.
1070 2102 1190 2136 Clarus
1205 2103 1283 2134 erat
1291 2102 1397 2145 sylus
1413 2105 1496 2141 etc„
1514 2104 1552 2132 et
1568 2110 1611 2144 99
1625 2108 1634 2131 t

946 2155 1047 2190 Arsit
1059 2157 1095 2188 et
1112 2154 1253 2187 OEm‘des
1266 2159 1332 2188 etc.
1350 2150 1498 2197 Cephali
1514 2149 1634 2185 addu-

946 2209 992 2243 cit
1006 2206 1161 2252 exempla
1172 2213 1208 2241 et
1220 2204 1410 2251 Meleagri,
1424 2203 1504 2249 qui,
1523 2215 1634 2248 quum

947 2273 1027 2295 eam
1043 2287 1052 2304 ,
1074 2272 1180 2306 quam
1199 2257 1413 2305 Hippolytus
1424 2283 1434 2301 ,
1450 2257 1560 2291 vitam
1575 2255 1636 2290 vi-

947 2319 1091 2356 verent,
1117 2311 1228 2347 amori
1251 2318 1372 2346 tamen
1388 2309 1635 2345 inservierunt.

993 2369 1046 2415 94.
1073 2368 1307 2401 Conciderant.
1325 2364 1427 2399 Alter
1441 2361 1575 2398 Moreti
1587 2364 1636 2394 in-

950 2422 1129 2461 emeram,-
1153 2431 1245 2453 unus
1262 2416 1402 2452 Heinsii
1421 2416 1636 2450 ceciderant:

949 2471 1107 2518 proxime
1123 2469 1167 2505 ad
1185 2482 1306 2505 veram
1323 2468 1531 2509 lectionem,
1556 2477 1634 2510 quae

951 2531 1003 2559 est
1025 2524 1062 2558 in
1094 2521 1304 2558 Lovaniensi
1326 2519 1445 2556 codice
1458 2545 1468 2563 ,
1501 2519 1639 2552 decide-

952 2580 1033 2611 rant
1052 2586 1062 2608 .·
1088 2575 1276 2621 eleganter.
1300 2574 1356 2609 Ita
1378 2571 1509 2607 Statius
1538 2579 1611 2605 v111
1627 2595 1637 2610 ,

954 2629 1067 2664 Theb.
1089 2628 1151 2671 124
1166 2637 1174 2659 2

953 2699 994 2724 Ut
1005 2699 1046 2724 leo
1058 2696 1171 2732 Massyli
1180 2715 1189 2728 ,
1203 2704 1286 2730 quum
1297 2695 1343 2720 lux
1353 2694 1429 2720 stetit
1437 2693 1514 2719 obvia
1526 2691 1589 2717 ferri
1602 2711 1610 2723 ,

953 2750 1030 2774 'runc
1042 2748 1093 2772 iras
1101 2765 1109 2778 ,
1124 2752 1187 2772 tunc
1199 2754 1272 2770 arma
1283 2745 1346 2769 citat
1357 2753 1365 2776 ς
1381 2744 1403 2769 si
1416 2742 1514 2769 decidit
1525 2741 1607 2767 hostis
1618 2759 1626 2771 ,
1636 2752 1638 2754 v

956 2799 998 2824 Ire
1004 2805 1081 2831 snper
1088 2796 1150 2823 ‚satis
1159 2800 1196 2822 est
1202 2814 1217 2825 „
1224 2795 1359 2829 vitamque
1365 2793 1510 2827 relinquere
1517 2791 1597 2817 victo.
1610 2789 1641 2814 Β.
