1884 3112
332 269 421 325 324

737 271 843 314 EPI
857 269 934 313 ST
948 269 1085 312 OLA
1132 271 1306 315 XVII.

392 358 436 410 Is
460 362 543 410 tibi
568 359 745 409 solliciti
770 379 899 408 causa
922 360 1093 408 timoris
1117 361 1212 408 erit.

329 440 429 505 Ipse
448 438 558 485 mihi
582 436 756 503 quoties
779 436 938 495 iratus,
963 435 1199 495 Adultera,
1226 436 1344 486 dices
1359 475 1372 497 ,
1431 431 1433 433 ¹

395 514 579 563 Oblitus
601 526 757 562 nostro
783 514 946 562 crimen
967 515 1109 562 inesse
1133 514 1284 570 tuum!
1312 566 1315 571 (

329 591 492 640 Delicti
509 591 587 639 fies
609 591 726 639 idem
748 590 1044 657 reprehensor
1065 602 1108 639 et
1132 602 1298 643 auctor.

393 670 548 727 Terra,
570 687 749 735 precor,
774 667 923 718 vultus
947 669 1107 725 obruat
1130 680 1229 722 ante
1253 687 1387 716 meos.

1679 695 1746 722 nau

327 747 390 795 At
411 746 533 794 fruar
555 745 699 794 Iliacis
725 745 911 812 opibus,
936 745 1145 812 cultuque
1168 739 1326 804 beat03

390 824 608 889 Donaque
632 822 863 897 promissis
887 822 1095 870 uberiora
1114 822 1262 885 feram.
1598 875 1599 878 Ἰ
1649 875 1665 878 Η

327 901 531 966 Purpura
554 918 710 965 nempe
733 899 844 946 mihi
863 899 1147 966 pretiosaque
1168 909 1285 946 texta
1309 897 1557 957 dabuntur;
1594 933 1598 966 J
1645 954 1648 958 λ
1669 935 1674 946 -.

391 979 705 1043 Congestoque
730 977 826 1025 auri
849 976 1046 1042 pondere
1071 976 1302 1024 dives'ero.
1555 970 1557 973 ¹

325 1057 395 1103 Da
417 1054 587 1103 veniam
609 1054 760 1111 sassae3
787 1072 880 1100 non
905 1065 1010 1100 sunt
1034 1065 1109 1101 tua
1132 1072 1314 1101 munera
1337 1053 1446 1111 tanti
1465 1072 1476 1100 :

1680 1067 1744 1102 225

391 1130 552 1179 Nescio
579 1143 669 1196 quo
695 1128 825 1177 tellus
849 1149 918 1177 mc
943 1141 1064 1177 tenet
1083 1130 1167 1178 ista
1189 1129 1338 1178 modo.

328 1208 443 1272 Quis
466 1208 596 1266 mihi,
620 1207 657 1255 si
677 1206 828 1265 laedar,
855 1207 1061 1274 Phrygiis
1086 1218 1312 1256 succurrat
1330 1206 1377 1253 in
1396 1206 1512 1256 oris.
1501 1205 1534 1242 '¹'

390 1287 520 1335 Unde
544 1297 690 1352 petam
713 1285 901 1333 fratres?
924 1285 1042 1333 unde
1064 1285 1262 1352 parentis
1286 1284 1452 1350 opem?

325 1364 489 1414 Omnia
511 1364 680 1421 Medeae
701 1361 833 1411 fallax
856 1362 1064 1428 promisit
1086 1365 1219 1411 Iason
1234 1381 1247 1419 ·;

387 1441 523 1490 Pulsa
545 1453 612 1489 est
636 1434 826 1496 AEsoniaj
846 1459 953 1488 num
971 1440 1118 1496 minus
1138 1438 1215 1487 illa
1239 1439 1401 1499 domo?

1624 1472 1630 1478 .
1655 1452 1744 1508 ,2302

321 1521 427 1568 Non
450 1530 542 1566 erat
560 1518 732 1574 AEetes‚
760 1516 815 1565 ad
840 1535 970 1582 quem
995 1516 1200 1583 despecta
1222 1514 1385 1563 rediret
1399 1514 1421 1578 Ιτ’

325 1639 398 1674 aliae
405 1638 574 1673 editiones
584 1638 807 1681 :quz'dpotert’s
814 1663 822 1676 ‚
837 1636 1001 1669 Beruen-

322 1691 366 1726 sis
383 1697 418 1725 et
432 1696 501 1723 tres
516 1689 570 1722 alii
588 1701 596 1722 z
613 1701 676 1732 quo
685 1691 814 1732 polerit
825 1714 835 1729 ,
855 1694 1000 1732 septem.

368 1756 444 1790 219.
475 1743 610 1775 Delicti
622 1742 694 1786 fies
721 1741 817 1773 idem.
855 1740 934 1772 Fies
964 1742 1001 1771 tu

324 1797 411 1829 idem
430 1821 438 1835 ‚
469 1792 711 1828 Intimelianus
735 1791 852 1826 codex.
877 1790 1000 1836 Eriges

323 1858 485 1888 sensum,
502 1845 529 1878 si
545 1843 764 1921 scripserisz⁰

322 1901 382 1928 Deil
385 1901 421 1925 cit
434 1899 518 1924 utfias
531 1898 571 1922 ied
559 1907 624 1922 erm
625 1906 684 1930 erep
658 1897 735 1921 rehen

325 1951 402 1985 Tan
407 1961 512 1994 quam
520 1947 563 1982 sit
574 1960 655 1981 cum
664 1944 903 1991 indignatione
913 1955 1002 1989 quae-

792 1895 942 1920 cauom-tt?

1064 1634 1252 1669 serendum
1266 1660 1275 1678 ,
1309 1633 1403 1678 quod
1426 1632 1465 1668 iu
1494 1628 1678 1672 Puteansseb
1709 1631 1747 1668 εἰ

1065 1686 1136 1720 aliis
1156 1685 1249 1720 haud
1265 1685 1382 1731 paucis
1396 1684 1524 1732 legitur
1535 1709 1554 1729 ,¹
1566 1687 1654 1729 q'psq.
1667 1683 1709 1718 L.
1723 1707 1725 1709 -

1107 1738 1181 1771 228.
1211 1737 1307 1770 [Inde
1319 1740 1434 1780 petam
1439 1734 1577 1780 fratris.
1587 1735 1742 1775 Fratres,

1063 1789 1212 1823 meliora
1224 1788 1452 1833 exemplaria.
1459 1787 1615 1823 alterum
1624 1794 1745 1824 tamen

1063 1841 1222 1885 latinius,
1247 1848 1282 1876 et
1304 1840 1378 1885 jam
1398 1853 1418 1874 a
1441 1839 1593 1888 Lyncaeo
1625 1839 1746 1874 'nter-

1065 1895 1174 1928 sectus
1192 1900 1266 1927 erat
1280 1892 1429 1927 Castor.
1447 1891 1508 1926 sed
1519 1880 1625 1926 offen
1642 1890 1670 1925 it
1682 1902 1747 1925 να-

1066 1946 1145 1981 calis
1159 1945 1320 1980 ultimam
1334 1943 1506 1989 excipiens
1523 1941 1717 1990 syllabam'
1703 1953 1746 1977 m

327 2003 448 2038 rentis.
458 2002 592 2035 HEINS.
603 2001 687 2033 Fz‘as
699 1999 786 2032 idem
794 1998 1007 2041 reprehensor
1057 1998 1205 2043 fratris,
1234 1997 1329 2042 quod
1345 1996 1424 2031 alibi
1446 1995 1511 2030 hac
1533 1994 1747 2040 pentametri

325 2059 366 2091 ut
378 2058 515 2094 auctor,
539 2051 675 2098 legebat
689 2049 865 2084 Francius.

377 2108 450 2150 224.
487 2107 713 2148 Congestoque
743 2105 821 2136 auri
844 2102 1002 2145 pondere.

329 2160 495 2204 Quatuor
518 2156 671 2202 codices,
695 2156 878 2198 congesti:
903 2152 1003 2186 male.

289 2242 293 2244 .
329 2212 392 2247 Est
424 2209 615 2255 Virgiliana
644 2206 791 2241 imitatio
805 2221 813 2248 ;
840 2217 854 2239 1
872 2232 880 2250 ‚
917 2206 1005 2252 359:

324 2266 477 2308 Ignotum
489 2263 624 2304 argenti
630 2261 764 2303 pondus
781 2263 817 2292 et
829 2260 924 2300 aurt',·
946 2256 1006 2291 ubi

326 2320 445 2360 ingens
461 2313 517 2348 alii
530 2312 673 2347 codices.
691 2311 821 2345 Bmm.

371 2367 448 2402 226.
458 2366 517 2400 Me
534 2368 627 2398 tenet
638 2366 707 2397 ista
722 2364 828 2397 modo.
841 2362 923 2406 Ipsa
930 2361 1006 2395 Pu-

327 2426 485 2461 teaneus,
501 2416 625 2461 aliique
639 2414 734 2449 haud
750 2413 859 2459 pauci.
872 2413 1003 2456 HEINS.

329 2491 374 2497 -
387 2472 471 2504 Hoec
484 2473 572 2503 terra
581 2466 770 2502 dicendum
786 2465 904 2500 suisset
914 2491 923 2507 ,
941 2464 1005 2508 ju-

330 2523 404 2557 dice
423 2521 590 2561 Franeio,
611 2519 671 2564 qui
688 2517 769 2553 ideo
787 2517 921 2562 legebat
938 2527 946 2550 :

361 2578 457 2605 'Nescio
471 2585 523 2611 quo
537 2581 611 2600 ten-m
626 2580 716 2607 tangor
729 2581 814 2598 amore
826 2581 896 2596 meae.

331 2626 403 2662 Sed
419 2626 486 2660 hoc
503 2631 554 2659 est
570 2623 726 2658 carmina
741 2634 802 2656 sua
825 2633 889 2666 pro
917 2619 1007 2655 Ovi-

331 2678 441 2713 dianis
457 2676 657 2711 obtrudere.
673 2676 750 2709 Ista
760 2680 811 2708 est
822 2699 832 2717 ,
846 2684 950 2717 quam
967 2679 1007 2705 tu

331 2729 545 2772 contemnis,
571 2736 605 2763 et
629 2728 813 2763 barbaram
843 2725 935 2760 dicis.
962 2725 1006 2760 B·

331 2782 455 2819 Nescio
472 2793 515 2816 an
532 2780 636 2825 paulo
648 2779 778 2816 durius.
795 2779 900 2814 Forte
917 2790 1007 2822 prae-

1066 2049 1147 2089 sede
1160 2063 1179 2084 a
1189 2050 1329 2085 Nasone
1339 2049 1469 2090 factum
1478 2060 1553 2089 non
1563 2046 1741 2091 recordor.

1069 2103 1117 2145 H.
1133 2120 1177 2128 ·—-
1203 2100 1351 2138 Dubitat
1370 2097 1485 2143 nullus
1506 2097 1560 2147 Cl-
1586 2092 1746 2150 Leniigp.

1069 2154 1152 2199 quin
1173 2153 1303 2188 ovidio
1326 2152 1382 2186 hic
1399 2151 1598 2198 obversatus
1622 2158 1748 2193 occur·-

1068 2206 1154 2240 rerit
1177 2204 1408 2239 nobilissimus
1442 2201 1594 2241 Homeri
1626 2200 1720 2239 locus
1733 2227 1744 2246 ,

1072 2257 1168 2291 Iliad.
1186 2263 1223 2300 r,
1239 2256 1322 2299 236,
1339 2255 1399 2290 ubi
1417 2255 1511 2290 inter
1529 2252 1746 2306 Achivorum

1069 2309 1241 2354 principes
1256 2334 1265 2352 ‚
1284 2320 1369 2352 quos
1385 2313 1485 2342 notat
1500 2313 1539 2349 et
1552 2302 1715 2350 recenset
1725 2317 1745 2340 e

1070 2361 1244 2401 moenibus
1265 2360 1406 2404 Trojae,
1426 2360 1550 2397 fratres
1563 2353 1650 2394 suos
1659 2356 1744 2398 He-

1069 2414 1149 2450 lena
1166 2411 1625 2448 desiderat..
1723 2444 1725 2446 ,

1071 2469 1150 2500 Δοιὼ
1160 2464 1221 2500 6⁹02}
1231 2467 1363 2509 δἰέναμαι
1372 2464 1462 2499 ἰδέειν
1476 2466 1640 2512 κοσμήτορι
1650 2466 1742 2503 λαῶν,

1070 2518 1198 2560 Κάςοροὶ
1213 2516 1239 2552 τ’
1259 2518 1426 2560 ἱππόδαμον
1442 2541 1452 2560 ,
1480 2520 1533 2552 καὶ
1557 2518 1614 2560 πὺξ
1635 2513 1743 2559 ἆγαθᾶν

1157 2571 1360 2612 Πολυδεύκεα,

1071 2614 1326 2666 Αυτσκασιγνήτῳ
1343 2646 1354 2664 ,
1385 2621 1428 2655 τώ
1454 2635 1510 2664 μοι
1535 2623 1594 2664 μία
1625 2621 1742 2664 γείνατε

1158 2677 1216 2718 μή·
1224 2690 1259 2714 η

1115 2726 1190 2760 231.
1205 2690 1393 2769 Dfespecta.
1421 2724 1593 2767 Depulsa‚
1621 2721 1742 2755 Lova—

1071 2778 1210 2812 niensis.
1228 2777 1395 2821 Dqucta
1410 2774 1566 2810 Moreti:
1582 2772 1743 2819 quodve·
