1884 3112
479 273 837 319 DEJANIRA
874 272 1212 319 HERCULI.

204 365 358 423 Fama,
382 365 526 414 virum
550 366 710 415 tunicae
733 367 1001 434 tabepperire
1025 386 1144 416 meae.

134 436 222 492 Hei
243 442 376 491 mihi!
404 443 515 512 quid
537 444 653 493 feci?
679 464 769 511 quo
792 464 861 494 me
885 445 1011 494 furor
1032 445 1126 508 egit
1148 445 1399 494 amantem?

199 521 343 588 Impia
366 521 476 588 quid
500 521 679 571 dubitas
702 523 913 572 Deianira
935 523 1085 572 mori?

132 599 208 649 An
232 611 336 649 tuus
359 600 407 648 in
429 600 575 650 media
597 601 760 667 conjux
781 600 1047 654 lacerabitur
1071 601 1221 650 OEta?

185 678 293 736 Tu,
320 677 496 728 sceleris
520 679 632 727 tanti
657 698 806 737 causa,
833 691 1058 746 superstes
1080 680 1197 728 eris?

135 753 186 803 Si
210 754 320 822 quid
341 755 486 805 adhuc
507 755 652 805 habeo
675 755 802 814 facti,
829 775 908 804 cur
929 755 1136 805 Herculis
1160 774 1273 804 uxor

203 832 393 891 Credar3
419 833 617 899 conjugii
636 852 755 882 mors
777 832 890 881 mihi
911 833 1077 900 pignus
1101 833 1197 882 erit.

1482 277 1564 339 187

1503 458 1565 505 145

1508 845 1569 880 150

137 909 211 958 Tu
234 928 414 977 quoque
439 929 680 973 cognosces
698 911 746 959 in
768 930 858 969 me,
884 910 1135 974 Meleagre,
1161 930 1372 960 sororem.

193 987 337 1054 Impia
359 987 469 1054 quid
487 987 665 1037 dubitas
689 988 903 1038 De'l'anira
921 988 1070 1037 mori?

134 1063 238 1115 Heu
261 1062 420 1113 devota
443 1063 625 1120 domus!
650 1064 765 1114 solio
790 1064 915 1114 sedet
932 1065 1099 1128 Agrios
1123 1063 1214 1113 alto
1235 1083 1246 1112 :

195 1140 352 1190 OEnea
375 1140 745 1203 desertumnuda
773 1155 947 1192 senecta
969 1142 1159 1209 premit:

129 1216 295 1267 Exulat
317 1218 485 1282 ignotis
508 1220 687 1287 Tydeus
711 1240 944 1284 germanus
966 1221 1014 1268 in
1035 1220 1124 1268 oris
1142 1240 1152 1268 :

130 1351 229 1391 post,
250 1343 317 1393 9¹5
333 1350 370 1380 et
384 1358 457 1391 sqq.
470 1371 480 1389 ‚
497 1345 646 1380 nuntius
661 1344 819 1381 adfertur

131 1395 246 1443 gladio
261 1396 367 1432 ictam
383 1404 419 1432 et
434 1397 574 1443 propria
594 1410 706 1433 manu
730 1411 819 1434 con-

131 1447 263 1484 cidisse.
282 1448 374 1494 Quis
390 1448 526 1485 dubitet
547 1450 633 1495 quin
650 1450 819 1496 eloquens

131 1499 222 1536 adeo
237 1501 436 1546 silentium,
457 1502 593 1537 animos
609 1502 724 1537 multo
745 1516 819 1549 po—

130 1553 265 1588 tentius
291 1562 534 1598 commoveat,
564 1568 671 1600 quam
691 1555 753 1600 qui
780 1555 818 1590 in

130 1605 245 1641 verbis
264 1612 358 1641 totus
378 1606 573 1641 effunditur
598 1607 699 1642 dolor
712 1607 729 1642 ἲ

178 1659 251 1703 144.
265 1660 379 1694 Ve‘mm
389 1661 513 1694 tunica
519 1661 715 1704 laba-perire
724 1673 818 1696 meae.

135 1710 230 1745 Tabe
252 1717 447 1757 reponatur
469 1724 510 1746 ex
534 1711 737 1747 melioribus
765 1712 816 1747 li—

129 1761 234 1799 bris:
254 1762 436 1808 quomodo
460 1770 497 1799 et
525 1770 708 1809 peccatum
734 1763 816 1812 Cy-

129 1813 252 1860 dippes
265 1815 432 1861 Epistola,
443 1815 496 1851 50.
511 1816 646 1853 Seneca
653 1816 697 1852 de
707 1818 817 1853 Herc.

131 1865 232 1902 Med.
246 1867 339 1912 640·
330 1895 339 1903 .

194 1927 311 1954 habuit
323 1928 400 1954 mi·
417 1937 465 1953 nn
476 1928 594 1954 membra
606 1928 718 1954 flammis

199 1977 276 2004 Tabe
287 1982 455 2012 eon-umptuu
474 1978 576 2011 gemina
589 1979 687 2011 prioris

458 2028 570 2053 Munere
588 2033 686 2060 nuptoe.

133 2075 188 2113 Ita
201 2074 290 2111 liber
301 2075 470 2112 Etruscus
484 2089 492 2111 :
506 2080 643 2122 gcmina
657 2078 752 2118 tabe,
767 2083 820 2111 tu-

133 2127 213 2164 nica
228 2135 403 2164 venenata
419 2136 455 2164 et
471 2142 559 2175 rogo
578 2129 696 2164 OEtaeo
708 2144 716 2171 ς
728 2133 825 2174 pn'or

133 2180 585 2228 nuplaDeianira,respectu
595 2182 817 2227 Ioles‚1dem‚

136 2232 294 2268 Hercule
315 2233 434 2269 OEtaeo
448 2261 459 2278 ‚
484 2235 568 2281 716:

194 2293 235 2318 Ut
244 2293 324 2319 niu·
333 2294 403 2327 pull·
412 2300 452 2320 est
461 2314 470 2327 ,
481 2295 540 2320 tabe
550 2295 649 2321 Nessea
660 2295 735 2321 illita.
746 2296 783 2321 Η.

181 2342 254 2385 145.
276 2343 350 2386 Quo
362 2356 414 2377 me
417 2343 527 2388 sutor.
540 2345 672 2390 Regius
687 2344 797 2384 codex
808 2371 818 2388 ‚

130 2397 206 2440 qm}
219 2407 272 2428 me
278 2394 388 2439 sutor,
407 2395 600 2442 elegantius
619 2396 732 2431 multo
745 2423 755 2440 ,
780 2403 820 2431 ut

133 2454 230 2493 puto.
245 2447 377 2483 Bmuu.

181 2500 253 2545 148.
284 2502 336 2535 Τιι
356 2502 495 2535 sceleris
522 2504 617 2535 lanli
632 2515 739 2536 causa
759 2514 821 2536 su—

127 2558 262 2599 pentes
279 2557 357 2588 enlr.
387 2555 473 2588 Viva
493 2558 664 2598 superstes
687 2555 819 2589 Putea-

133 2618 223 2642 neus
237 2613 273 2641 et
288 2605 390 2640 multi
407 2606 472 2640 alii.
494 2606 601 2640 Forte
621 2618 629 2640 :

166 2665 212 2690 Tu
225 2666 315 2690 sceleri
328 2671 400 2691 tanto
411 2666 472 2691 viva
487 2671 617 2699 superstes
627 2667 678 2691 eris
687 2666 701 2691 7
715 2667 752 2690 Η.

182 2714 254 2749 153.
282 2715 375 2749 Solio
402 2716 501 2749 sedet
520 2718 636 2750 acn‘or
655 2718 737 2750 allo.
766 2716 820 2750 Ita

135 2765 241 2812 vulgo
264 2766 409 2812 quidem
432 2767 559 2812 legitur
573 2794 582 2810 ,
609 2768 703 2802 nulla
726 2774 821 2802 certe

137 2818 310 2853 sententia
328 2819 439 2854 :mihi
455 2832 539 2854 vero
556 2819 745 2865 legendum
761 2820 821 2854 vi·-

1508 1235 1569 1270 155

884 1345 1008 1391 detur,
1033 1347 1121 1380 sollo
1145 1346 1246 1380 sedet
1264 1344 1390 1390 Agn'os
1409 1347 1492 1380 allo,
1518 1345 1573 1381 Ut

883 1398 1117 1444 intelligamus
1134 1397 1283 1444 Agrium
1295 1424 1304 1441 ,
1331 1404 1411 1443 post
1434 1397 1570 1443 disper-

880 1464 956 1486 sam
967 1450 1077 1485 OEnei
1088 1449 1250 1494 domum,
1267 1449 1406 1485 AEtoliae
1415 1463 1570 1496 regnum

881 1513 1065 1549 occupasse
1075 1529 1085 1544 ,
1104 1515 1253 1548 eamque
1268 1515 1346 1541 rem
1359 1502 1570 1547 Deianiram

880 1555 975 1590 inter
989 1562 1104 1591 cetera
1119 1555 1210 1589 mala
1230 1561 1267 1589 et
1289 1554 1483 1589 infortunia
1507 1568 1571 1600 ge-

880 1608 976 1643 neris
989 1621 1028 1643 ac
1047 1607 1168 1654 patriae
1182 1619 1255 1642 suae
1270 1619 1453 1641 recensere
1471 1619 1480 1640 ε
1496 1608 1571 1642 sue·

880 1668 967 1695 runt
989 1667 1108 1695 autem
1131 1661 1256 1695 fratres
1280 1658 1409 1705 Agrius
1424 1686 1433 1703 ,
1457 1659 1571 1694 Melas

881 1720 918 1748 et
945 1713 1107 1755 OEneus;
1137 1719 1176 1747 ut
1198 1725 1239 1747 ex
1264 1712 1427 1746 Homero
1446 1717 1542 1757 patet
1557 1738 1567 1755 ,

882 1765 981 1800 Iliad.
989 1768 1027 1810 Ξ,
1041 1779 1055 1800 1
1063 1768 1114 1800 15.
1124 1763 1428 1800 M1CYLL.-—Felix
1435 1770 1470 1798 et
1477 1770 1573 1798 certa

882 1818 1095 1854 emendatio.
1118 1818 1290 1853 Thersitae
1318 1823 1457 1863 patrem
1489 1816 1571 1851 facit

883 1870 1000 1905 Tzetz.
1021 1870 1169 1905 Chiliad.
1185 1881 1256 1904 vul
1269 1896 1278 1914 ,
1305 1883 1334 1904 c.
1363 1871 1422 1904 151
1442 1876 1479 1903 et
1497 1869 1570 1903 153.

883 1922 1012 1969 Agrius
1033 1922 1135 1967 ejecit
1161 1922 1281 1956 OEnea
1297 1934 1409 1967 regno
1425 1947 1434 1964 ‚
1463 1934 1571 1966 quem

883 1975 1011 2010 deinde
1022 2002 1031 2019 ,
1045 1975 1230 2010 interfecto
1243 1974 1365 2020 Agri0‚
1376 1972 1570 2008 Diomedes

884 2028 960 2072 ejus
969 2040 1079 2073 nepos
1090 2027 1250 2062 restituit.
1262 2026 1347 2061 Ant.
1355 2025 1503 2061 Liberal.
1513 2026 1569 2072 37;

883 2087 919 2115 et
938 2080 1101 2127 Hyginus
1116 2107 1125 2124 ‚
1160 2089 1297 2122 CLXXV,
1329 2078 1480 2124 Agrium
1496 2080 1572 2124 eje-

883 2133 966 2168 cisse
984 2133 1102 2167 OEnea
1119 2131 1220 2175 dicit,
1238 2144 1350 2177 quum
1368 2130 1503 2165 videret
1517 2143 1571 2165 or-

883 2186 990 2227 bum;
1019 2184 1080 2220 sed
1104 2184 1253 2231 Agrium
1274 2197 1310 2219 se
1327 2184 1443 2230 ipsum
1459 2183 1573 2218 inter-

882 2238 1002 2273 fecisse
1023 2236 1120 2272 addit
1135 2263 1145 2281 ,
1170 2236 1265 2282 quod
1286 2243 1322 2272 et
1338 2236 1466 2282 repetit
1478 2262 1488 2280 ‚
1508 2236 1572 2271 Fa-

883 2290 954 2325 bul.
970 2300 1105 2325 ccxmr.
1128 2289 1258 2325 Bumvx.

933 2344 1005 2386 154.
1030 2343 1150 2387 Longa
1161 2346 1302 2377 senecia
1308 2345 1442 2388 premit.
1469 2341 1572 2375 Nuda

884 2394 963 2430 libri
981 2401 1138 2438 veteres,
1164 2402 1199 2430 et
1219 2402 1314 2430 recte
1343 2406 1352 2429 z
1375 2394 1424 2429 sic
1438 2397 1570 2437 inopem

885 2448 965 2483 alibi
980 2455 1014 2482 et
1027 2461 1165 2492 egenam
1182 2454 1283 2482 vocat
1298 2453 1488 2482 senectam.
1503 2446 1527 2480 J
1531 2458 1574 2479 u-

885 2501 1034 2544 venalis,
1057 2500 1161 2536 Satir.
1185 2511 1240 2535 vn
1253 2527 1263 2545 ,
1281 2500 1344 2535 35:

1151 2579 1182 2586 ...
1200 2562 1276 2586 Tunc
1287 2568 1366 2594 seque
1380 2568 1506 2592 suamque

885 2612 1075 2645 Terpsichoren
1087 2611 1142 2636 odit
1150 2610 1263 2635 facunda
1273 2616 1298 2634 et
1307 2609 1378 2634 nuda
1390 2613 1519 2634 senectus.
1530 2607 1568 2633 Η.

935 2676 946 2696 1
954 2664 972 2696 5
977 2663 1005 2695 5.
1016 2663 1155 2696 Exulat.
1160 2687 1177 2694 ..
1186 2661 1318 2706 Tydeus
1323 2670 1502 2703 germanus
1508 2664 1573 2692 etc.

889 2714 1015 2759 Quum
1038 2713 1135 2748 enim
1158 2712 1403 2757 Menalippum
1424 2711 1568 2744 fratrem

887 2766 1031 2814 Tydeus
1054 2765 1261 2812 imprudens
1277 2763 1456 2799 occidisset
1470 2789 1479 2807 ,
1500 2775 1571 2808 pa—

887 2820 954 2854 tria
969 2825 1093 2865 sponte
1112 2817 1260 2853 exulavit
1272 2843 1283 2860 ‚
1307 2823 1341 2851 et
1358 2816 1470 2861 Argos
1483 2826 1571 2851 con-
