<?xml version="1.0" encoding="UTF-8"?>
<!DOCTYPE html PUBLIC "-//W3C//DTD XHTML 1.0 Transitional//EN"
    "http://www.w3.org/TR/xhtml1/DTD/xhtml1-transitional.dtd">
<html xmlns="http://www.w3.org/1999/xhtml" xml:lang="en" lang="en">
 <head>
  <title>
</title>
<meta http-equiv="Content-Type" content="text/html;charset=utf-8" />
  <meta name='ocr-system' content='tesseract 3.04.00' />
  <meta name='ocr-capabilities' content='ocr_page ocr_carea ocr_par ocr_line ocrx_word'/>
</head>
<body>
  <div class='ocr_page' id='page_1' title='image "./quaeextantomniao01oviduoft_0197.png"; bbox 0 0 1884 3112; ppageno 0'>
   <div class='ocr_carea' id='block_1_1' title="bbox 0 1405 24 2391">
    <p class='ocr_par' dir='ltr' id='par_1_1' title="bbox 0 1405 24 2391">
     <span class='ocr_line' id='line_1_1' title="bbox 0 1405 24 2391; baseline 0 0"><span class='ocrx_word' id='word_1_1' title='bbox 0 1405 24 2391; x_wconf 95' lang='lat' dir='ltr'><strong> </strong></span> 
     </span>
    </p>
   </div>
   <div class='ocr_carea' id='block_1_2' title="bbox 667 194 676 214">
    <p class='ocr_par' dir='ltr' id='par_1_2' title="bbox 667 194 676 214">
     <span class='ocr_line' id='line_1_2' title="bbox 667 194 676 214; baseline 0 0"><span class='ocrx_word' id='word_1_2' title='bbox 667 194 676 214; x_wconf 71' lang='grc'>1</span> 
     </span>
    </p>
   </div>
   <div class='ocr_carea' id='block_1_3' title="bbox 0 0 142 1238">
    <p class='ocr_par' dir='ltr' id='par_1_3' title="bbox 0 0 142 1238">
     <span class='ocr_line' id='line_1_3' title="bbox 0 0 142 1238; baseline 0 0"><span class='ocrx_word' id='word_1_3' title='bbox 0 0 142 1238; x_wconf 95' lang='lat' dir='ltr'><strong> </strong></span> 
     </span>
    </p>
   </div>
   <div class='ocr_carea' id='block_1_4' title="bbox 504 284 1212 332">
    <p class='ocr_par' dir='ltr' id='par_1_4' title="bbox 504 284 1212 332">
     <span class='ocr_line' id='line_1_4' title="bbox 504 284 1212 332; baseline 0.004 -3"><span class='ocrx_word' id='word_1_4' title='bbox 504 284 878 331; x_wconf 89' lang='lat' dir='ltr'><strong>HERMIONE</strong></span> <span class='ocrx_word' id='word_1_5' title='bbox 919 287 1212 332; x_wconf 81' lang='lat' dir='ltr'><strong>ORESTAE.</strong></span> 
     </span>
    </p>
   </div>
   <div class='ocr_carea' id='block_1_5' title="bbox 111 372 1589 1204">
    <p class='ocr_par' dir='ltr' id='par_1_5' title="bbox 111 372 1589 1204">
     <span class='ocr_line' id='line_1_5' title="bbox 218 372 1574 446; baseline 0.005 -24"><span class='ocrx_word' id='word_1_6' title='bbox 218 372 304 423; x_wconf 86' lang='lat' dir='ltr'><strong>Cui</strong></span> <span class='ocrx_word' id='word_1_7' title='bbox 325 375 400 442; x_wconf 91' lang='lat' dir='ltr'><strong>pia</strong></span> <span class='ocrx_word' id='word_1_8' title='bbox 421 374 590 425; x_wconf 85' lang='lat' dir='ltr'><strong>militiae</strong></span> <span class='ocrx_word' id='word_1_9' title='bbox 613 397 743 427; x_wconf 87' lang='lat' dir='ltr'><strong>causa</strong></span> <span class='ocrx_word' id='word_1_10' title='bbox 765 378 912 446; x_wconf 87' lang='lat' dir='ltr'><strong>puella</strong></span> <span class='ocrx_word' id='word_1_11' title='bbox 933 379 1031 428; x_wconf 85' lang='lat' dir='ltr'><strong>fuit.</strong></span> <span class='ocrx_word' id='word_1_12' title='bbox 1533 407 1574 429; x_wconf 71' lang='lat'><strong>20</strong></span> 
     </span>
     <span class='ocr_line' id='line_1_6' title="bbox 151 449 1136 515; baseline 0.005 -15"><span class='ocrx_word' id='word_1_13' title='bbox 151 449 201 500; x_wconf 85' lang='lat' dir='ltr'><strong>Si</strong></span> <span class='ocrx_word' id='word_1_14' title='bbox 223 468 349 502; x_wconf 88' lang='lat' dir='ltr'><strong>socer</strong></span> <span class='ocrx_word' id='word_1_15' title='bbox 370 452 554 515; x_wconf 85' lang='lat' dir='ltr'><strong>ignavus</strong></span> <span class='ocrx_word' id='word_1_16' title='bbox 578 455 710 504; x_wconf 85' lang='lat' dir='ltr'><strong>vidua</strong></span> <span class='ocrx_word' id='word_1_17' title='bbox 732 456 918 505; x_wconf 89' lang='lat' dir='ltr'><strong>sedisset</strong></span> <span class='ocrx_word' id='word_1_18' title='bbox 938 456 987 505; x_wconf 86' lang='lat' dir='ltr'><strong>in</strong></span> <span class='ocrx_word' id='word_1_19' title='bbox 1009 455 1136 514; x_wconf 79' lang='lat' dir='ltr'><strong>aula,‘</strong></span> 
     </span>
     <span class='ocr_line' id='line_1_7' title="bbox 214 529 1180 595; baseline 0.002 -17"><span class='ocrx_word' id='word_1_20' title='bbox 214 529 370 595; x_wconf 85' lang='lat' dir='ltr'><strong>Nupta</strong></span> <span class='ocrx_word' id='word_1_21' title='bbox 390 529 506 579; x_wconf 81' lang='lat' dir='ltr'><strong>foret</strong></span> <span class='ocrx_word' id='word_1_22' title='bbox 527 531 678 580; x_wconf 85' lang='lat' dir='ltr'><strong>Paridi</strong></span> <span class='ocrx_word' id='word_1_23' title='bbox 701 544 859 591; x_wconf 85' lang='lat' dir='ltr'><strong>mater,</strong></span> <span class='ocrx_word' id='word_1_24' title='bbox 885 544 938 580; x_wconf 89' lang='lat' dir='ltr'><strong>ut</strong></span> <span class='ocrx_word' id='word_1_25' title='bbox 960 545 1060 581; x_wconf 82' lang='lat' dir='ltr'><strong>ante</strong></span> <span class='ocrx_word' id='word_1_26' title='bbox 1081 533 1180 581; x_wconf 87' lang='lat' dir='ltr'><strong>fuit.</strong></span> 
     </span>
     <span class='ocr_line' id='line_1_8' title="bbox 111 603 1223 676; baseline 0.003 -21"><span class='ocrx_word' id='word_1_27' title='bbox 111 603 115 606; x_wconf 17' lang='grc' dir='ltr'><strong><em>Δ</em></strong></span> <span class='ocrx_word' id='word_1_28' title='bbox 152 605 246 656; x_wconf 87' lang='lat' dir='ltr'><strong>Nec</strong></span> <span class='ocrx_word' id='word_1_29' title='bbox 271 618 321 655; x_wconf 91' lang='lat' dir='ltr'><strong>tu</strong></span> <span class='ocrx_word' id='word_1_30' title='bbox 345 607 465 656; x_wconf 89' lang='lat' dir='ltr'><strong>mille</strong></span> <span class='ocrx_word' id='word_1_31' title='bbox 485 617 608 657; x_wconf 86' lang='lat' dir='ltr'><strong>rates</strong></span> <span class='ocrx_word' id='word_1_32' title='bbox 626 609 892 676; x_wconf 83' lang='lat' dir='ltr'>sinuosaque</span> <span class='ocrx_word' id='word_1_33' title='bbox 916 609 1011 658; x_wconf 85' lang='lat' dir='ltr'><strong>vela</strong></span> <span class='ocrx_word' id='word_1_34' title='bbox 1034 610 1223 676; x_wconf 79' lang='lat' dir='ltr'><strong>pararis3</strong></span> 
     </span>
     <span class='ocr_line' id='line_1_9' title="bbox 211 685 1155 752; baseline 0.002 -20"><span class='ocrx_word' id='word_1_35' title='bbox 211 685 304 733; x_wconf 86' lang='lat' dir='ltr'><strong>Nec</strong></span> <span class='ocrx_word' id='word_1_36' title='bbox 326 705 534 735; x_wconf 87' lang='lat' dir='ltr'><strong>numeros</strong></span> <span class='ocrx_word' id='word_1_37' title='bbox 558 687 701 747; x_wconf 80' lang='lat' dir='ltr'><strong>Danai</strong></span> <span class='ocrx_word' id='word_1_38' title='bbox 720 686 874 735; x_wconf 84' lang='lat' dir='ltr'><strong>militis</strong></span> <span class='ocrx_word' id='word_1_39' title='bbox 895 706 905 734; x_wconf 72' lang='grc' dir='ltr'>ε</span> <span class='ocrx_word' id='word_1_40' title='bbox 925 686 1021 752; x_wconf 88' lang='lat' dir='ltr'><strong>ipse</strong></span> <span class='ocrx_word' id='word_1_41' title='bbox 1042 687 1155 734; x_wconf 89' lang='lat' dir='ltr'><strong>veni.</strong></span> 
     </span>
     <span class='ocr_line' id='line_1_10' title="bbox 149 759 1589 830; baseline 0.005 -22"><span class='ocrx_word' id='word_1_42' title='bbox 149 759 224 810; x_wconf 89' lang='lat' dir='ltr'><strong>Sic</strong></span> <span class='ocrx_word' id='word_1_43' title='bbox 247 780 424 830; x_wconf 81' lang='lat' dir='ltr'><strong>quoque</strong></span> <span class='ocrx_word' id='word_1_44' title='bbox 448 782 565 811; x_wconf 86' lang='lat' dir='ltr'><strong>eram</strong></span> <span class='ocrx_word' id='word_1_45' title='bbox 586 763 824 830; x_wconf 86' lang='lat' dir='ltr'><strong>repetenda</strong></span> <span class='ocrx_word' id='word_1_46' title='bbox 849 775 993 811; x_wconf 86' lang='lat' dir='ltr'><strong>tamen</strong></span> <span class='ocrx_word' id='word_1_47' title='bbox 1013 783 1022 810; x_wconf 93' lang='lat'><strong>:</strong></span> <span class='ocrx_word' id='word_1_48' title='bbox 1042 782 1124 812; x_wconf 88' lang='lat' dir='ltr'><strong>nec</strong></span> <span class='ocrx_word' id='word_1_49' title='bbox 1147 775 1275 830; x_wconf 84' lang='lat' dir='ltr'><strong>turpe</strong></span> <span class='ocrx_word' id='word_1_50' title='bbox 1298 766 1477 824; x_wconf 79' lang='lat' dir='ltr'><strong>marito,</strong></span> <span class='ocrx_word' id='word_1_51' title='bbox 1533 766 1589 815; x_wconf 55' lang='lat'><strong>25&#39;</strong></span> 
     </span>
     <span class='ocr_line' id='line_1_11' title="bbox 214 840 1074 908; baseline 0.001 -20"><span class='ocrx_word' id='word_1_52' title='bbox 214 840 386 908; x_wconf 89' lang='lat' dir='ltr'><strong>Aspera</strong></span> <span class='ocrx_word' id='word_1_53' title='bbox 406 861 490 908; x_wconf 89' lang='lat' dir='ltr'><strong>pro</strong></span> <span class='ocrx_word' id='word_1_54' title='bbox 515 861 616 890; x_wconf 89' lang='lat' dir='ltr'><strong>caro</strong></span> <span class='ocrx_word' id='word_1_55' title='bbox 641 840 758 890; x_wconf 89' lang='lat' dir='ltr'><strong>bella</strong></span> <span class='ocrx_word' id='word_1_56' title='bbox 782 841 936 891; x_wconf 87' lang='lat' dir='ltr'><strong>tulisse</strong></span> <span class='ocrx_word' id='word_1_57' title='bbox 961 853 1074 889; x_wconf 88' lang='lat' dir='ltr'><strong>toro.</strong></span> 
     </span>
     <span class='ocr_line' id='line_1_12' title="bbox 149 916 1363 986; baseline 0.004 -21"><span class='ocrx_word' id='word_1_58' title='bbox 149 916 275 980; x_wconf 80' lang='lat' dir='ltr'><strong>Quid</strong></span> <span class='ocrx_word' id='word_1_59' title='bbox 289 955 301 976; x_wconf 93' lang='lat'><strong>‚</strong></span> <span class='ocrx_word' id='word_1_60' title='bbox 329 919 451 985; x_wconf 90' lang='lat' dir='ltr'><strong>quod</strong></span> <span class='ocrx_word' id='word_1_61' title='bbox 472 938 579 967; x_wconf 85' lang='lat' dir='ltr'><strong>avus</strong></span> <span class='ocrx_word' id='word_1_62' title='bbox 601 919 736 967; x_wconf 85' lang='lat' dir='ltr'><strong>nobis</strong></span> <span class='ocrx_word' id='word_1_63' title='bbox 760 918 877 968; x_wconf 86' lang='lat' dir='ltr'><strong>idem</strong></span> <span class='ocrx_word' id='word_1_64' title='bbox 901 918 1139 986; x_wconf 82' lang='lat' dir='ltr'>Pelopeius</span> <span class='ocrx_word' id='word_1_65' title='bbox 1163 920 1363 970; x_wconf 84' lang='lat' dir='ltr'>Atreus?</span> 
     </span>
     <span class='ocr_line' id='line_1_13' title="bbox 213 994 1148 1055; baseline 0.002 -13"><span class='ocrx_word' id='word_1_66' title='bbox 213 995 274 1042; x_wconf 90' lang='lat' dir='ltr'><strong>Et</strong></span> <span class='ocrx_word' id='word_1_67' title='bbox 296 994 333 1042; x_wconf 87' lang='lat' dir='ltr'><strong>si</strong></span> <span class='ocrx_word' id='word_1_68' title='bbox 356 1014 449 1044; x_wconf 90' lang='lat' dir='ltr'><strong>non</strong></span> <span class='ocrx_word' id='word_1_69' title='bbox 473 1014 590 1044; x_wconf 90' lang='lat' dir='ltr'><strong>esses</strong></span> <span class='ocrx_word' id='word_1_70' title='bbox 613 996 681 1044; x_wconf 88' lang='lat' dir='ltr'><strong>vir</strong></span> <span class='ocrx_word' id='word_1_71' title='bbox 702 996 836 1055; x_wconf 88' lang='lat' dir='ltr'><strong>mihi,</strong></span> <span class='ocrx_word' id='word_1_72' title='bbox 861 995 996 1044; x_wconf 85' lang='lat' dir='ltr'><strong>frater</strong></span> <span class='ocrx_word' id='word_1_73' title='bbox 1017 997 1148 1045; x_wconf 81' lang='lat' dir='ltr'><strong>eras?</strong></span> 
     </span>
     <span class='ocr_line' id='line_1_14' title="bbox 145 1070 1239 1138; baseline 0.004 -19"><span class='ocrx_word' id='word_1_74' title='bbox 145 1070 252 1130; x_wconf 78' lang='lat' dir='ltr'><strong>Vir,</strong></span> <span class='ocrx_word' id='word_1_75' title='bbox 276 1091 458 1138; x_wconf 86' lang='lat' dir='ltr'>precor,</span> <span class='ocrx_word' id='word_1_76' title='bbox 483 1073 633 1130; x_wconf 70' lang='lat' dir='ltr'><strong>uirori3</strong></span> <span class='ocrx_word' id='word_1_77' title='bbox 658 1072 813 1131; x_wconf 86' lang='lat' dir='ltr'><strong>frater,</strong></span> <span class='ocrx_word' id='word_1_78' title='bbox 840 1092 1044 1123; x_wconf 88' lang='lat' dir='ltr'><strong>succurre</strong></span> <span class='ocrx_word' id='word_1_79' title='bbox 1069 1075 1239 1123; x_wconf 84' lang='lat' dir='ltr'><strong>sorori:</strong></span> 
     </span>
     <span class='ocr_line' id='line_1_15' title="bbox 211 1149 1578 1204; baseline 0.002 -6"><span class='ocrx_word' id='word_1_80' title='bbox 211 1150 388 1198; x_wconf 83' lang='lat' dir='ltr'><strong>Instant</strong></span> <span class='ocrx_word' id='word_1_81' title='bbox 413 1149 766 1201; x_wconf 83' lang='lat' dir='ltr'><strong>officionomina</strong></span> <span class='ocrx_word' id='word_1_82' title='bbox 788 1150 897 1199; x_wconf 87' lang='lat' dir='ltr'><strong>bina</strong></span> <span class='ocrx_word' id='word_1_83' title='bbox 920 1163 1013 1199; x_wconf 90' lang='lat' dir='ltr'><strong>tuo.</strong></span> <span class='ocrx_word' id='word_1_84' title='bbox 1536 1171 1578 1204; x_wconf 78' lang='lat'><strong>30</strong></span> 
     </span>
    </p>
   </div>
   <div class='ocr_carea' id='block_1_6' title="bbox 1492 291 1580 334">
    <p class='ocr_par' dir='ltr' id='par_1_6' title="bbox 1492 291 1580 334">
     <span class='ocr_line' id='line_1_16' title="bbox 1492 291 1580 334; baseline 0.023 -2"><span class='ocrx_word' id='word_1_85' title='bbox 1492 291 1580 334; x_wconf 47' lang='lat'><strong>165*</strong></span> 
     </span>
    </p>
   </div>
   <div class='ocr_carea' id='block_1_7' title="bbox 147 1227 1334 1294">
    <p class='ocr_par' dir='ltr' id='par_1_7' title="bbox 147 1227 1334 1294">
     <span class='ocr_line' id='line_1_17' title="bbox 147 1227 1334 1294; baseline 0.002 -18"><span class='ocrx_word' id='word_1_86' title='bbox 147 1227 226 1276; x_wconf 88' lang='lat' dir='ltr'><strong>Me</strong></span> <span class='ocrx_word' id='word_1_87' title='bbox 249 1227 336 1276; x_wconf 89' lang='lat' dir='ltr'><strong>tibi</strong></span> <span class='ocrx_word' id='word_1_88' title='bbox 357 1227 638 1294; x_wconf 85' lang='lat' dir='ltr'>Tyndareos,</span> <span class='ocrx_word' id='word_1_89' title='bbox 663 1228 754 1277; x_wconf 84' lang='lat' dir='ltr'><strong>vita</strong></span> <span class='ocrx_word' id='word_1_90' title='bbox 777 1228 921 1291; x_wconf 83' lang='lat' dir='ltr'><strong>gravis</strong></span> <span class='ocrx_word' id='word_1_91' title='bbox 944 1240 1100 1278; x_wconf 85' lang='lat' dir='ltr'><strong>auctor</strong></span> <span class='ocrx_word' id='word_1_92' title='bbox 1122 1240 1166 1277; x_wconf 86' lang='lat' dir='ltr'><strong>et</strong></span> <span class='ocrx_word' id='word_1_93' title='bbox 1185 1229 1334 1288; x_wconf 83' lang='lat' dir='ltr'><strong>annis,</strong></span> 
     </span>
    </p>
   </div>
   <div class='ocr_carea' id='block_1_8' title="bbox 146 1395 829 1442">
    <p class='ocr_par' dir='ltr' id='par_1_8' title="bbox 146 1395 829 1442">
     <span class='ocr_line' id='line_1_18' title="bbox 146 1395 829 1442; baseline 0.001 -11"><span class='ocrx_word' id='word_1_94' title='bbox 146 1413 195 1424; x_wconf 93' lang='lat'><em>-</em></span> <span class='ocrx_word' id='word_1_95' title='bbox 212 1395 419 1442; x_wconf 86' lang='lat' dir='ltr'><strong>Utrumque</strong></span> <span class='ocrx_word' id='word_1_96' title='bbox 447 1395 630 1441; x_wconf 70' lang='lat' dir='ltr'><strong>conjunxit</strong></span> <span class='ocrx_word' id='word_1_97' title='bbox 658 1395 803 1432; x_wconf 88' lang='lat' dir='ltr'><strong>Plautus</strong></span> <span class='ocrx_word' id='word_1_98' title='bbox 818 1422 829 1441; x_wconf 84' lang='lat'>‚</span> 
     </span>
    </p>
   </div>
   <div class='ocr_carea' id='block_1_9' title="bbox 147 1446 811 1540">
    <p class='ocr_par' dir='ltr' id='par_1_9' title="bbox 147 1446 811 1540">
     <span class='ocr_line' id='line_1_19' title="bbox 151 1446 700 1494; baseline -0.002 -11"><span class='ocrx_word' id='word_1_99' title='bbox 151 1446 287 1494; x_wconf 72' lang='lat' dir='ltr'><strong>captiv.</strong></span> <span class='ocrx_word' id='word_1_100' title='bbox 310 1447 387 1483; x_wconf 87' lang='lat' dir='ltr'><strong>Act.</strong></span> <span class='ocrx_word' id='word_1_101' title='bbox 406 1447 473 1492; x_wconf 82' lang='lat' dir='ltr'><strong>IV,</strong></span> <span class='ocrx_word' id='word_1_102' title='bbox 493 1447 549 1483; x_wconf 91' lang='lat' dir='ltr'><strong>Sc.</strong></span> <span class='ocrx_word' id='word_1_103' title='bbox 565 1459 618 1492; x_wconf 79' lang='lat' dir='ltr'><strong>IV,</strong></span> <span class='ocrx_word' id='word_1_104' title='bbox 638 1460 700 1483; x_wconf 85' lang='lat'><strong>10:</strong></span> 
     </span>
     <span class='ocr_line' id='line_1_20' title="bbox 147 1503 811 1540; baseline -0.003 -10"><span class='ocrx_word' id='word_1_105' title='bbox 147 1503 232 1530; x_wconf 68' lang='lat' dir='ltr'><strong>ceu„</strong></span> <span class='ocrx_word' id='word_1_106' title='bbox 245 1503 357 1540; x_wconf 64' lang='lat' dir='ltr'><strong>rqfivgit</strong></span> <span class='ocrx_word' id='word_1_107' title='bbox 369 1511 458 1529; x_wconf 71' lang='lat' dir='ltr'><strong>omnes</strong></span> <span class='ocrx_word' id='word_1_108' title='bbox 466 1522 475 1535; x_wconf 88' lang='lat'><em>‚</em></span> <span class='ocrx_word' id='word_1_109' title='bbox 491 1503 649 1537; x_wconf 72' lang='lat' dir='ltr'><strong>reclusitque</strong></span> <span class='ocrx_word' id='word_1_110' title='bbox 660 1504 811 1528; x_wconf 73' lang='lat' dir='ltr'><strong>armarium.</strong></span> 
     </span>
    </p>
   </div>
   <div class='ocr_carea' id='block_1_10' title="bbox 191 1551 837 1597">
    <p class='ocr_par' dir='ltr' id='par_1_10' title="bbox 191 1551 837 1597">
     <span class='ocr_line' id='line_1_21' title="bbox 191 1551 837 1597; baseline 0 -10"><span class='ocrx_word' id='word_1_111' title='bbox 191 1558 247 1588; x_wconf 71' lang='lat' dir='ltr'><strong>ao.</strong></span> <span class='ocrx_word' id='word_1_112' title='bbox 271 1553 339 1587; x_wconf 79' lang='lat' dir='ltr'><strong>Cui</strong></span> <span class='ocrx_word' id='word_1_113' title='bbox 348 1554 422 1596; x_wconf 79' lang='lat' dir='ltr'><strong>pia.</strong></span> <span class='ocrx_word' id='word_1_114' title='bbox 438 1551 548 1590; x_wconf 83' lang='lat' dir='ltr'><strong>Hunc</strong></span> <span class='ocrx_word' id='word_1_115' title='bbox 569 1557 606 1586; x_wconf 87' lang='lat' dir='ltr'><strong>et</strong></span> <span class='ocrx_word' id='word_1_116' title='bbox 620 1558 837 1597; x_wconf 86' lang='lat' dir='ltr'><strong>sequentem.</strong></span> 
     </span>
    </p>
   </div>
   <div class='ocr_carea' id='block_1_11' title="bbox 143 1603 836 2738">
    <p class='ocr_par' dir='ltr' id='par_1_11' title="bbox 144 1603 832 1745">
     <span class='ocr_line' id='line_1_22' title="bbox 144 1603 832 1650; baseline 0 -11"><span class='ocrx_word' id='word_1_117' title='bbox 144 1615 289 1640; x_wconf 80' lang='lat' dir='ltr'><strong>versum</strong></span> <span class='ocrx_word' id='word_1_118' title='bbox 296 1603 452 1650; x_wconf 80' lang='lat' dir='ltr'>plerique</span> <span class='ocrx_word' id='word_1_119' title='bbox 463 1603 600 1641; x_wconf 72' lang='lat' dir='ltr'><strong>codices</strong></span> <span class='ocrx_word' id='word_1_120' title='bbox 613 1616 687 1638; x_wconf 88' lang='lat' dir='ltr'><strong>non</strong></span> <span class='ocrx_word' id='word_1_121' title='bbox 704 1616 832 1650; x_wconf 81' lang='lat' dir='ltr'><strong>agnos-</strong></span> 
     </span>
     <span class='ocr_line' id='line_1_23' title="bbox 144 1655 826 1701; baseline -0.001 -10"><span class='ocrx_word' id='word_1_122' title='bbox 144 1661 252 1700; x_wconf 78' lang='lat' dir='ltr'><strong>eunt,</strong></span> <span class='ocrx_word' id='word_1_123' title='bbox 281 1655 343 1691; x_wconf 78' lang='lat' dir='ltr'><strong>sed</strong></span> <span class='ocrx_word' id='word_1_124' title='bbox 368 1655 460 1693; x_wconf 77' lang='lat' dir='ltr'><strong>male</strong></span> <span class='ocrx_word' id='word_1_125' title='bbox 477 1667 486 1690; x_wconf 89' lang='lat'><strong>:</strong></span> <span class='ocrx_word' id='word_1_126' title='bbox 504 1667 569 1701; x_wconf 85' lang='lat' dir='ltr'><strong>pro</strong></span> <span class='ocrx_word' id='word_1_127' title='bbox 591 1668 703 1694; x_wconf 82' lang='lat' dir='ltr'><strong>vacua</strong></span> <span class='ocrx_word' id='word_1_128' title='bbox 725 1658 826 1698; x_wconf 87' lang='lat' dir='ltr'><strong>aula,</strong></span> 
     </span>
     <span class='ocr_line' id='line_1_24' title="bbox 144 1708 595 1745; baseline -0.004 0"><span class='ocrx_word' id='word_1_129' title='bbox 144 1714 217 1745; x_wconf 75' lang='lat' dir='ltr'><strong>tres</strong></span> <span class='ocrx_word' id='word_1_130' title='bbox 227 1708 308 1744; x_wconf 81' lang='lat' dir='ltr'>libri</span> <span class='ocrx_word' id='word_1_131' title='bbox 320 1710 436 1744; x_wconf 62' lang='lat' dir='ltr'><strong>vidam</strong></span> <span class='ocrx_word' id='word_1_132' title='bbox 459 1708 595 1744; x_wconf 70' lang='lat' dir='ltr'><strong>Hmns.</strong></span> 
     </span>
    </p>

    <p class='ocr_par' dir='ltr' id='par_1_12' title="bbox 143 1760 836 2535">
     <span class='ocr_line' id='line_1_25' title="bbox 186 1760 829 1807; baseline -0.002 -10"><span class='ocrx_word' id='word_1_133' title='bbox 186 1774 243 1797; x_wconf 64' lang='grc' dir='ltr'><strong>αι.</strong></span> <span class='ocrx_word' id='word_1_134' title='bbox 249 1761 411 1797; x_wconf 60' lang='lat' dir='ltr'><strong>&amp;dlv-tet.</strong></span> <span class='ocrx_word' id='word_1_135' title='bbox 419 1760 537 1807; x_wconf 85' lang='lat' dir='ltr'><strong>Vulgo</strong></span> <span class='ocrx_word' id='word_1_136' title='bbox 543 1764 724 1801; x_wconf 58' lang='lat' dir='ltr'><strong>stetin-sel,</strong></span> <span class='ocrx_word' id='word_1_137' title='bbox 735 1760 829 1806; x_wconf 86' lang='lat' dir='ltr'><strong>quod</strong></span> 
     </span>
     <span class='ocr_line' id='line_1_26' title="bbox 143 1812 831 1863; baseline 0 -16"><span class='ocrx_word' id='word_1_138' title='bbox 143 1812 293 1848; x_wconf 80' lang='lat' dir='ltr'><strong>verbum</strong></span> <span class='ocrx_word' id='word_1_139' title='bbox 309 1813 423 1863; x_wconf 77' lang='lat' dir='ltr'><strong>miror</strong></span> <span class='ocrx_word' id='word_1_140' title='bbox 443 1814 655 1859; x_wconf 82' lang='lat' dir='ltr'><strong>interpretes</strong></span> <span class='ocrx_word' id='word_1_141' title='bbox 676 1821 749 1849; x_wconf 85' lang='lat' dir='ltr'><strong>tam</strong></span> <span class='ocrx_word' id='word_1_142' title='bbox 766 1825 831 1848; x_wconf 89' lang='lat' dir='ltr'><strong>se·-</strong></span> 
     </span>
     <span class='ocr_line' id='line_1_27' title="bbox 144 1865 830 1911; baseline -0.001 -11"><span class='ocrx_word' id='word_1_143' title='bbox 144 1876 228 1900; x_wconf 77' lang='lat' dir='ltr'><strong>cure</strong></span> <span class='ocrx_word' id='word_1_144' title='bbox 237 1865 400 1910; x_wconf 72' lang='lat' dir='ltr'><strong>transire,</strong></span> <span class='ocrx_word' id='word_1_145' title='bbox 416 1878 528 1911; x_wconf 86' lang='lat' dir='ltr'><strong>quum</strong></span> <span class='ocrx_word' id='word_1_146' title='bbox 537 1873 631 1902; x_wconf 87' lang='lat' dir='ltr'><strong>certe</strong></span> <span class='ocrx_word' id='word_1_147' title='bbox 640 1866 830 1902; x_wconf 83' lang='lat' dir='ltr'><strong>barbarum</strong></span> 
     </span>
     <span class='ocr_line' id='line_1_28' title="bbox 143 1915 830 1954; baseline -0.001 -2"><span class='ocrx_word' id='word_1_148' title='bbox 143 1915 208 1952; x_wconf 76' lang='lat' dir='ltr'><strong>sit:</strong></span> <span class='ocrx_word' id='word_1_149' title='bbox 221 1915 413 1954; x_wconf 67' lang='lat' dir='ltr'><strong>dicendum</strong></span> <span class='ocrx_word' id='word_1_150' title='bbox 427 1918 524 1953; x_wconf 88' lang='lat' dir='ltr'><strong>enim</strong></span> <span class='ocrx_word' id='word_1_151' title='bbox 533 1921 731 1953; x_wconf 64' lang='lat' dir='ltr'><strong>stedutlrsel</strong></span> <span class='ocrx_word' id='word_1_152' title='bbox 745 1930 755 1952; x_wconf 94' lang='lat'><em>:</em></span> <span class='ocrx_word' id='word_1_153' title='bbox 768 1916 830 1952; x_wconf 89' lang='lat' dir='ltr'><strong>sed</strong></span> 
     </span>
     <span class='ocr_line' id='line_1_29' title="bbox 144 1965 831 2015; baseline 0 -12"><span class='ocrx_word' id='word_1_154' title='bbox 144 1965 214 2004; x_wconf 81' lang='lat' dir='ltr'><strong>hoe</strong></span> <span class='ocrx_word' id='word_1_155' title='bbox 224 1969 427 2015; x_wconf 63' lang='lat' dir='ltr'><strong>rapuit-lex</strong></span> <span class='ocrx_word' id='word_1_156' title='bbox 440 1970 614 2005; x_wconf 78' lang='lat' dir='ltr'><strong>caminis.</strong></span> <span class='ocrx_word' id='word_1_157' title='bbox 629 1969 713 2004; x_wconf 85' lang='lat' dir='ltr'><strong>vid.</strong></span> <span class='ocrx_word' id='word_1_158' title='bbox 729 1970 831 2003; x_wconf 87' lang='lat' dir='ltr'><strong>Vos-</strong></span> 
     </span>
     <span class='ocr_line' id='line_1_30' title="bbox 144 2019 831 2068; baseline 0 -14"><span class='ocrx_word' id='word_1_159' title='bbox 144 2019 239 2055; x_wconf 75' lang='lat' dir='ltr'><strong>sium</strong></span> <span class='ocrx_word' id='word_1_160' title='bbox 261 2020 305 2056; x_wconf 86' lang='lat' dir='ltr'><strong>de</strong></span> <span class='ocrx_word' id='word_1_161' title='bbox 325 2020 475 2068; x_wconf 82' lang='lat' dir='ltr'><strong>Analog.</strong></span> <span class='ocrx_word' id='word_1_162' title='bbox 489 2048 500 2066; x_wconf 86' lang='lat'>‚</span> <span class='ocrx_word' id='word_1_163' title='bbox 526 2022 582 2056; x_wconf 90' lang='lat' dir='ltr'><strong>lib.</strong></span> <span class='ocrx_word' id='word_1_164' title='bbox 597 2032 644 2056; x_wconf 90' lang='lat'><strong>111</strong></span> <span class='ocrx_word' id='word_1_165' title='bbox 657 2047 666 2065; x_wconf 90' lang='lat'>,</span> <span class='ocrx_word' id='word_1_166' title='bbox 687 2033 761 2067; x_wconf 86' lang='lat' dir='ltr'><strong>cap.</strong></span> <span class='ocrx_word' id='word_1_167' title='bbox 776 2020 831 2055; x_wconf 86' lang='lat'><strong>31.</strong></span> 
     </span>
     <span class='ocr_line' id='line_1_31' title="bbox 145 2071 831 2120; baseline -0.003 -12"><span class='ocrx_word' id='word_1_168' title='bbox 145 2071 331 2109; x_wconf 70' lang='lat' dir='ltr'><strong>Editione·</strong></span> <span class='ocrx_word' id='word_1_169' title='bbox 348 2074 499 2110; x_wconf 68' lang='lat' dir='ltr'><strong>Ven‘etoe</strong></span> <span class='ocrx_word' id='word_1_170' title='bbox 518 2081 554 2109; x_wconf 90' lang='lat' dir='ltr'><strong>et</strong></span> <span class='ocrx_word' id='word_1_171' title='bbox 580 2073 730 2120; x_wconf 85' lang='lat' dir='ltr'><strong>Gryphii</strong></span> <span class='ocrx_word' id='word_1_172' title='bbox 749 2084 831 2107; x_wconf 90' lang='lat' dir='ltr'><strong>cum</strong></span> 
     </span>
     <span class='ocr_line' id='line_1_32' title="bbox 146 2123 832 2170; baseline 0 -11"><span class='ocrx_word' id='word_1_173' title='bbox 146 2123 310 2163; x_wconf 75' lang='lat' dir='ltr'><strong>Palatino</strong></span> <span class='ocrx_word' id='word_1_174' title='bbox 336 2124 454 2161; x_wconf 85' lang='lat' dir='ltr'><strong>codice</strong></span> <span class='ocrx_word' id='word_1_175' title='bbox 478 2152 489 2170; x_wconf 89' lang='lat'>,</span> <span class='ocrx_word' id='word_1_176' title='bbox 521 2129 698 2169; x_wconf 67' lang='lat' dir='ltr'><strong>stem-set,-</strong></span> <span class='ocrx_word' id='word_1_177' title='bbox 736 2123 832 2170; x_wconf 85' lang='lat' dir='ltr'><strong>quod</strong></span> 
     </span>
     <span class='ocr_line' id='line_1_33' title="bbox 146 2175 831 2223; baseline 0.001 -13"><span class='ocrx_word' id='word_1_178' title='bbox 146 2187 247 2220; x_wconf 77' lang='lat' dir='ltr'><strong>aeque</strong></span> <span class='ocrx_word' id='word_1_179' title='bbox 257 2175 434 2223; x_wconf 78' lang='lat' dir='ltr'><strong>vitiosum,</strong></span> <span class='ocrx_word' id='word_1_180' title='bbox 447 2191 514 2213; x_wconf 89' lang='lat' dir='ltr'><strong>nec</strong></span> <span class='ocrx_word' id='word_1_181' title='bbox 523 2191 642 2213; x_wconf 83' lang='lat' dir='ltr'><strong>versus</strong></span> <span class='ocrx_word' id='word_1_182' title='bbox 659 2177 812 2212; x_wconf 82' lang='lat' dir='ltr'><strong>admittit</strong></span> <span class='ocrx_word' id='word_1_183' title='bbox 823 2188 831 2211; x_wconf 89' lang='lat'>:</span> 
     </span>
     <span class='ocr_line' id='line_1_34' title="bbox 146 2228 832 2276; baseline -0.003 -11"><span class='ocrx_word' id='word_1_184' title='bbox 146 2238 271 2273; x_wconf 72' lang='lat' dir='ltr'><strong>margo</strong></span> <span class='ocrx_word' id='word_1_185' title='bbox 295 2228 431 2276; x_wconf 78' lang='lat' dir='ltr'><strong>Micylli</strong></span> <span class='ocrx_word' id='word_1_186' title='bbox 446 2237 482 2265; x_wconf 87' lang='lat' dir='ltr'><strong>et</strong></span> <span class='ocrx_word' id='word_1_187' title='bbox 502 2230 714 2265; x_wconf 88' lang='lat' dir='ltr'><strong>Bersmanni</strong></span> <span class='ocrx_word' id='word_1_188' title='bbox 727 2257 737 2274; x_wconf 86' lang='lat'>,</span> <span class='ocrx_word' id='word_1_189' title='bbox 767 2241 832 2263; x_wconf 81' lang='lat' dir='ltr'><strong>se-</strong></span> 
     </span>
     <span class='ocr_line' id='line_1_35' title="bbox 146 2281 834 2329; baseline 0.003 -15"><span class='ocrx_word' id='word_1_190' title='bbox 146 2281 274 2321; x_wconf 79' lang='lat' dir='ltr'><strong>disset,</strong></span> <span class='ocrx_word' id='word_1_191' title='bbox 300 2281 397 2326; x_wconf 80' lang='lat' dir='ltr'><strong>quod</strong></span> <span class='ocrx_word' id='word_1_192' title='bbox 420 2282 527 2329; x_wconf 83' lang='lat' dir='ltr'>recipi</span> <span class='ocrx_word' id='word_1_193' title='bbox 552 2290 693 2329; x_wconf 88' lang='lat' dir='ltr'><strong>posset:</strong></span> <span class='ocrx_word' id='word_1_194' title='bbox 716 2283 834 2316; x_wconf 80' lang='lat' dir='ltr'><strong>sedere</strong></span> 
     </span>
     <span class='ocr_line' id='line_1_36' title="bbox 147 2332 833 2379; baseline 0.001 -12"><span class='ocrx_word' id='word_1_195' title='bbox 147 2332 247 2367; x_wconf 83' lang='lat' dir='ltr'><strong>enim</strong></span> <span class='ocrx_word' id='word_1_196' title='bbox 261 2333 401 2379; x_wconf 79' lang='lat' dir='ltr'>proprie</span> <span class='ocrx_word' id='word_1_197' title='bbox 417 2341 470 2370; x_wconf 83' lang='lat' dir='ltr'><strong>est</strong></span> <span class='ocrx_word' id='word_1_198' title='bbox 488 2334 615 2370; x_wconf 85' lang='lat' dir='ltr'><strong>desidis</strong></span> <span class='ocrx_word' id='word_1_199' title='bbox 634 2341 670 2369; x_wconf 83' lang='lat' dir='ltr'><strong>et</strong></span> <span class='ocrx_word' id='word_1_200' title='bbox 689 2334 811 2369; x_wconf 88' lang='lat' dir='ltr'><strong>inertis</strong></span> <span class='ocrx_word' id='word_1_201' title='bbox 822 2359 833 2377; x_wconf 89' lang='lat'>,</span> 
     </span>
     <span class='ocr_line' id='line_1_37' title="bbox 147 2384 836 2431; baseline 0.001 -13"><span class='ocrx_word' id='word_1_202' title='bbox 147 2390 190 2418; x_wconf 87' lang='lat' dir='ltr'><strong>ut</strong></span> <span class='ocrx_word' id='word_1_203' title='bbox 205 2384 311 2430; x_wconf 75' lang='lat' dir='ltr'><strong>vulgo</strong></span> <span class='ocrx_word' id='word_1_204' title='bbox 327 2385 550 2421; x_wconf 75' lang='lat' dir='ltr'><strong>notissimum</strong></span> <span class='ocrx_word' id='word_1_205' title='bbox 564 2400 573 2428; x_wconf 86' lang='lat'>;</span> <span class='ocrx_word' id='word_1_206' title='bbox 601 2393 638 2420; x_wconf 85' lang='lat' dir='ltr'><strong>et</strong></span> <span class='ocrx_word' id='word_1_207' title='bbox 651 2386 699 2421; x_wconf 89' lang='lat' dir='ltr'><strong>ita</strong></span> <span class='ocrx_word' id='word_1_208' title='bbox 715 2385 836 2431; x_wconf 82' lang='lat' dir='ltr'><strong>Virgi-</strong></span> 
     </span>
     <span class='ocr_line' id='line_1_38' title="bbox 146 2435 834 2481; baseline 0.001 -11"><span class='ocrx_word' id='word_1_209' title='bbox 146 2435 215 2475; x_wconf 73' lang='lat' dir='ltr'><strong>lius</strong></span> <span class='ocrx_word' id='word_1_210' title='bbox 228 2435 266 2470; x_wconf 87' lang='lat' dir='ltr'><strong>iu</strong></span> <span class='ocrx_word' id='word_1_211' title='bbox 282 2437 395 2472; x_wconf 74' lang='lat' dir='ltr'><strong>nostri</strong></span> <span class='ocrx_word' id='word_1_212' title='bbox 411 2436 532 2473; x_wconf 82' lang='lat' dir='ltr'><strong>Ovidii</strong></span> <span class='ocrx_word' id='word_1_213' title='bbox 547 2450 691 2473; x_wconf 88' lang='lat' dir='ltr'><strong>sensum</strong></span> <span class='ocrx_word' id='word_1_214' title='bbox 704 2436 834 2481; x_wconf 85' lang='lat' dir='ltr'><strong>utitur,</strong></span> 
     </span>
     <span class='ocr_line' id='line_1_39' title="bbox 146 2486 546 2535; baseline 0.003 -12"><span class='ocrx_word' id='word_1_215' title='bbox 146 2486 206 2523; x_wconf 83' lang='lat' dir='ltr'><strong>lib.</strong></span> <span class='ocrx_word' id='word_1_216' title='bbox 222 2497 271 2522; x_wconf 88' lang='lat'><strong>111</strong></span> <span class='ocrx_word' id='word_1_217' title='bbox 283 2514 294 2532; x_wconf 90' lang='lat'>,</span> <span class='ocrx_word' id='word_1_218' title='bbox 312 2488 441 2535; x_wconf 82' lang='lat' dir='ltr'><strong>Georg.</strong></span> <span class='ocrx_word' id='word_1_219' title='bbox 459 2490 546 2533; x_wconf 80' lang='lat'><strong>456:</strong></span> 
     </span>
    </p>

    <p class='ocr_par' dir='ltr' id='par_1_13' title="bbox 147 2546 836 2738">
     <span class='ocr_line' id='line_1_40' title="bbox 181 2546 784 2580; baseline 0.003 -10"><span class='ocrx_word' id='word_1_220' title='bbox 181 2561 214 2571; x_wconf 88' lang='lat'><strong>...</strong></span> <span class='ocrx_word' id='word_1_221' title='bbox 227 2546 263 2571; x_wconf 69' lang='lat' dir='ltr'><strong>Et</strong></span> <span class='ocrx_word' id='word_1_222' title='bbox 276 2546 384 2572; x_wconf 71' lang='lat' dir='ltr'><strong>melion</strong></span> <span class='ocrx_word' id='word_1_223' title='bbox 394 2547 463 2572; x_wconf 73' lang='lat' dir='ltr'><strong>Deos</strong></span> <span class='ocrx_word' id='word_1_224' title='bbox 477 2548 550 2573; x_wconf 72' lang='lat' dir='ltr'><strong>sedet</strong></span> <span class='ocrx_word' id='word_1_225' title='bbox 561 2548 648 2572; x_wconf 71' lang='lat' dir='ltr'><strong>omnin</strong></span> <span class='ocrx_word' id='word_1_226' title='bbox 666 2554 784 2580; x_wconf 73' lang='lat' dir='ltr'><strong>poscens.</strong></span> 
     </span>
     <span class='ocr_line' id='line_1_41' title="bbox 147 2593 834 2640; baseline 0.001 -10"><span class='ocrx_word' id='word_1_227' title='bbox 147 2593 272 2640; x_wconf 85' lang='lat' dir='ltr'>Neque</span> <span class='ocrx_word' id='word_1_228' title='bbox 282 2596 400 2632; x_wconf 80' lang='lat' dir='ltr'><strong>minus</strong></span> <span class='ocrx_word' id='word_1_229' title='bbox 414 2602 597 2631; x_wconf 86' lang='lat' dir='ltr'><strong>venustate</strong></span> <span class='ocrx_word' id='word_1_230' title='bbox 614 2609 675 2631; x_wconf 85' lang='lat' dir='ltr'><strong>sua</strong></span> <span class='ocrx_word' id='word_1_231' title='bbox 692 2609 728 2631; x_wconf 88' lang='lat' dir='ltr'><strong>se</strong></span> <span class='ocrx_word' id='word_1_232' title='bbox 741 2607 834 2631; x_wconf 89' lang='lat' dir='ltr'><strong>com-</strong></span> 
     </span>
     <span class='ocr_line' id='line_1_42' title="bbox 147 2646 836 2695; baseline 0 -12"><span class='ocrx_word' id='word_1_233' title='bbox 147 2646 295 2683; x_wconf 78' lang='lat' dir='ltr'><strong>mendat</strong></span> <span class='ocrx_word' id='word_1_234' title='bbox 326 2648 430 2695; x_wconf 81' lang='lat' dir='ltr'><strong>Regii</strong></span> <span class='ocrx_word' id='word_1_235' title='bbox 454 2649 558 2684; x_wconf 89' lang='lat' dir='ltr'><strong>unius</strong></span> <span class='ocrx_word' id='word_1_236' title='bbox 584 2654 620 2684; x_wconf 87' lang='lat' dir='ltr'><strong>et</strong></span> <span class='ocrx_word' id='word_1_237' title='bbox 650 2648 836 2684; x_wconf 79' lang='lat' dir='ltr'><strong>Heinsiani</strong></span> 
     </span>
     <span class='ocr_line' id='line_1_43' title="bbox 149 2697 429 2738; baseline 0 -4"><span class='ocrx_word' id='word_1_238' title='bbox 149 2697 292 2735; x_wconf 68' lang='lat' dir='ltr'><strong>ulterius</strong></span> <span class='ocrx_word' id='word_1_239' title='bbox 305 2699 429 2738; x_wconf 79' lang='lat' dir='ltr'><strong>lectio:</strong></span> 
     </span>
    </p>
   </div>
   <div class='ocr_carea' id='block_1_12' title="bbox 150 2753 736 2789">
    <p class='ocr_par' dir='ltr' id='par_1_14' title="bbox 150 2753 736 2789">
     <span class='ocr_line' id='line_1_44' title="bbox 150 2753 736 2789; baseline 0.002 -10"><span class='ocrx_word' id='word_1_240' title='bbox 150 2753 178 2779; x_wconf 71' lang='lat' dir='ltr'><strong>Si</strong></span> <span class='ocrx_word' id='word_1_241' title='bbox 189 2761 262 2780; x_wconf 69' lang='lat' dir='ltr'><strong>socer</strong></span> <span class='ocrx_word' id='word_1_242' title='bbox 273 2755 384 2789; x_wconf 63' lang='lat' dir='ltr'><strong>imme</strong></span> <span class='ocrx_word' id='word_1_243' title='bbox 395 2755 477 2781; x_wconf 67' lang='lat' dir='ltr'><strong>vidua</strong></span> <span class='ocrx_word' id='word_1_244' title='bbox 488 2756 614 2789; x_wconf 71' lang='lat' dir='ltr'><strong>plomsset</strong></span> <span class='ocrx_word' id='word_1_245' title='bbox 626 2755 653 2780; x_wconf 86' lang='lat' dir='ltr'><strong>in</strong></span> <span class='ocrx_word' id='word_1_246' title='bbox 667 2755 736 2780; x_wconf 73' lang='lat' dir='ltr'><strong>nula.</strong></span> 
     </span>
    </p>
   </div>
   <div class='ocr_carea' id='block_1_13' title="bbox 893 1396 1580 1692">
    <p class='ocr_par' dir='ltr' id='par_1_15' title="bbox 893 1396 1580 1640">
     <span class='ocr_line' id='line_1_45' title="bbox 897 1396 1579 1443; baseline 0.003 -12"><span class='ocrx_word' id='word_1_247' title='bbox 897 1396 1048 1443; x_wconf 85' lang='lat' dir='ltr'><strong>graviter</strong></span> <span class='ocrx_word' id='word_1_248' title='bbox 1059 1397 1242 1433; x_wconf 79' lang='lat' dir='ltr'><strong>Sallustius</strong></span> <span class='ocrx_word' id='word_1_249' title='bbox 1256 1397 1387 1432; x_wconf 88' lang='lat' dir='ltr'><strong>extulit.</strong></span> <span class='ocrx_word' id='word_1_250' title='bbox 1399 1396 1501 1432; x_wconf 86' lang='lat' dir='ltr'><strong>Catil.</strong></span> <span class='ocrx_word' id='word_1_251' title='bbox 1516 1399 1557 1432; x_wconf 83' lang='lat'><strong>52</strong></span> <span class='ocrx_word' id='word_1_252' title='bbox 1570 1410 1579 1433; x_wconf 75' lang='lat' dir='ltr'><strong><em>z</em></strong></span> 
     </span>
     <span class='ocr_line' id='line_1_46' title="bbox 895 1451 1580 1494; baseline 0 -10"><span class='ocrx_word' id='word_1_253' title='bbox 895 1451 972 1485; x_wconf 85' lang='lat' dir='ltr'><strong>Non</strong></span> <span class='ocrx_word' id='word_1_254' title='bbox 978 1453 1067 1484; x_wconf 81' lang='lat' dir='ltr'><strong>votis</strong></span> <span class='ocrx_word' id='word_1_255' title='bbox 1076 1463 1179 1494; x_wconf 80' lang='lat' dir='ltr'><strong>neque</strong></span> <span class='ocrx_word' id='word_1_256' title='bbox 1186 1451 1360 1494; x_wconf 58' lang='lat' dir='ltr'><strong>supplttt’tssr</strong></span> <span class='ocrx_word' id='word_1_257' title='bbox 1367 1452 1580 1484; x_wconf 70' lang='lat' dir='ltr'><strong>muliebribus</strong></span> 
     </span>
     <span class='ocr_line' id='line_1_47' title="bbox 893 1503 1575 1546; baseline 0.001 -11"><span class='ocrx_word' id='word_1_258' title='bbox 893 1503 1027 1535; x_wconf 71' lang='lat' dir='ltr'><strong>auxilia</strong></span> <span class='ocrx_word' id='word_1_259' title='bbox 1034 1503 1181 1536; x_wconf 82' lang='lat' dir='ltr'><em>Deorum</em></span> <span class='ocrx_word' id='word_1_260' title='bbox 1184 1505 1370 1545; x_wconf 55' lang='lat' dir='ltr'><strong>parantum</strong></span> <span class='ocrx_word' id='word_1_261' title='bbox 1390 1503 1575 1546; x_wconf 76' lang='lat' dir='ltr'><strong>vigilando,</strong></span> 
     </span>
     <span class='ocr_line' id='line_1_48' title="bbox 894 1554 1580 1598; baseline 0.001 -11"><span class='ocrx_word' id='word_1_262' title='bbox 894 1555 1026 1597; x_wconf 75' lang='lat' dir='ltr'><strong>agendo</strong></span> <span class='ocrx_word' id='word_1_263' title='bbox 1039 1578 1048 1594; x_wconf 91' lang='lat'><strong><em>‚</em></strong></span> <span class='ocrx_word' id='word_1_264' title='bbox 1077 1555 1162 1588; x_wconf 82' lang='lat' dir='ltr'><strong>bene</strong></span> <span class='ocrx_word' id='word_1_265' title='bbox 1185 1554 1391 1588; x_wconf 81' lang='lat' dir='ltr'><strong>consulendo</strong></span> <span class='ocrx_word' id='word_1_266' title='bbox 1400 1580 1408 1593; x_wconf 90' lang='lat'>,</span> <span class='ocrx_word' id='word_1_267' title='bbox 1421 1565 1580 1598; x_wconf 79' lang='lat' dir='ltr'><strong>prospere</strong></span> 
     </span>
     <span class='ocr_line' id='line_1_49' title="bbox 893 1605 1381 1640; baseline 0 -1"><span class='ocrx_word' id='word_1_268' title='bbox 893 1609 1007 1639; x_wconf 80' lang='lat' dir='ltr'><strong>omnia</strong></span> <span class='ocrx_word' id='word_1_269' title='bbox 1022 1606 1148 1639; x_wconf 74' lang='lat' dir='ltr'><strong>cedunt</strong></span> <span class='ocrx_word' id='word_1_270' title='bbox 1161 1611 1226 1640; x_wconf 87' lang='lat' dir='ltr'><strong>etc.</strong></span> <span class='ocrx_word' id='word_1_271' title='bbox 1248 1605 1381 1640; x_wconf 77' lang='lat' dir='ltr'>BURM.</span> 
     </span>
    </p>

    <p class='ocr_par' dir='ltr' id='par_1_16' title="bbox 939 1656 1580 1692">
     <span class='ocr_line' id='line_1_50' title="bbox 939 1656 1580 1692; baseline 0 -1"><span class='ocrx_word' id='word_1_272' title='bbox 939 1657 992 1691; x_wconf 81' lang='lat'><strong>23.</strong></span> <span class='ocrx_word' id='word_1_273' title='bbox 1008 1658 1083 1691; x_wconf 86' lang='lat' dir='ltr'><strong>Nec</strong></span> <span class='ocrx_word' id='word_1_274' title='bbox 1096 1661 1134 1691; x_wconf 79' lang='lat' dir='ltr'><strong>tu</strong></span> <span class='ocrx_word' id='word_1_275' title='bbox 1144 1659 1236 1692; x_wconf 85' lang='lat' dir='ltr'><strong>mille</strong></span> <span class='ocrx_word' id='word_1_276' title='bbox 1245 1661 1347 1691; x_wconf 77' lang='lat' dir='ltr'><strong>rates.</strong></span> <span class='ocrx_word' id='word_1_277' title='bbox 1363 1656 1475 1692; x_wconf 87' lang='lat' dir='ltr'><strong>Valde</strong></span> <span class='ocrx_word' id='word_1_278' title='bbox 1484 1656 1580 1691; x_wconf 91' lang='lat' dir='ltr'><strong>blan·</strong></span> 
     </span>
    </p>
   </div>
   <div class='ocr_carea' id='block_1_14' title="bbox 844 1707 1581 1753">
    <p class='ocr_par' dir='ltr' id='par_1_17' title="bbox 844 1707 1581 1753">
     <span class='ocr_line' id='line_1_51' title="bbox 844 1707 1581 1753; baseline 0.007 -13"><span class='ocrx_word' id='word_1_279' title='bbox 844 1737 846 1739; x_wconf 95' lang='lat'>.</span> <span class='ocrx_word' id='word_1_280' title='bbox 895 1707 991 1743; x_wconf 85' lang='lat' dir='ltr'><strong>ditur</strong></span> <span class='ocrx_word' id='word_1_281' title='bbox 1018 1709 1179 1744; x_wconf 87' lang='lat' dir='ltr'><strong>Vossiani</strong></span> <span class='ocrx_word' id='word_1_282' title='bbox 1207 1708 1332 1744; x_wconf 88' lang='lat' dir='ltr'><strong>codicis</strong></span> <span class='ocrx_word' id='word_1_283' title='bbox 1359 1708 1485 1753; x_wconf 85' lang='lat' dir='ltr'><strong>lectio,</strong></span> <span class='ocrx_word' id='word_1_284' title='bbox 1517 1723 1581 1745; x_wconf 83' lang='lat' dir='ltr'><strong>nec</strong></span> 
     </span>
    </p>
   </div>
   <div class='ocr_carea' id='block_1_15' title="bbox 893 1761 1588 2796">
    <p class='ocr_par' dir='ltr' id='par_1_18' title="bbox 893 1761 1581 2159">
     <span class='ocr_line' id='line_1_52' title="bbox 893 1761 1579 1796; baseline 0.001 -2"><span class='ocrx_word' id='word_1_285' title='bbox 893 1762 980 1795; x_wconf 73' lang='lat' dir='ltr'><strong>mibi</strong></span> <span class='ocrx_word' id='word_1_286' title='bbox 989 1763 1081 1795; x_wconf 82' lang='lat' dir='ltr'><strong>mille</strong></span> <span class='ocrx_word' id='word_1_287' title='bbox 1103 1765 1195 1796; x_wconf 81' lang='lat' dir='ltr'><strong>mles</strong></span> <span class='ocrx_word' id='word_1_288' title='bbox 1215 1767 1280 1796; x_wconf 89' lang='lat' dir='ltr'><strong>etc.</strong></span> <span class='ocrx_word' id='word_1_289' title='bbox 1296 1774 1307 1795; x_wconf 75' lang='lat' dir='ltr'>x</span> <span class='ocrx_word' id='word_1_290' title='bbox 1327 1767 1380 1796; x_wconf 85' lang='lat' dir='ltr'><strong>est</strong></span> <span class='ocrx_word' id='word_1_291' title='bbox 1397 1761 1494 1796; x_wconf 88' lang='lat' dir='ltr'><strong>enim</strong></span> <span class='ocrx_word' id='word_1_292' title='bbox 1509 1774 1579 1796; x_wconf 86' lang='lat' dir='ltr'><strong>ve·-</strong></span> 
     </span>
     <span class='ocr_line' id='line_1_53' title="bbox 894 1812 1579 1859; baseline 0.001 -13"><span class='ocrx_word' id='word_1_293' title='bbox 894 1819 1014 1848; x_wconf 82' lang='lat' dir='ltr'><strong>nustas</strong></span> <span class='ocrx_word' id='word_1_294' title='bbox 1046 1812 1208 1858; x_wconf 85' lang='lat' dir='ltr'><strong>quaedam</strong></span> <span class='ocrx_word' id='word_1_295' title='bbox 1227 1814 1264 1848; x_wconf 89' lang='lat' dir='ltr'><strong>in</strong></span> <span class='ocrx_word' id='word_1_296' title='bbox 1288 1813 1349 1847; x_wconf 86' lang='lat' dir='ltr'><strong>illo</strong></span> <span class='ocrx_word' id='word_1_297' title='bbox 1367 1813 1579 1859; x_wconf 86' lang='lat' dir='ltr'><strong>pronomine</strong></span> 
     </span>
     <span class='ocr_line' id='line_1_54' title="bbox 895 1865 1581 1916; baseline 0 -18"><span class='ocrx_word' id='word_1_298' title='bbox 895 1867 995 1905; x_wconf 72' lang='lat' dir='ltr'><em>mihi,</em></span> <span class='ocrx_word' id='word_1_299' title='bbox 1016 1865 1111 1910; x_wconf 91' lang='lat' dir='ltr'><strong>quod</strong></span> <span class='ocrx_word' id='word_1_300' title='bbox 1127 1865 1183 1900; x_wconf 85' lang='lat' dir='ltr'><strong>vel</strong></span> <span class='ocrx_word' id='word_1_301' title='bbox 1196 1868 1332 1916; x_wconf 71' lang='grc' dir='ltr'><strong>παρέλκει</strong></span> <span class='ocrx_word' id='word_1_302' title='bbox 1343 1891 1353 1909; x_wconf 89' lang='grc'>,</span> <span class='ocrx_word' id='word_1_303' title='bbox 1370 1871 1411 1899; x_wconf 92' lang='lat' dir='ltr'><strong>ut</strong></span> <span class='ocrx_word' id='word_1_304' title='bbox 1422 1877 1511 1910; x_wconf 85' lang='lat' dir='ltr'><strong>saepe</strong></span> <span class='ocrx_word' id='word_1_305' title='bbox 1529 1877 1581 1899; x_wconf 90' lang='lat' dir='ltr'><strong>so-</strong></span> 
     </span>
     <span class='ocr_line' id='line_1_55' title="bbox 896 1915 1579 1958; baseline -0.001 -8"><span class='ocrx_word' id='word_1_306' title='bbox 896 1915 944 1950; x_wconf 88' lang='lat' dir='ltr'><strong>let</strong></span> <span class='ocrx_word' id='word_1_307' title='bbox 958 1941 967 1958; x_wconf 92' lang='lat'>,</span> <span class='ocrx_word' id='word_1_308' title='bbox 995 1923 1033 1950; x_wconf 86' lang='lat' dir='ltr'><strong>et</strong></span> <span class='ocrx_word' id='word_1_309' title='bbox 1053 1916 1179 1951; x_wconf 88' lang='lat' dir='ltr'><strong>millies</strong></span> <span class='ocrx_word' id='word_1_310' title='bbox 1194 1929 1213 1950; x_wconf 91' lang='lat' dir='ltr'><strong>a</strong></span> <span class='ocrx_word' id='word_1_311' title='bbox 1230 1917 1312 1951; x_wconf 68' lang='lat' dir='ltr'><strong>viris</strong></span> <span class='ocrx_word' id='word_1_312' title='bbox 1330 1916 1440 1951; x_wconf 84' lang='lat' dir='ltr'><strong>doctis</strong></span> <span class='ocrx_word' id='word_1_313' title='bbox 1460 1915 1579 1950; x_wconf 90' lang='lat' dir='ltr'><strong>adno-</strong></span> 
     </span>
     <span class='ocr_line' id='line_1_56' title="bbox 896 1967 1580 2011; baseline 0 -10"><span class='ocrx_word' id='word_1_314' title='bbox 896 1974 1010 2001; x_wconf 89' lang='lat' dir='ltr'><strong>tatum</strong></span> <span class='ocrx_word' id='word_1_315' title='bbox 1022 1982 1030 2010; x_wconf 92' lang='lat'>;</span> <span class='ocrx_word' id='word_1_316' title='bbox 1057 1968 1112 2002; x_wconf 86' lang='lat' dir='ltr'><strong>vel</strong></span> <span class='ocrx_word' id='word_1_317' title='bbox 1127 1967 1183 2002; x_wconf 84' lang='lat' dir='ltr'><strong>hie</strong></span> <span class='ocrx_word' id='word_1_318' title='bbox 1197 1968 1270 2002; x_wconf 84' lang='lat' dir='ltr'><strong>vim</strong></span> <span class='ocrx_word' id='word_1_319' title='bbox 1279 1980 1379 2002; x_wconf 90' lang='lat' dir='ltr'><strong>suam</strong></span> <span class='ocrx_word' id='word_1_320' title='bbox 1393 1967 1498 2001; x_wconf 85' lang='lat' dir='ltr'><strong>habet</strong></span> <span class='ocrx_word' id='word_1_321' title='bbox 1511 1993 1521 2011; x_wconf 93' lang='lat'>,</span> <span class='ocrx_word' id='word_1_322' title='bbox 1541 1974 1580 2002; x_wconf 82' lang='lat' dir='ltr'><strong>ut</strong></span> 
     </span>
     <span class='ocr_line' id='line_1_57' title="bbox 895 2019 1580 2065; baseline 0 -12"><span class='ocrx_word' id='word_1_323' title='bbox 895 2020 1007 2055; x_wconf 81' lang='lat' dir='ltr'><strong>valeat</strong></span> <span class='ocrx_word' id='word_1_324' title='bbox 1018 2046 1027 2063; x_wconf 92' lang='lat'>,</span> <span class='ocrx_word' id='word_1_325' title='bbox 1054 2019 1090 2053; x_wconf 88' lang='lat' dir='ltr'><strong>in</strong></span> <span class='ocrx_word' id='word_1_326' title='bbox 1116 2032 1235 2054; x_wconf 88' lang='lat' dir='ltr'><strong>meam</strong></span> <span class='ocrx_word' id='word_1_327' title='bbox 1261 2019 1407 2065; x_wconf 84' lang='lat' dir='ltr'><strong>gratiam</strong></span> <span class='ocrx_word' id='word_1_328' title='bbox 1423 2033 1432 2060; x_wconf 88' lang='lat'>;</span> <span class='ocrx_word' id='word_1_329' title='bbox 1454 2025 1495 2053; x_wconf 89' lang='lat' dir='ltr'><strong>ut</strong></span> <span class='ocrx_word' id='word_1_330' title='bbox 1521 2031 1580 2053; x_wconf 85' lang='lat' dir='ltr'><strong>me</strong></span> 
     </span>
     <span class='ocr_line' id='line_1_58' title="bbox 896 2071 1580 2117; baseline 0 -11"><span class='ocrx_word' id='word_1_331' title='bbox 896 2071 1049 2107; x_wconf 87' lang='lat' dir='ltr'><strong>vindices</strong></span> <span class='ocrx_word' id='word_1_332' title='bbox 1066 2084 1085 2105; x_wconf 91' lang='lat' dir='ltr'><strong>a</strong></span> <span class='ocrx_word' id='word_1_333' title='bbox 1098 2078 1256 2117; x_wconf 86' lang='lat' dir='ltr'><strong>raptore,</strong></span> <span class='ocrx_word' id='word_1_334' title='bbox 1278 2071 1580 2117; x_wconf 86' lang='lat' dir='ltr'><strong>quemadmodum</strong></span> 
     </span>
     <span class='ocr_line' id='line_1_59' title="bbox 896 2123 1534 2159; baseline -0.003 0"><span class='ocrx_word' id='word_1_335' title='bbox 896 2124 1083 2159; x_wconf 89' lang='lat' dir='ltr'><strong>Menelaus</strong></span> <span class='ocrx_word' id='word_1_336' title='bbox 1102 2124 1251 2159; x_wconf 82' lang='lat' dir='ltr'><strong>Helenae</strong></span> <span class='ocrx_word' id='word_1_337' title='bbox 1263 2136 1365 2159; x_wconf 82' lang='lat' dir='ltr'><strong>causa</strong></span> <span class='ocrx_word' id='word_1_338' title='bbox 1379 2123 1470 2159; x_wconf 82' lang='lat' dir='ltr'><strong>fecit.</strong></span> <span class='ocrx_word' id='word_1_339' title='bbox 1492 2123 1534 2158; x_wconf 90' lang='grc' dir='ltr'><strong>Β.</strong></span> 
     </span>
    </p>

    <p class='ocr_par' dir='ltr' id='par_1_19' title="bbox 897 2175 1588 2540">
     <span class='ocr_line' id='line_1_60' title="bbox 941 2175 1580 2221; baseline -0.003 -10"><span class='ocrx_word' id='word_1_340' title='bbox 941 2178 994 2221; x_wconf 71' lang='lat'><strong>²4·</strong></span> <span class='ocrx_word' id='word_1_341' title='bbox 1005 2178 1079 2211; x_wconf 79' lang='lat' dir='ltr'><strong>Nec</strong></span> <span class='ocrx_word' id='word_1_342' title='bbox 1091 2189 1243 2211; x_wconf 83' lang='lat' dir='ltr'><strong>numcms</strong></span> <span class='ocrx_word' id='word_1_343' title='bbox 1253 2177 1378 2210; x_wconf 81' lang='lat' dir='ltr'><strong>Danai</strong></span> <span class='ocrx_word' id='word_1_344' title='bbox 1383 2178 1511 2210; x_wconf 79' lang='lat' dir='ltr'><strong>militis.</strong></span> <span class='ocrx_word' id='word_1_345' title='bbox 1523 2175 1580 2210; x_wconf 81' lang='lat' dir='ltr'><strong>Sic</strong></span> 
     </span>
     <span class='ocr_line' id='line_1_61' title="bbox 897 2228 1586 2274; baseline -0.001 -11"><span class='ocrx_word' id='word_1_346' title='bbox 897 2232 1030 2263; x_wconf 79' lang='lat' dir='ltr'><strong>numeri</strong></span> <span class='ocrx_word' id='word_1_347' title='bbox 1048 2231 1214 2263; x_wconf 69' lang='lat' dir='ltr'><strong>militares</strong></span> <span class='ocrx_word' id='word_1_348' title='bbox 1234 2228 1371 2274; x_wconf 81' lang='lat' dir='ltr'><strong>passim.</strong></span> <span class='ocrx_word' id='word_1_349' title='bbox 1405 2229 1586 2262; x_wconf 77' lang='lat' dir='ltr'><strong>Gallicam·</strong></span> 
     </span>
     <span class='ocr_line' id='line_1_62' title="bbox 898 2282 1588 2327; baseline -0.003 -12"><span class='ocrx_word' id='word_1_350' title='bbox 898 2284 1041 2322; x_wconf 73' lang='lat' dir='ltr'><strong>numeri,</strong></span> <span class='ocrx_word' id='word_1_351' title='bbox 1071 2287 1108 2316; x_wconf 86' lang='lat' dir='ltr'><strong>et</strong></span> <span class='ocrx_word' id='word_1_352' title='bbox 1124 2284 1256 2315; x_wconf 75' lang='lat' dir='ltr'><strong>numeri</strong></span> <span class='ocrx_word' id='word_1_353' title='bbox 1266 2282 1387 2315; x_wconf 73' lang='lat' dir='ltr'><strong>Italici</strong></span> <span class='ocrx_word' id='word_1_354' title='bbox 1399 2293 1438 2315; x_wconf 89' lang='lat' dir='ltr'><strong>ac</strong></span> <span class='ocrx_word' id='word_1_355' title='bbox 1454 2282 1588 2327; x_wconf 72' lang='lat' dir='ltr'><strong>Illyrici</strong></span> 
     </span>
     <span class='ocr_line' id='line_1_63' title="bbox 899 2332 1582 2377; baseline -0.004 -8"><span class='ocrx_word' id='word_1_356' title='bbox 899 2333 1104 2369; x_wconf 86' lang='lat' dir='ltr'><strong>Ammiano.</strong></span> <span class='ocrx_word' id='word_1_357' title='bbox 1135 2332 1373 2367; x_wconf 84' lang='lat' dir='ltr'><strong>Tertullianus</strong></span> <span class='ocrx_word' id='word_1_358' title='bbox 1398 2332 1582 2377; x_wconf 83' lang='lat' dir='ltr'><strong>Apologe—</strong></span> 
     </span>
     <span class='ocr_line' id='line_1_64' title="bbox 897 2386 1587 2430; baseline -0.004 -9"><span class='ocrx_word' id='word_1_359' title='bbox 897 2386 966 2421; x_wconf 84' lang='lat' dir='ltr'><strong>tico</strong></span> <span class='ocrx_word' id='word_1_360' title='bbox 975 2398 982 2420; x_wconf 92' lang='lat'>:</span> <span class='ocrx_word' id='word_1_361' title='bbox 991 2386 1150 2420; x_wconf 79' lang='lat' dir='ltr'><strong>St‘hostes</strong></span> <span class='ocrx_word' id='word_1_362' title='bbox 1157 2398 1260 2430; x_wconf 69' lang='lat' dir='ltr'><strong>agere</strong></span> <span class='ocrx_word' id='word_1_363' title='bbox 1266 2387 1437 2425; x_wconf 82' lang='lat' dir='ltr'><strong>vellemus,</strong></span> <span class='ocrx_word' id='word_1_364' title='bbox 1449 2386 1587 2418; x_wconf 71' lang='lat' dir='ltr'><strong>deesset</strong></span> 
     </span>
     <span class='ocr_line' id='line_1_65' title="bbox 898 2439 1585 2481; baseline 0 -9"><span class='ocrx_word' id='word_1_365' title='bbox 898 2440 994 2472; x_wconf 58' lang='lat' dir='ltr'><strong>nobis</strong></span> <span class='ocrx_word' id='word_1_366' title='bbox 1019 2441 1073 2472; x_wconf 73' lang='lat' dir='ltr'><strong>vis</strong></span> <span class='ocrx_word' id='word_1_367' title='bbox 1097 2450 1303 2472; x_wconf 71' lang='lat' dir='ltr'><strong>numerorum</strong></span> <span class='ocrx_word' id='word_1_368' title='bbox 1323 2441 1362 2471; x_wconf 79' lang='lat' dir='ltr'><strong>et</strong></span> <span class='ocrx_word' id='word_1_369' title='bbox 1382 2439 1552 2481; x_wconf 79' lang='lat' dir='ltr'><strong>copiarum</strong></span> <span class='ocrx_word' id='word_1_370' title='bbox 1565 2439 1585 2472; x_wconf 84' lang='lat'><em>?</em></span> 
     </span>
     <span class='ocr_line' id='line_1_66' title="bbox 899 2490 1210 2540; baseline -0.006 -14"><span class='ocrx_word' id='word_1_371' title='bbox 899 2490 1052 2533; x_wconf 82' lang='lat' dir='ltr'><strong>Graecis,</strong></span> <span class='ocrx_word' id='word_1_372' title='bbox 1078 2496 1210 2540; x_wconf 72' lang='grc' dir='ltr'><strong><em>σπῖιραι.</em></strong></span> 
     </span>
    </p>

    <p class='ocr_par' dir='ltr' id='par_1_20' title="bbox 898 2540 1586 2796">
     <span class='ocr_line' id='line_1_67' title="bbox 942 2540 1584 2588; baseline -0.002 -11"><span class='ocrx_word' id='word_1_373' title='bbox 942 2544 996 2577; x_wconf 81' lang='lat'><strong>31.</strong></span> <span class='ocrx_word' id='word_1_374' title='bbox 1007 2543 1068 2577; x_wconf 83' lang='lat' dir='ltr'><strong>Me</strong></span> <span class='ocrx_word' id='word_1_375' title='bbox 1080 2544 1147 2576; x_wconf 79' lang='lat' dir='ltr'><em>tibi</em></span> <span class='ocrx_word' id='word_1_376' title='bbox 1159 2542 1354 2588; x_wconf 72' lang='lat' dir='ltr'><strong>Tyndareos</strong></span> <span class='ocrx_word' id='word_1_377' title='bbox 1364 2547 1429 2576; x_wconf 89' lang='lat' dir='ltr'><strong>etc.</strong></span> <span class='ocrx_word' id='word_1_378' title='bbox 1441 2540 1584 2576; x_wconf 86' lang='lat' dir='ltr'><strong>Servius</strong></span> 
     </span>
     <span class='ocr_line' id='line_1_68' title="bbox 900 2593 1583 2640; baseline -0.003 -10"><span class='ocrx_word' id='word_1_379' title='bbox 900 2594 944 2630; x_wconf 89' lang='lat' dir='ltr'><strong>ad</strong></span> <span class='ocrx_word' id='word_1_380' title='bbox 962 2594 1083 2640; x_wconf 79' lang='lat' dir='ltr'><strong>Vix-gil.</strong></span> <span class='ocrx_word' id='word_1_381' title='bbox 1111 2593 1195 2628; x_wconf 88' lang='lat' dir='ltr'><strong>AEn.</strong></span> <span class='ocrx_word' id='word_1_382' title='bbox 1218 2604 1287 2637; x_wconf 82' lang='lat'>111,</span> <span class='ocrx_word' id='word_1_383' title='bbox 1309 2593 1374 2627; x_wconf 81' lang='lat'><strong>328</strong></span> <span class='ocrx_word' id='word_1_384' title='bbox 1392 2605 1401 2627; x_wconf 90' lang='lat'><strong>:</strong></span> <span class='ocrx_word' id='word_1_385' title='bbox 1421 2607 1438 2623; x_wconf 76' lang='grc' dir='ltr'>κ</span> <span class='ocrx_word' id='word_1_386' title='bbox 1456 2593 1561 2628; x_wconf 83' lang='lat' dir='ltr'><strong>Hane</strong></span> <span class='ocrx_word' id='word_1_387' title='bbox 1573 2619 1583 2637; x_wconf 86' lang='lat'><em>,</em></span> 
     </span>
     <span class='ocr_line' id='line_1_69' title="bbox 898 2643 1582 2693; baseline -0.004 -10"><span class='ocrx_word' id='word_1_388' title='bbox 898 2647 1028 2693; x_wconf 88' lang='lat' dir='ltr'><strong>inquit,</strong></span> <span class='ocrx_word' id='word_1_389' title='bbox 1042 2646 1280 2681; x_wconf 87' lang='lat' dir='ltr'><strong>Hermionem</strong></span> <span class='ocrx_word' id='word_1_390' title='bbox 1296 2643 1439 2691; x_wconf 87' lang='lat' dir='ltr'><strong>quidam</strong></span> <span class='ocrx_word' id='word_1_391' title='bbox 1450 2644 1582 2684; x_wconf 83' lang='lat' dir='ltr'><strong>dicunt,</strong></span> 
     </span>
     <span class='ocr_line' id='line_1_70' title="bbox 901 2697 1586 2746; baseline -0.004 -11"><span class='ocrx_word' id='word_1_392' title='bbox 901 2712 1011 2746; x_wconf 90' lang='lat' dir='ltr'><strong>quum</strong></span> <span class='ocrx_word' id='word_1_393' title='bbox 1023 2698 1144 2734; x_wconf 89' lang='lat' dir='ltr'><strong>Oresti</strong></span> <span class='ocrx_word' id='word_1_394' title='bbox 1161 2705 1251 2734; x_wconf 80' lang='lat' dir='ltr'><strong>esset</strong></span> <span class='ocrx_word' id='word_1_395' title='bbox 1267 2697 1490 2743; x_wconf 84' lang='lat' dir='ltr'><strong>desponsata,</strong></span> <span class='ocrx_word' id='word_1_396' title='bbox 1508 2706 1586 2743; x_wconf 89' lang='lat' dir='ltr'><strong>post</strong></span> 
     </span>
     <span class='ocr_line' id='line_1_71' title="bbox 901 2748 1586 2796; baseline -0.006 -10"><span class='ocrx_word' id='word_1_397' title='bbox 901 2765 921 2786; x_wconf 89' lang='lat' dir='ltr'><strong>a</strong></span> <span class='ocrx_word' id='word_1_398' title='bbox 932 2751 1099 2786; x_wconf 88' lang='lat' dir='ltr'><strong>Menelao</strong></span> <span class='ocrx_word' id='word_1_399' title='bbox 1111 2750 1203 2796; x_wconf 88' lang='lat' dir='ltr'><strong>apud</strong></span> <span class='ocrx_word' id='word_1_400' title='bbox 1214 2749 1375 2795; x_wconf 74' lang='lat' dir='ltr'><strong>Troiam,</strong></span> <span class='ocrx_word' id='word_1_401' title='bbox 1388 2748 1586 2784; x_wconf 83' lang='lat' dir='ltr'><strong>admirante</strong></span> 
     </span>
    </p>
   </div>
   <div class='ocr_carea' id='block_1_16' title="bbox 162 2799 1589 2856">
    <p class='ocr_par' dir='ltr' id='par_1_21' title="bbox 162 2799 1589 2856">
     <span class='ocr_line' id='line_1_72' title="bbox 162 2799 1589 2856; baseline -0.001 -19"><span class='ocrx_word' id='word_1_402' title='bbox 162 2801 226 2839; x_wconf 80' lang='lat' dir='ltr'><strong>Est</strong></span> <span class='ocrx_word' id='word_1_403' title='bbox 241 2799 359 2841; x_wconf 73' lang='lat' dir='ltr'><strong>autem</strong></span> <span class='ocrx_word' id='word_1_404' title='bbox 377 2803 537 2856; x_wconf 81' lang='lat' dir='ltr'><strong>adlusum</strong></span> <span class='ocrx_word' id='word_1_405' title='bbox 554 2804 598 2839; x_wconf 91' lang='lat' dir='ltr'><strong>ad</strong></span> <span class='ocrx_word' id='word_1_406' title='bbox 614 2804 720 2849; x_wconf 86' lang='lat' dir='ltr'><strong>illud,</strong></span> <span class='ocrx_word' id='word_1_407' title='bbox 745 2804 840 2851; x_wconf 88' lang='lat' dir='ltr'><strong>quod</strong></span> <span class='ocrx_word' id='word_1_408' title='bbox 903 2805 1073 2840; x_wconf 84' lang='lat' dir='ltr'><strong>virtutem</strong></span> <span class='ocrx_word' id='word_1_409' title='bbox 1094 2802 1245 2851; x_wconf 86' lang='lat' dir='ltr'><strong>Pyrrhi,</strong></span> <span class='ocrx_word' id='word_1_410' title='bbox 1275 2815 1348 2839; x_wconf 88' lang='lat' dir='ltr'><strong>esse</strong></span> <span class='ocrx_word' id='word_1_411' title='bbox 1374 2801 1589 2848; x_wconf 81' lang='lat' dir='ltr'><strong>promissam.</strong></span> 
     </span>
    </p>
   </div>
   <div class='ocr_carea' id='block_1_17' title="bbox 300 2888 324 2941">
    <p class='ocr_par' dir='ltr' id='par_1_22' title="bbox 300 2888 324 2941">
     <span class='ocr_line' id='line_1_73' title="bbox 300 2888 324 2922; baseline 0 -4"><span class='ocrx_word' id='word_1_412' title='bbox 300 2888 324 2922; x_wconf 63' lang='grc' dir='ltr'><strong>,ὅ</strong></span> 
     </span>
     <span class='ocr_line' id='line_1_74' title="bbox 303 2926 310 2941; baseline 0 0"><span class='ocrx_word' id='word_1_413' title='bbox 303 2926 310 2941; x_wconf 51' lang='grc' dir='ltr'><em>θ</em></span> 
     </span>
    </p>
   </div>
  </div>
 </body>
</html>
