1884 3112
502 252 874 300 ACONTIUS
921 254 1255 300 CYDIPPAE.

1504 260 1590 304 365

234 344 340 393 Non
360 355 490 412 potes
511 345 601 396 hoc
622 346 920 398 factum'teste
943 366 1102 412 negare
1125 349 1233 399 Dea.

167 421 346 481 Adfuit,
371 434 416 473 et
437 442 652 491 praesens,
678 436 732 474 ut
753 436 899 484 erant,
924 436 1002 474 tna
1022 425 1158 475 verba
1180 426 1379 475 notavit:

234 501 296 549 Et
317 500 410 550 visa
433 513 501 551 est
522 514 643 551 mota
665 502 784 551 dicta
809 503 1022 570 probasse
1046 522 1185 553 coma.
1551 531 1595 553 τω

169 578 410 646 Deceptam
432 578 551 629 dicas
573 591 727 629 nostra
750 591 794 629 te
815 579 970 629 fraude
989 579 1144 630 licebit
1158 618 1171 640 ‚

213 655 357 705 „Dum
376 656 544 707 fraudis
563 669 727 707 nostrae
749 675 880 719 causa
901 658 1069 707 feratur
1091 676 1227 707 amor.

170 734 310 783 Fraus
334 753 432 785 mea
453 735 562 803 quid
584 736 736 804 petiit,
760 735 850 784 nisi
875 754 966 802 quo
990 735 1076 784 tibi
1094 736 1304 802 jungerer
1324 738 1438 786 uni?

235 812 402 873 Id'me,
429 813 552 880 quod
577 813 796 881 quereris,
823 812 1058 862 conciliare
1081 825 1245 880 potest.

171 890 276 939 Non
299 910 382 955 ego
405 902 582 950 natura,
603 910 690 940 nec
714 910 813 940 sum
836 902 927 939 tam
951 890 1137 940 callidus
1161 910 1245 940 usu
1267 911 1277 940 :
1558 907 1601 940 25

236 966 452 1017 Solertem
474 979 523 1016 tu
545 987 637 1027 me,
664 968 791 1018 crede
814 968 986 1036 puella,
1011 969 1133 1018 sacis.

170 1043 235 1093 Te
254 1043 366 1093 mihi
389 1046 671 1112 compositis,
698 1046 736 1094 si
761 1045 871 1113 quid
895 1058 1042 1095 tamen
1066 1047 1237 1110 egimus
1261 1057 1375 1104 arte,

235 1121 489 1171 Adstrinxit
510 1124 658 1172 verbis
681 1124 940 1188 ingeniosus
962 1126 1117 1174 Amor.

171 1199 362 1250 Dictatis
384 1202 441 1250 ab
466 1221 519 1250 eo
542 1200 625 1250 feci
647 1201 873 1268 sponsalia
890 1203 1064 1262 verbis;

220 1363 269 1399 18.
292 1366 370 1400 Non
376 1368 477 1409 potes
484 1364 688 1410 bocfactum
700 1369 786 1400 teste
797 1377 853 1400 ne-

169 1428 251 1460 gate
261 1417 350 1451 Dea.
363 1417 470 1451 Forte
476 1421 617 1462 pactum
630 1431 640 1452 :
654 1425 693 1452 ut
704 1425 739 1453 et
750 1418 853 1464 paulo

172 1473 269 1513 post:

170 1526 189 1549 S
200 1529 211 1548 t
220 1523 294 1548 snm
305 1523 367 1548 hnic
378 1531 473 1549 nomen
478 1529 573 1558 pacto.

169 1572 285 1618 Supra
293 1574 544 1619 μαι-ἰαμβείων
563 1572 721 1619 appellat.

214 1636 270 1660 πο.
290 1625 393 1660 Heia
403 1627 499 1660 data
519 1629 638 1661 tulisse
653 1638 759 1661 coma.
778 1627 854 1662 No-

170 1681 266 1717 tasse
274 1677 378 1713 multi
388 1690 430 1713 ex
437 1678 581 1726 scriptis.
589 1678 852 1723 Gronovianus,

171 1728 382 1766 oxoniensis
395 1737 431 1765 et
450 1730 649 1776 Leidensis,
664 1734 830 1777 probasse
841 1744 852 1766 .-

171 1781 268 1828 quod
278 1794 404 1818 verum
420 1790 481 1818 est.
499 1783 610 1818 Innm.

207 1835 268 1870 23.
291 1836 375 1872 Nisi
381 1839 437 1871 uti
444 1838 511 1871 tibi
511 1836 678 1881 jungerer
689 1839 759 1870 uni.
781 1837 856 1879 Quo

171 1891 240 1924 tibi
243 1889 410 1934 jungent
426 1889 533 1924 etiam
554 1889 678 1924 Douza
698 1889 834 1935 legebat
847 1902 855 1926 :

172 1941 234 1978 sed
247 1943 339 1978 sorte
353 1949 470 1978 totum
480 1941 650 1978 distichon
665 1941 712 1976 ita
724 1942 857 1977 consti-

174 1993 370 2029 tuendum:

173 2055 257 2081 Frau-
274 2063 332 2080 ιιι·
342 2054 407 2090 qnid
418 2055 509 2090 petiit,
522 2055 574 2080 nisi
587 2063 640 2090 qno
657 2054 706 2080 tibi
717 2054 857 2089 jungerer?

187 2124 194 2128 -
259 2114 342 2131 unum

207 2155 242 2181 td
254 2163 296 2180 me
302 2173 312 2187 ‚
321 2155 395 2189 qnod
405 2154 522 2189 quereris
530 2172 539 2186 ,
551 2154 690 2180 conciliare
700 2159 794 2187 potest.

175 2206 257 2241 Hoc
263 2205 422 2250 unicum,
430 2207 669 2251 quodqueren‘s
688 2204 752 2249 (ita
759 2203 857 2239 enim

176 2264 310 2293 veteres
318 2252 424 2294 locuti
437 2284 446 2302 ,
467 2269 532 2304 pro
547 2259 590 2292 de
605 2270 670 2303 quo
682 2258 854 2303 querens),

176 2309 293 2346 meriti
303 2309 420 2345 locum
431 2309 536 2345 habet
547 2337 556 2354 ,
576 2317 612 2345 et
626 2322 684 2345 me
702 2309 764 2344 tibi
776 2322 857 2344 con·

176 2362 291 2397 ciliare
305 2369 430 2409 potest.
441 2362 572 2398 Bumu.
586 2362 784 2409 Ingeniosa,
796 2362 858 2398 sed

176 2426 251 2449 non
267 2415 460 2450 necessaria
474 2415 654 2450 correctio.
675 2414 836 2450 Limum».

221 2469 274 2511 ²4·
298 2468 345 2501 ld
354 2480 407 2502 me
419 2494 427 2509 ‚
452 2469 544 2513 quod
560 2470 705 2513 quereris
716 2494 725 2508 ‚
742 2470 859 2502 conci-

175 2521 261 2554 liam
274 2526 340 2554 etc.
352 2519 508 2555 Malebat
520 2519 575 2554 hic
592 2519 659 2566 legi
672 2518 858 2568 Heinsius:

177 2579 228 2604 Me
238 2577 290 2603 tibi
299 2597 310 2611 ‚
321 2577 394 2612 qnod
405 2577 522 2611 quereris
531 2582 582 2603 ote.

178 2627 232 2663 Ut
242 2634 323 2674 pote
337 2626 396 2673 qui
408 2626 506 2662 valde
519 2634 713 2673 suspectam
726 2627 860 2664 habue-

178 2680 225 2715 rit
240 2680 415 2727 vulgatam
425 2707 435 2725 ,
451 2679 544 2727 quod
559 2681 667 2716 verbo
679 2683 860 2717 concdiaoe

179 2732 318 2767 nullum
355 2732 561 2778 adiunctum
598 2733 732 2768 viderat
761 2732 860 2768 dati-

180 2795 264 2819 vum
283 2798 450 2830 personae.
466 2785 537 2821 Sed
548 2812 558 2830 ,
572 2785 703 2821 omissis
713 2812 722 2830 ,
735 2791 771 2821 et
782 2785 861 2831 qui-

918 1364 1020 1410 dem,
1042 1364 1199 1411 plurimis
1215 1377 1258 1399 ex
1270 1364 1345 1411 ipso
1360 1364 1490 1400 ovidio
1500 1391 1512 1410 ‚·
1524 1379 1601 1412 quae

917 1418 1046 1464 possim
1066 1417 1202 1452 adferre
1214 1444 1224 1461 ‚
1242 1417 1342 1452 liceat
1360 1425 1395 1452 et
1410 1418 1489 1453 satis
1503 1419 1545 1454 sit
1559 1420 1601 1454 ad

918 1477 1032 1516 partes
1048 1470 1104 1505 hic
1129 1469 1282 1515 Quintil.
1305 1469 1471 1505 advocare
1487 1497 1496 1515 ,
1517 1472 1577 1517 qui
1590 1499 1601 1516 ,

919 1522 1030 1557 Instit.
1047 1521 1149 1557 Orat.
1168 1533 1228 1565 1x,
1246 1535 1258 1555 1
1277 1534 1284 1555 :
1304 1535 1321 1551 «t
1333 1521 1532 1557 Plurimum
1550 1530 1606 1558 ta·-

917 1586 1002 1608 men
1013 1573 1056 1608 ad
1068 1572 1416 1609 commendationem
1427 1575 1520 1619 facit,
1530 1575 1603 1611 sive

916 1627 955 1661 in
969 1628 1193 1662 cona-umnam
1205 1626 1337 1672 agentis
1350 1627 1520 1671 moribus,
1532 1629 1604 1663 sive

918 1677 963 1713 ad
979 1677 1259 1724 promerendum
1271 1679 1398 1713 actioni
1412 1680 1604 1715 savorem.»

971 1732 1026 1766 25.
1059 1732 1214 1766 Callidus
1236 1743 1309 1765 usu.
1336 1732 1423 1767 Arte
1448 1732 1603 1778 quidam.

920 1782 1136 1829 Argentinus
1149 1787 1239 1819 astu.

963 1850 1015 1881 27.
1029 1837 1159 1881 Siquid
1169 1841 1281 1870 lamen
1291 1840 1420 1881 egimus
1432 1843 1514 1873 ade.
1525 1839 1606 1884 Egi·
1650 1858 1653 1860 ¹

919 1900 993 1922 mus
1014 1891 1113 1929 ante,
1141 1887 1212 1922 duo
1234 1888 1313 1923 libri
1331 1902 1339 1923 :
1356 1894 1484 1934 egimus
1509 1902 1532 1924 a
1553 1904 1606 1926 me

919 1941 1144 1983 Puteaneus;
1162 1940 1229 1976 hoc
1246 1947 1310 1986 est,
1327 1954 1347 1976 a
1363 1955 1420 1977 me
1437 1944 1606 1988 composi-

919 1993 963 2028 tis
976 2005 984 2027 :
999 2006 1063 2039 pro
1079 1997 1275 2037 composffis
1286 2020 1294 2034 ,
1312 1997 1497 2038 conspicit,
1512 1995 1607 2031 Vos-

919 2045 1055 2081 sianus:
1069 2046 1158 2080 sorte
1174 2049 1354 2090 conceptu.
1372 2046 1506 2083 Hnms.

965 2112 1018 2146 ²9·
1029 2100 1185 2133 Dictatis
1199 2100 1243 2132 ab
1258 2110 1300 2132 eo
1312 2104 1376 2133 etc.
1388 2098 1525 2133 Totum
1537 2098 1606 2134 hoc

920 2149 1092 2186 distichon
1112 2150 1216 2196 longe
1235 2157 1415 2186 remotum
1441 2151 1528 2186 mihi
1544 2152 1606 2186 vi—

922 2202 1026 2238 detur
1059 2216 1079 2238 a
1109 2203 1258 2239 Nasonis
1286 2203 1468 2250 elegantia.
1508 2204 1606 2239 Nihil

920 2256 1027 2290 etiam
1033 2268 1183 2300 sequens
1190 2255 1360 2299 continet,
1369 2256 1434 2291 nisi
1444 2255 1603 2302 jejunam

922 2321 1048 2343 eorum
1062 2308 1310 2354 repetitionem
1326 2321 1403 2354 quae
1419 2308 1492 2354 jam
1511 2321 1542 2343 v.
1563 2322 1601 2342 21

922 2368 958 2396 et
973 2374 1046 2406 sqq.
1062 2360 1186 2395 melius
1199 2359 1302 2407 longe
1319 2360 1461 2395 dixerat.
1474 2362 1606 2395 Versus

921 2413 1009 2448 item
1039 2412 1082 2446 33
1100 2438 1110 2456 ,
1140 2411 1235 2447 haud
1261 2413 1435 2448 sententia
1463 2412 1582 2447 minus
1595 2439 1606 2457 ‚

923 2477 1031 2512 quam
1058 2463 1211 2499 dictione
1237 2464 1382 2511 frigidus
1402 2477 1411 2500 z
1432 2478 1499 2500 nec
1527 2464 1607 2500 satis

922 2518 1099 2564 intellige,
1117 2517 1298 2563 quomodo
1321 2531 1409 2553 vers.
1423 2518 1487 2562 34,
1502 2517 1608 2562 smu-

924 2574 998 2610 dem
1009 2579 1111 2608 vocet
1124 2572 1295 2608 Acontius
1304 2598 1314 2616 ,
1327 2571 1422 2618 quod
1438 2571 1608 2619 Cydippe

923 2625 1028 2660 verba
1038 2625 1155 2661 mittat
1167 2625 1326 2671 rogantia
1337 2639 1345 2667 ;
1357 2631 1416 2660 aut
1427 2622 1607 2670 quomodo

915 2678 1055 2723 smudis
1074 2678 1148 2713 haee
1168 2677 1339 2713 consessio
1358 2689 1441 2712 cum
1464 2675 1607 2712 exordio

926 2730 1091 2777 Epistolae
1100 2730 1295 2765 conveniat.
1305 2729 1607 2766 Lunum—Feci.

927 2786 1015 2820 Misi
1028 2784 1228 2819 Bet-nensis.
