1884 3112
184 590 257 638 157.
286 588 339 626 st
357 602 483 636 quoque
496 615 507 633 ,
530 590 593 624 lut
614 590 723 624 oculis
751 594 816 623 etc.

140 642 209 678 vel
228 642 288 689 qui
310 642 404 678 ultro
428 641 583 677 animam
609 640 816 688 projiciunt,

139 707 215 730 non
236 694 312 731 sine
344 693 498 740 quodam
527 692 690 728 desiderii
713 704 818 727 sensu

138 746 324 782 novissime
339 746 508 790 salutant,
523 744 660 791 (Eurip.
675 743 817 787 Alcest.)

140 804 228 836 Φίλαν
244 803 279 836 τὲ
296 801 399 848 fvi-noe
414 804 500 835 τοῦτο
514 803 568 834 τοῦ
583 802 648 834 θεοῦ
663 800 761 843 φίλου.

141 851 201 888 Sic
213 851 368 887 moriens
382 849 477 885 Dido
489 875 500 894 ‚
517 846 601 883 AEn.
616 859 675 892 w,
699 847 763 896 692
780 859 789 882 :

141 907 270 942 Qua-sivit
281 908 344 934 eale
355 906 440 932 laum
446 924 456 938 ,
472 904 650 939 ingemuitque
659 905 776 937 reperta!

189 956 261 993 168.
284 957 421 1002 Virque,
439 956 505 990 sed
514 967 536 989 o
543 956 659 999 possis
667 952 676 988 J
698 951 733 988 O
749 951 821 987 uti-

141 1021 228 1046 nam
238 1007 332 1044 vivas
344 1006 457 1043 adhu'c
467 1034 477 1052 ,
495 1013 531 1042 et
541 1006 647 1053 possis
656 1005 823 1055 ultimum

143 1061 298 1098 hoevale
306 1059 463 1108 excipere
471 1059 480 1095 Ξ
496 1075 542 1085 ——
549 1060 601 1094 Et
602 1071 693 1104 puer
699 1057 820 1106 Hylle,

145 1112 250 1151 vale!
275 1111 438 1149 Herculia
466 1123 508 1148 ex
535 1109 706 1158 Deianira
731 1109 823 1147 filius

470 272 825 319 DEJANIRA
869 269 1204 317 HERCULI.

135 371 197 420 Et
218 379 292 427 tu,
317 365 397 418 lux
420 365 561 416 oculis
583 365 800 415 hodierna
817 364 1057 414 novissima
1078 361 1271 411 nostris:

202 445 393 513 Virque,
418 443 497 495 sed
517 463 544 493 o
568 443 736 512 possis!
763 454 808 492 et
828 461 940 510 puer
961 440 1114 509 Hylle,
1137 438 1244 489 vale.

1475 272 1557 331 189

881 586 1030 636 Hyllus,
1050 586 1150 622 Iolen
1169 584 1276 632 patris
1297 585 1392 631 jussu
1413 596 1560 620 uxorem

882 640 978 676 duxit
989 654 998 683 ς
1014 639 1073 675 sed
1082 651 1193 685 quum
1200 652 1218 673 e
1228 637 1472 685 Peloponneso
1479 637 1565 672 emi-

883 704 982 739 grare
997 697 1134 727 coactus
1146 690 1265 725 suisset
1277 716 1287 734 ,
1307 689 1463 726 Athenas
1475 702 1565 725 con-

882 743 971 790 sugit
984 770 995 788 ,
1018 743 1136 789 ibique
1165 742 1359 788 conscripto
1381 741 1534 777 exercitu
1551 767 1563 785 ,

881 793 1015 829 bellum
1043 791 1242 841 Eurystheo
1274 791 1397 827 indixit
1416 818 1426 835 ,
1457 804 1566 837 quem

884 846 1025 892 propria
1045 857 1155 880 manu
1179 844 1364 880 interfecit.
1395 843 1467 879 Sed
1492 843 1566 889 ipse

885 905 1003 945 postea
1018 898 1060 934 ab
1076 897 1235 933 Echemo
1247 896 1405 931 Arcadiae
1415 909 1497 942 rege
1511 896 1568 930 in-

853 971 856 972 *
885 951 1051 986 terfectus
1064 954 1116 986 est
1129 977 1139 994 ,
1155 962 1266 996 quum
1280 949 1317 984 in
1328 961 1370 984 eo
1382 949 1454 995 jam
1464 955 1566 992 esset,

886 1011 927 1039 ut
941 1003 1227 1050 Peloponnesum
1242 1007 1475 1048 recuperaret.
1489 1001 1570 1035 He-

887 1056 1002 1092 rodot.
1014 1067 1070 1091 vn
1080 1083 1090 1102 ,
1103 1070 1131 1092 c.
1146 1058 1221 1101 ²04·
1231 1074 1275 1083 ·-
1289 1053 1448 1101 Apollod.
1460 1064 1506 1097 11,
1524 1053 1568 1094 ὃς

888 1115 925 1145 et
935 1107 989 1144 Cl.
998 1109 1118 1157 Heyn.
1125 1108 1167 1144 ad
1173 1109 1270 1144 hunc
1275 1107 1339 1143 loc.
1346 1106 1447 1143 Obss.
1456 1105 1570 1152 p-ao4.
