1884 3112
17 858 27 874 ²·
0 261 42 774 ewrwtaeifflaezmffl

0 1485 23 1602 *3353-
15 1449 20 1463 .-
10 1367 18 1393 ‘l
2 1286 14 1334 „ff

35 1582 55 1595 ἱ

29 263 47 328 ,re-<w
39 240 53 255 :.
43 215 51 230 v<
47 186 54 195 ι,

547 240 933 287 HYPSIPYLE
975 239 1239 286 JASONI.
1524 241 1603 284 125

254 334 558 403 Obsequium,
582 354 739 384 maneo
763 335 802 383 si
827 345 922 392 tua,
950 332 1112 397 grande
1137 332 1232 381 tuli.

185 414 384 463 Barbara
404 424 610 463 narratur
634 412 804 462 venisse
825 410 1015 460 venefica
1036 422 1205 469 tecum,

254 491 309 538 In
329 489 439 538 mihi
462 489 670 557 promissi
693 500 816 556 parte
839 499 1015 554 recepta
1038 487 1138 535 tori.
1393 485 1399 493 “
1564 511 1610 533 20

191 565 383 617 Credula
404 585 474 615 res
496 584 619 615 amor
641 576 708 614 est
727 584 737 613 :
756 564 926 613 utinam
947 564 1176 613 temeraria
1199 562 1316 612 dicar

259 641 534 692 Criminibus
557 640 679 690 falsis
702 639 977 690 insimulasse
1000 641 1168 689 virum!

193 723 347 788 Nuper
369 719 425 769 ab
450 718 696 770 Haemoniis
718 718 884 786 hospes
905 718 1016 768 mihi
1037 717 1279 768 Thessalus
1305 718 1394 766 oris
1588 749 1592 766 x

256 800 450 848 Venerat
458 817 470 859 ;
495 809 541 847 et
564 808 728 847 tactum
751 796 824 846 vix
843 796 959 847 bene
978 796 1113 847 limen
1136 808 1255 846 erat:

192 877 450 936 AEsonides‚
476 875 587 935 dixi,
614 874 723 942 quid
744 875 837 938 agit
856 876 1013 924 meu-s?
1035 874 1116 924 Ille
1135 873 1308 942 pudore
1572 887 1615 921 25

257 956 420 1016 Haesit,
446 955 494 1003 in
517 954 726 1022 opposita
747 952 917 1002 lumina
936 952 1050 1002 fixus
1073 953 1224 1002 humo.

195 1035 408 1086 Protinus
430 1032 610 1092 exsilui3
637 1031 890 1099 tunicisque
913 1051 938 1081 a
958 1043 1140 1099 pectore
1164 1029 1309 1096 ruptis
1323 1066 1335 1086 ‚

255 1113 409 1162 Vivit?
427 1117 508 1170 ang
532 1109 728 1159 exclamo
744 1147 756 1168 ,
781 1128 851 1158 me
871 1129 1051 1176 quoque
1074 1108 1164 1157 fata
1187 1107 1406 1156 trahunt?

197 1189 341 1250 Vivit,
365 1188 428 1239 ait
447 1207 458 1238 ε
479 1186 774 1253 timidumque
797 1185 908 1233 mihi
925 1186 1071 1250 jurare
1094 1184 1234 1245 coegi.

244 1365 296 1400 ¹9·
311 1351 467 1386 Barbara
476 1353 633 1385 narratur
639 1349 799 1394 tem-fica.
813 1347 877 1383 In-

197 1403 328 1451 iuriose
360 1403 529 1441 Medeam
556 1402 713 1448 designat
731 1427 741 1445 ‚
772 1413 849 1446 quae
866 1426 876 1444 ,

200 1455 358 1502 quamvis
370 1455 460 1502 regis
473 1454 544 1490 filia
556 1480 567 1498 ‚
596 1460 632 1488 et
648 1452 791 1499 quidem
806 1464 879 1498 po*

198 1507 383 1544 tentissimi
394 1534 404 1552 ‚
418 1507 478 1553 qui
495 1506 537 1542 ab
548 1507 622 1552 ipso
637 1504 798 1550 Apolline
814 1504 879 1538 ori-

200 1561 320 1607 ginem
327 1559 488 1604 ducebat,
496 1557 582 1594 nihil
592 1556 685 1592 aliud
695 1556 763 1599 hic,
773 1568 880 1601 quam

197 1613 366 1660 venefica,
388 1623 468 1658 quoe
482 1611 652 1646 Jasonem
666 1609 808 1655 magicis
823 1622 881 1644 ar-

197 1665 292 1700 tibus
307 1663 448 1712 ceperit.

244 1729 297 1752 20.
305 1718 470 1762 Recepta.
476 1714 627 1751 Plurimi
634 1713 744 1750 MSS.
752 1719 787 1748 et
799 1712 882 1748 edit.

190 1767 336 1814 ῥάνῃ
348 1768 455 1804 etiam
465 1768 568 1804 bene.
578 1767 655 1803 Art.
667 1767 748 1802 Am.
757 1777 784 1811 1,
798 1765 881 1809 556:

233 1829 324 1864 Atque
334 1830 385 1855 erit
399 1830 427 1855 in
438 1829 503 1855 socii
516 1828 621 1855 soeminn
636 1832 709 1862 parte
722 1826 782 1852 tori.

202 1878 275 1915 Sed
284 1884 379 1914 recte
392 1891 428 1914 se
439 1877 546 1913 habet
558 1880 704 1922 recepta.
714 1874 797 1910 vid.
809 1887 884 1920 sup.

203 1930 247 1966 ad
263 1931 373 1977 Epist.
386 1941 436 1975 11,
455 1932 612 1965 55:11101
622 1941 660 1974 v,
674 1930 716 1977 95
728 1955 738 1973 ,
756 1934 796 1963 nt
813 1927 886 1974 qui-

205 1982 287 2018 dam
302 1981 436 2020 codices
450 1981 601 2017 babent:

350 2061 380 2069 ...
393 2042 573 2077 Thai-meque
584 2046 702 2076 receptus
714 2041 742 2064 in
754 2048 814 2065 uno.
832 2040 870 2064 H.

252 2115 305 2136 21.
338 2101 476 2136 Utinam
498 2102 678 2135 temeraria
703 2099 803 2133 dicar
823 2104 889 2132 etc.

211 2149 449 2197 Quantumvis
465 2151 510 2187 ad
534 2150 777 2187 credulitatem
798 2162 888 2196 pro-

210 2216 317 2250 pensa
328 2230 338 2249 ‚
354 2210 475 2252 utpote
491 2216 569 2250 quae
583 2216 702 2239 amans
727 2204 891 2248 (credula

209 2269 265 2291 res
274 2257 462 2301 amarat),
478 2268 552 2292 non
563 2256 637 2291 sine
650 2255 804 2302 quodam
819 2267 892 2290 me-

210 2315 267 2343 tus
279 2315 314 2344 et
323 2307 464 2355 pudoris
479 2321 583 2344 sensu
599 2308 642 2342 ad
658 2306 891 2350 incusandum

212 2361 382 2396 Jasonem
402 2361 499 2396 venit
514 2359 727 2408 Hypsipyle;
750 2366 786 2395 et
811 2358 895 2394 velit

211 2415 405 2448 cn'mim'bus
417 2412 528 2459 salsis
554 2412 795 2447 insimulasse!
822 2410 895 2446 Sed

212 2465 298 2511 quid
312 2463 561 2510 objiciendum,
571 2477 645 2499 non
656 2463 792 2498 rumori
807 2469 895 2497 tan·-

213 2524 304 2562 tum,
317 2517 377 2564 qui
389 2517 491 2552 salsus
500 2517 614 2562 potuit
626 2515 895 2558 increbrescere,

212 2570 275 2607 sed
291 2569 438 2616 hospiti,
456 2581 534 2615 quae
545 2568 679 2603 viderat
689 2567 895 2602 enarranti?

260 2623 313 2657 23.
326 2623 383 2658 Ab
393 2623 578 2657 Haemom'is
587 2624 665 2655 otis.
679 2619 898 2655 Thessalicisz

219 2674 311 2713 dicta
325 2674 422 2709 enim
439 2672 618 2708 Thessalia
634 2673 824 2707 Iloemom'a.

263 2729 316 2772 ²4·
345 2728 484 2761 Tactum
506 2728 566 2760 vix
585 2727 668 2759 bene
689 2727 793 2760 limen
816 2728 899 2761 erat⁴

222 2777 291 2813 Vix
305 2777 517 2824 ingredienti
528 2783 740 2823 superatum.

985 1348 1040 1383 25.
1066 1346 1247 1384 AErom’des
1250 1369 1299 1382 .....
1322 1347 1404 1393 qut‘d
1418 1348 1493 1392 agii
1510 1345 1622 1382 meus!

944 1401 1040 1436 Vere
1057 1400 1204 1435 amantis
1219 1399 1419 1436 exclamatio
1434 1406 1495 1435 est.
1510 1400 1622 1440 Meus,

943 1453 1011 1488 scil.
1027 1453 1180 1487 maritus.
1209 1466 1254 1481 ⁴—-
1284 1453 1350 1486 Ille
1365 1453 1493 1497 pudore
1515 1453 1625 1486 basil.

946 1505 1070 1540 Tacuit
1097 1503 1320 1550 pudibundus
1339 1518 1348 1547 ;
1382 1503 1462 1549 quia
1489 1503 1628 1538 vetabat

939 1559 1051 1602 pudor
1072 1569 1119 1592 ne
1147 1556 1306 1603 'conjugis
1337 1569 1436 1591 aures
1454 1554 1628 1601 pudendis

944 1609 1081 1645 nunciis
1091 1608 1301 1644 offenderet.

990 1662 1042 1696 25.
1062 1663 1206 1696 lumina
1217 1663 1317 1708 fixus
1343 1662 1451 1695 humo.
1487 1658 1529 1694 Id
1553 1666 1627 1704 est,

946 1713 1031 1749 fixos
1069 1713 1200 1749 habens
1232 1713 1349 1748 oculos
1375 1725 1383 1747 :
1405 1711 1631 1748 hellenismus

947 1767 1057 1813 poetis
1076 1766 1190 1801 latinis
1207 1765 1455 1801 usitatissimus.
1469 1783 1514 1791 —
1532 1764 1631 1799 Libri

947 1827 1018 1855 tres
1035 1822 1212 1864 appositas
1233 1818 1327 1865 quod
1344 1818 1471 1852 rectius
1487 1818 1633 1852 sortasse

949 1872 1099 1908 Heinsio
1127 1871 1318 1906 videbatur.
1346 1870 1498 1905 Minime
1526 1881 1633 1911 sane;

949 1924 1074 1960 melius
1090 1924 1185 1959 enim
1206 1935 1283 1969 quae
1299 1923 1343 1957 ob
1367 1922 1484 1956 oculos
1497 1947 1507 1965 ‚
1530 1934 1634 1967 oppo-

952 1979 1037 2018 sita,
1051 1989 1157 2022 quam
1177 1978 1352 2020 apposita,
1371 1973 1545 2009 dicuntur.

996 2043 1048 2076 29.
1070 2029 1297 2073 Timidumque
1313 2026 1516 2070 mffiijurare
1530 2029 1636 2070 coegi.

952 2081 1087 2127 Magna
1118 2079 1174 2115 hic
1203 2078 1431 2122 variantium,
1449 2091 1495 2113 ne
1520 2077 1634 2112 dicam

953 2132 1193 2168 aberrantium
1221 2131 1413 2167 lectionum
1429 2131 1575 2177 farrago.
1597 2129 1638 2165 Si

954 2186 1041 2221 fides
1060 2185 1155 2221 enim
1170 2183 1346 2230 Naugerio
1358 2208 1369 2228 ,
1385 2184 1476 2229 legas
1493 2194 1501 2216 ε

955 2248 1029 2273 Vivit
1040 2266 1047 2277 ‚
1063 2247 1098 2271 ait
1107 2266 1116 2278 ,
1131 2246 1253 2271 timidum
1264 2254 1272 2278 3
1289 2246 1364 2279 quud
1372 2245 1412 2270 ait
1424 2245 1511 2278 jurare
1521 2243 1604 2275 coegi.

956 2295 1119 2344 Mycillus
1153 2307 1238 2329 vero
1276 2293 1495 2340 proponebat
1519 2305 1526 2327 :
1551 2291 1643 2336 quod

957 2353 1068 2392 amal,
1077 2348 1196 2392 juram
1210 2350 1315 2391 coegi.
1329 2346 1378 2381 At
1390 2343 1637 2391 corrigendum

958 2401 1100 2448 putabat
1116 2399 1299 2435 Heinsius:

958 2463 1033 2487 Vivit
1045 2462 1080 2486 nit
1093 2461 1184 2486 timide
1195 2470 1202 2493 ;
1215 2460 1337 2485 timidum
1346 2460 1433 2493 jurare
1442 2463 1492 2483 ete.

961 2510 1032 2547 Sed
1062 2509 1156 2544 unde
1185 2515 1281 2544 tanta
1310 2508 1383 2543 haec
1407 2503 1641 2552 perturbatio,

962 2576 1072 2609 quum
1098 2561 1184 2597 nihil
1210 2561 1335 2596 habeat
1359 2560 1496 2605 vulgata
1517 2556 1640 2599 lectio,

962 2615 1056 2662 quod
1070 2627 1143 2649 non
1161 2613 1298 2648 affectui
1313 2609 1541 2657 exprimendo
1559 2608 1643 2643 sub-

961 2669 1086 2705 serviat
1096 2663 1306 2702 felicissime?
1314 2665 1392 2699 Prae
1402 2661 1535 2709 pudore
1546 2660 1642 2695 enim

961 2722 1113 2756 lta-rebat
1126 2719 1251 2764 hospes
1265 2731 1272 2757 ;
1297 2723 1331 2751 et
1345 2715 1399 2750 vel
1415 2718 1524 2749 vivere
1539 2713 1643 2747 Jaso—

963 2785 1047 2808 nem
1058 2778 1093 2808 et
1103 2773 1217 2808 valen-
1228 2797 1237 2813 ,
1257 2769 1304 2804 ita
1315 2766 1436 2804 timide
1449 2765 1617 2801 asserebat
1635 2790 1643 2807 ‚
