1884 3112
299 220 388 265 360
732 221 1085 267 ΕΡἸ’5ΤΟ·Ι,Α
1117 222 1287 268 ΧῙΧΕ

298 314 416 380 Spes.
434 324 577 362 tamen
601 325 668 362 est
689 312 838 362 fractis
858 313 1015 370 vicinae
1033 314 1154 380 pacis
1176 314 1224 362 in
1246 314 1378 364 undis
1397 336 1409 364 ε

359 390 476 436 Tum
497 387 688 455 placidas
713 400 811 437 tuto
835 401 1013 456 pectore
1034 389 1154 439 finde
1175 390 1301 439 vias}
1334 389 1338 392 ’

297 467 489 524 Interea,
515 467 639 514 nanti
662 466 872 532 quoniam
894 467 1005 516 freta
1028 467 1180 535 pervia
1197 487 1291 516 non
1314 480 1437 527 sunt,

361 544 518 592 Leniat
538 544 699 592 invisas
721 543 848 593 litera
869 544 1004 593 missa
1023 563 1182 593 moras.
1206 548 1230 572 *
1637 566 1712 599 -ςιο

341 669 415 703 207.
440 658 520 701 Spes
532 661 643 691 tamen
656 657 890 702 estsracltlr...„
903 670 974 692 un—

253 738 254 741 ,
297 709 351 741 dtis·
363 721 373 741 ,·
387 711 424 742 ιἰι
438 710 537 742 undis
549 709 604 744 vel
617 709 690 754 ipso
699 736 709 753 ‚
726 709 784 755 qui
798 722 894 744 nunc
906 710 973 755 agi-

298 767 366 804 tat,
384 761 636 807 surorestactels·
647 789 656 802 ,
680 761 715 796 id
733 768 784 796 est
797 787 806 805 ,
828 762 972 808 pacatis;

300 811 394 856 quod
404 826 551 858 sequens
566 813 682 848 statim
695 812 824 849 indicat
837 827 954 850 versus
963 836 983 858 ,ι

299 869 369 898 tum
378 867 538 908 placidas
553 872 617 900 etc.

342 917 416 951 208.
442 918 492 951 Tu
495 920 654 962 placidas
663 923 733 953 loto
740 924 878 963 pectore
875 922 975 966 finde

298 970 385 1002 vias.
407 970 500 1003 Tunc
516 977 664 1014 quatuor
675 971 810 1016 scripti:
826 971 974 1006 totidem

306 1021 390 1054 Tum
417 1030 427 1051 :
459 1027 649 1066 utrumque
671 1022 761 1057 bene
776 1037 785 1065 ;
816 1036 875 1057 sex
903 1028 976 1058 tuto

295 1075 431 1116 pectore
454 1084 464 1106 :
493 1072 559 1107 vid.
590 1086 682 1118 supr.
705 1087 735 1108 v.
758 1088 821 1122 92,
847 1082 882 1110 et
909 1075 977 1111 hoc

300 1124 419 1168 probe.
435 1123 673 1160 Sci-iverianus
685 1152 695 1168 ,
712 1129 864 1169 placitas
879 1131 954 1162 vias
965 1141 976 1162 .·

301 1175 394 1219 quod
407 1176 511 1210 etiam
522 1177 660 1212 arridet.
673 1178 730 1212 Sic
735 1181 868 1223 placila
878 1182 975 1215 bona.

301 1227 408 1273 Epist.
426 1228 574 1263 Helenae
587 1241 594 1263 :
608 1231 741 1274 placila
748 1233 865 1275 puella
873 1231 928 1267 lib.
941 1243 975 1277 1,

302 1280 379 1314 Art.
387 1280 467 1314 Am.
481 1281 535 1327 37,
549 1294 589 1316 ex
597 1282 745 1327 antiquis
754 1282 856 1318 libris.
870 1284 918 1318 H.

342 1345 417 1379 209.
440 1333 552 1367 Nunti
564 1333 663 1378 stela
673 1338 791 1378 pervia
807 1348 872 1369 non
888 1340 976 1379 sunl.

302 1383 456 1419 Subaud.
470 1387 549 1428 ubi,-
562 1391 596 1419 et
607 1384 738 1420 dictum
753 1386 894 1432 quidem
906 1387 979 1422 iro-

303 1436 380 1470 nice
404 1436 559 1481 putabis,
591 1437 698 1472 modo
722 1445 756 1474 te
784 1440 913 1476 reseras
934 1438 978 1475 ad

303 1499 335 1521 v.
353 1487 395 1521 83
409 1514 418 1531 ‚
434 1494 469 1522 et
484 1501 557 1534 sqq.
578 1489 682 1536 hujus
699 1490 871 1537 Epistolae.

351 1552 424 1574 210.
459 1542 584 1575 Leniat
603 1545 730 1577 invasas
752 1546 851 1579 litera
874 1548 980 1580 mis-sa

300 1604 419 1626 moras.
451 1592 538 1628 Haec
559 1601 611 1628 est
629 1601 788 1630 veterum
809 1597 979 1632 librorum

301 1643 412 1678 lectio.
422 1646 535 1679 lmksa
541 1659 560 1679 a
567 1653 601 1680 te
610 1646 706 1681 mihi.
714 1649 847 1682 Invisus
856 1662 976 1691 moras,

304 1695 398 1740 quod
428 1695 486 1730 odi
512 1696 658 1743 longum
688 1705 835 1744 tempus.
875 1699 979 1736 C10F.

303 1750 420 1782 Luem
426 1753 541 1783 nostra
551 1749 615 1784 alii.
628 1751 746 1784 Lz’lera
753 1755 830 1785 visa
840 1750 979 1797 Regius.

305 1802 431 1835 Leniat
442 1804 622 1837 immensas
637 1803 742 1843 etiam
754 1803 981 1839 Sarravianus

307 1866 325 1887 a
342 1865 450 1887 manu
463 1853 585 1898 prima.

348 1905 365 1920 *
386 1905 575 1951 Exquisivit
594 1933 603 1950 ‚
630 1914 801 1942 scrutator
826 1908 981 1955 diligen—

307 1958 456 1993 tissimus
467 1958 519 1992 vir
531 1958 573 1993 de
586 1959 720 1994 Musaeo
733 1973 838 2006 quam
850 1961 981 2006 optime

307 2011 452 2045 meritus
464 2037 473 2054 ‚
491 2024 558 2046 nec
570 2011 732 2057 indignus
746 2025 827 2047 sane
839 2013 898 2058 qui
912 2013 983 2048 cla-

307 2062 433 2097 rissimi
448 2075 483 2098 se
498 2062 629 2110 Heynii
646 2062 851 2109 discipulum
867 2065 983 2110 profi-

307 2122 442 2149 teretur
460 2141 469 2159 ,
506 2114 620 2149 Carol.
644 2116 767 2151 Franc.
797 2117 959 2151 IIeitm‘ch
970 2143 980 2158 ‚

310 2168 462 2210 (Praesat.
479 2167 520 2201 ad
538 2167 646 2211 Mus.)
663 2167 699 2201 in
717 2181 868 2212 quanam
884 2175 983 2203 aetate

308 2219 430 2253 sabulae
443 2219 547 2264 hujus
559 2219 601 2253 de
616 2219 761 2255 Herone
776 2227 811 2254 et
821 2220 984 2255 Leandro

310 2270 496 2316 quaerenda
518 2271 587 2306 sint
612 2271 820 2306 incunabula
839 2284 847 2306 ε
864 2279 983 2307 utrum

310 2335 350 2356 ea
370 2323 547 2357 vetustatis
571 2324 810 2358 auctoritatem
834 2323 958 2358 habeat
972 2350 982 2367 ‚

317 2387 360 2408 an
373 2375 480 2408 serius
490 2374 633 2408 demum
644 2374 687 2409 sit
696 2375 847 2409 inventa.
878 2375 986 2419 Quod

311 2425 453 2470 quidem
485 2425 663 2472 indaganti
702 2426 895 2471 petendum
934 2433 986 2461 est

311 2477 508 2522 praesidium
537 2477 663 2523 partim
690 2491 730 2513 ex
756 2492 794 2513 re
826 2485 985 2513 veterum

312 2529 491 2571 numaria;
516 2529 643 2574 partim
659 2543 699 2564 ex
716 2530 816 2565 variis
839 2530 987 2564 mentio-

313 2579 414 2615 nibus
435 2581 524 2626 apud
546 2582 728 2627 scriptores
747 2583 905 2627 antiquos
922 2582 986 2616 in-

313 2632 529 2678 vestigandis.
546 2633 621 2667 Hos
637 2634 728 2668 inter
740 2634 899 2679 princeps
909 2634 987 2667 Vir-

314 2684 431 2729 gilius,
450 2685 508 2729 qui
523 2685 559 2719 in
575 2686 651 2720 loco
669 2685 913 2729 celeberrimo,
930 2685 986 2719 lib.

314 2734 442 2781 Georg.
474 2747 519 2770 111
537 2763 547 2780 ,
582 2737 646 2771 258
671 2743 706 2771 et
731 2750 804 2782 sqq.
830 2737 889 2771 ubi
915 2736 987 2771 vim

1040 658 1166 694 amoris
1190 657 1230 692 in
1256 670 1363 692 omne
1400 656 1586 693 hominum
1613 659 1711 694 sera-

1038 722 1189 756 rumque
1212 723 1325 756 genus
1355 710 1519 756 exemplis
1542 711 1714 756 illustrat,

1038 761 1132 797 inter
1141 762 1204 796 alia
1215 761 1367 797 Leandri
1373 762 1552 805 audaciam
1560 763 1711 809 attingit,

1038 815 1099 850 sed
1120 815 1242 850 leviter
1254 842 1264 859 ,
1289 828 1355 850 nec
1369 815 1553 852 nominato
1573 811 1716 861 quidem

1039 868 1177 902 Juvene
1193 894 1203 911 ,
1230 874 1270 901 ut
1296 879 1373 901 rem
1402 867 1482 902 satis
1508 873 1718 914 notamset

1038 919 1158 955 lectori
1171 921 1310 955 cuilibet
1326 920 1474 968 obviam.
1492 920 1588 956 Illius
1598 931 1718 955 exem-

1040 971 1097 1018 plo
1115 971 1262 1007 Ovidius
1275 978 1523 1018 argumentum
1538 972 1606 1007 hoc
1619 979 1718 1006 trac-

1040 1022 1189 1058 tandum
1204 1024 1352 1071 suscepit
1364 1050 1374 1068 ‚
1394 1031 1434 1062 ut
1450 1031 1531 1071 pote
1547 1023 1641 1070 quod
1654 1022 1719 1069 ip‘si

1041 1076 1193 1112 arriserit
1202 1101 1212 1120 ,
1230 1077 1310 1122 quia
1324 1077 1532 1123 amatorium
1545 1102 1556 1120 ‚
1571 1088 1639 1111 nec
1652 1075 1718 1109 in—

1042 1134 1179 1174 gratum
1192 1129 1266 1162 fore
1282 1129 1466 1164 lectoribus
1477 1128 1546 1163 suis
1560 1126 1715 1163 credide-

1041 1180 1096 1214 rit.
1127 1179 1231 1215 Nulla
1251 1180 1357 1227 igitur
1379 1179 1571 1227 virgiliana
1591 1177 1720 1214 certior

1042 1232 1226 1266 auctoritas
1242 1258 1252 1275 ‚
1289 1245 1356 1267 nec
1382 1230 1556 1278 antiquior
1581 1243 1590 1266 :
1623 1229 1720 1264 unde

1042 1296 1126 1318 vero
1148 1284 1301 1318 fabulam
1324 1284 1380 1319 ille
1402 1283 1555 1319 hauserit
1568 1309 1578 1327 ,
1602 1282 1721 1318 incer-

1043 1342 1119 1370 tum
1139 1335 1297 1371 omnino.
1321 1336 1394 1371 Pro
1415 1335 1525 1371 nihilo
1546 1334 1644 1371 enim
1666 1334 1721 1368 sa-

1042 1388 1208 1423 ciendum
1228 1414 1238 1432 ,
1274 1387 1368 1435 quod
1391 1389 1492 1422 affert
1515 1386 1719 1428 Domitius,

1043 1439 1086 1474 ad
1104 1440 1191 1475 Stat.
1210 1440 1292 1475 silv.
1306 1451 1341 1484 1,
1362 1439 1482 1484 Carm.
1498 1453 1537 1484 2,
1555 1439 1595 1486 87
1608 1465 1619 1484 ‚
1641 1437 1722 1474 his-

1042 1493 1277 1534 toriamthanc
1291 1492 1445 1528 Leandri
1462 1491 1623 1539 Apellem
1641 1490 1722 1537 pie-

1043 1550 1122 1579 tura
1137 1544 1246 1579 nobili
1261 1543 1448 1580 celebrasse
1465 1558 1474 1586 3
1499 1555 1611 1590 quum
1626 1541 1722 1577 unde

1042 1595 1110 1631 hoc
1120 1596 1300 1641 petiverit,
1317 1603 1353 1632 et
1369 1597 1492 1641 quibus
1509 1593 1724 1643 argumentis

1043 1647 1248 1691 confirmet,
1265 1660 1337 1682 non
1355 1648 1528 1693 proferat,
1545 1659 1612 1681 nec
1627 1645 1723 1680 tabu-

1043 1698 1114 1733 lam
1131 1699 1224 1734 inter
1238 1699 1369 1744 Apellis
1385 1711 1490 1744 opera
1508 1698 1643 1733 Plinius
1656 1709 1723 1731 re-

1044 1757 1194 1794 censeat,
1207 1751 1330 1785 Natur.
1348 1750 1479 1789 Hister.
1493 1760 1609 1792 xxxv,
1627 1761 1655 1784 c.
1672 1760 1722 1782 xo.

1044 1802 1125 1838 Non
1150 1802 1272 1848 caliges
1287 1797 1427 1846 minusj
1448 1802 1477 1837 si
1496 1815 1515 1836 a
1531 1800 1662 1836 Latinis
1678 1799 1723 1834 ad

1044 1851 1229 1901 scriptores
1243 1853 1386 1898 Graecos*
1400 1851 1585 1888 transieris.
1606 1852 1722 1887 Face-

1044 1913 1126 1940 rent
1151 1905 1293 1951 quidem
1310 1932 1320 1950 ,
1361 1917 1438 1951 quae
1465 1903 1693 1940 indicavimus
1711 1929 1722 1947 ,

1047 1957 1224 2003 Antipatri
1233 1957 1503 2003 Epigrammata.
1515 1955 1606 2002 Quis
1616 1967 1700 1990 vero
1711 1980 1722 1998 ,

1048 2022 1158 2054 quum
1182 2009 1296 2054 plures
1319 2008 1512 2044 exstiterint
1534 2006 1638 2052 hujus
1661 2018 1723 2040 no-

1047 2062 1150 2096 minis
1166 2068 1277 2108 poetae
1289 2088 1299 2105 ,
1324 2074 1364 2096 ea
1379 2061 1494 2107 potius
1510 2058 1723 2095 Macedonio

1048 2114 1235 2159 Antipatro
1257 2112 1474 2159 adscripserit
1498 2111 1556 2158 qui
1574 2111 1611 2146 in
1628 2110 1724 2146 Phi-

1046 2165 1130 2211 lippi
1146 2172 1284 2200 aetatem
1299 2164 1420 2200 incidit
1436 2191 1446 2209 ,
1471 2176 1578 2209 quam
1602 2162 1724 2197 Thes-

1047 2216 1268 2261 salonicensi,
1285 2217 1380 2263 juxta
1396 2215 1564 2251 Brunckii
1579 2220 1724 2250 senten-

1048 2269 1133 2303 tiam
1149 2296 1158 2313 ,
1182 2268 1241 2314 qui
1261 2268 1372 2303 multo
1391 2268 1499 2303 serius
1521 2273 1621 2302 aetate
1639 2265 1724 2301 Au·-

1050 2321 1139 2367 gusti
1158 2320 1302 2356 Caesaris
1314 2347 1324 2364 ,
1344 2319 1477 2358 Tiberii
1493 2326 1529 2354 et
1551 2318 1628 2353 Caii
1651 2316 1725 2352 Ca-

1048 2373 1161 2419 ligulae
1177 2373 1283 2419 impp.
1299 2372 1408 2408 vixit?
1425 2372 1509 2409 Non
1527 2370 1630 2406 dubia
1647 2370 1723 2404 mi·-

1049 2438 1116 2460 nus
1131 2425 1181 2459 rei
1196 2425 1365 2459 numariae
1381 2423 1573 2459 auctoritas.
1591 2421 1725 2468 Super-

1049 2484 1133 2512 sunt
1157 2476 1300 2522 quidem
1323 2474 1580 2524 Abydenorum
1599 2473 1723 2516 numi,

1050 2529 1087 2563 in
1098 2529 1221 2574 quibus
1231 2529 1416 2563 Heronem
1426 2540 1534 2561 manu
1545 2526 1724 2561 lucernam

1050 2580 1321 2627 protendentem
1330 2606 1340 2624 ,
1356 2578 1628 2624 Leandrumque
1641 2588 1722 2612 cum

1051 2633 1211 2668 fluctibus
1227 2632 1467 2666 colluctantem
1483 2656 1492 2674 ,
1516 2628 1700 2674 conspicias
1714 2640 1724 2663 :

1051 2685 1110 2719 sed
1128 2697 1237 2730 quum
1260 2683 1301 2717 ad
1325 2690 1463 2718 aetatem
1481 2679 1664 2716 Caracallae
1686 2686 1723 2714 et

1053 2735 1241 2771 Alexandri
1266 2735 1386 2770 Severi
1410 2733 1590 2768 manifeste
1606 2730 1721 2777 perti-
