<?xml version="1.0" encoding="UTF-8"?>
<!DOCTYPE html PUBLIC "-//W3C//DTD XHTML 1.0 Transitional//EN"
    "http://www.w3.org/TR/xhtml1/DTD/xhtml1-transitional.dtd">
<html xmlns="http://www.w3.org/1999/xhtml" xml:lang="en" lang="en">
 <head>
  <title>
</title>
<meta http-equiv="Content-Type" content="text/html;charset=utf-8" />
  <meta name='ocr-system' content='tesseract 3.04.00' />
  <meta name='ocr-capabilities' content='ocr_page ocr_carea ocr_par ocr_line ocrx_word'/>
</head>
<body>
  <div class='ocr_page' id='page_1' title='image "./quaeextantomniao01oviduoft_0305.png"; bbox 0 0 1884 3112; ppageno 0'>
   <div class='ocr_carea' id='block_1_1' title="bbox 572 227 1166 274">
    <p class='ocr_par' dir='ltr' id='par_1_1' title="bbox 572 227 1166 274">
     <span class='ocr_line' id='line_1_1' title="bbox 572 227 1166 274; baseline 0.003 -2"><span class='ocrx_word' id='word_1_1' title='bbox 572 227 847 274; x_wconf 93' lang='lat' dir='ltr'><strong>SAPPHO</strong></span> <span class='ocrx_word' id='word_1_2' title='bbox 883 228 1166 274; x_wconf 87' lang='lat' dir='ltr'><strong>PHAONI.</strong></span> 
     </span>
    </p>
   </div>
   <div class='ocr_carea' id='block_1_2' title="bbox 146 320 1257 388">
    <p class='ocr_par' dir='ltr' id='par_1_2' title="bbox 146 320 1257 388">
     <span class='ocr_line' id='line_1_2' title="bbox 146 320 1257 388; baseline -0.001 -17"><span class='ocrx_word' id='word_1_3' title='bbox 146 323 210 371; x_wconf 86' lang='lat' dir='ltr'><strong>At</strong></span> <span class='ocrx_word' id='word_1_4' title='bbox 231 340 369 388; x_wconf 89' lang='lat' dir='ltr'><strong>quum</strong></span> <span class='ocrx_word' id='word_1_5' title='bbox 388 339 434 369; x_wconf 90' lang='lat' dir='ltr'><strong>se</strong></span> <span class='ocrx_word' id='word_1_6' title='bbox 457 320 591 369; x_wconf 87' lang='lat' dir='ltr'><strong>Titan</strong></span> <span class='ocrx_word' id='word_1_7' title='bbox 612 320 826 379; x_wconf 79' lang='lat' dir='ltr'><strong>ostendit,</strong></span> <span class='ocrx_word' id='word_1_8' title='bbox 852 333 896 370; x_wconf 91' lang='lat' dir='ltr'><strong>et</strong></span> <span class='ocrx_word' id='word_1_9' title='bbox 919 322 1063 370; x_wconf 89' lang='lat' dir='ltr'><strong>omnia</strong></span> <span class='ocrx_word' id='word_1_10' title='bbox 1088 340 1257 382; x_wconf 80' lang='lat' dir='ltr'><strong>secum,</strong></span> 
     </span>
    </p>
   </div>
   <div class='ocr_carea' id='block_1_3' title="bbox 1480 239 1567 296">
    <p class='ocr_par' dir='ltr' id='par_1_3' title="bbox 1480 239 1567 296">
     <span class='ocr_line' id='line_1_3' title="bbox 1480 239 1567 296; baseline 0.011 -18"><span class='ocrx_word' id='word_1_11' title='bbox 1480 239 1567 296; x_wconf 68' lang='lat'><strong>273</strong></span> 
     </span>
    </p>
   </div>
   <div class='ocr_carea' id='block_1_4' title="bbox 1510 344 1571 377">
    <p class='ocr_par' dir='ltr' id='par_1_4' title="bbox 1510 344 1571 377">
     <span class='ocr_line' id='line_1_4' title="bbox 1510 344 1571 377; baseline 0.033 -2"><span class='ocrx_word' id='word_1_12' title='bbox 1510 344 1571 377; x_wconf 74' lang='lat'><strong>135</strong></span> 
     </span>
    </p>
   </div>
   <div class='ocr_carea' id='block_1_5' title="bbox 148 398 1574 697">
    <p class='ocr_par' dir='ltr' id='par_1_5' title="bbox 212 398 1205 465">
     <span class='ocr_line' id='line_1_5' title="bbox 212 398 1205 465; baseline -0.002 -16"><span class='ocrx_word' id='word_1_13' title='bbox 212 401 325 449; x_wconf 87' lang='lat' dir='ltr'><strong>Tam</strong></span> <span class='ocrx_word' id='word_1_14' title='bbox 347 399 436 448; x_wconf 88' lang='lat' dir='ltr'><strong>cito</strong></span> <span class='ocrx_word' id='word_1_15' title='bbox 460 417 530 447; x_wconf 91' lang='lat' dir='ltr'><strong>me</strong></span> <span class='ocrx_word' id='word_1_16' title='bbox 548 417 731 448; x_wconf 87' lang='lat' dir='ltr'><strong>somnos</strong></span> <span class='ocrx_word' id='word_1_17' title='bbox 755 398 1006 447; x_wconf 82' lang='lat' dir='ltr'><strong>destituisse</strong></span> <span class='ocrx_word' id='word_1_18' title='bbox 1030 418 1205 465; x_wconf 89' lang='lat' dir='ltr'><strong>queror.</strong></span> 
     </span>
    </p>

    <p class='ocr_par' dir='ltr' id='par_1_6' title="bbox 148 477 1574 603">
     <span class='ocr_line' id='line_1_6' title="bbox 148 477 1574 548; baseline 0.002 -22"><span class='ocrx_word' id='word_1_19' title='bbox 148 477 292 526; x_wconf 83' lang='lat' dir='ltr'><strong>Antra</strong></span> <span class='ocrx_word' id='word_1_20' title='bbox 312 495 556 542; x_wconf 85' lang='lat' dir='ltr'><strong>nemusque</strong></span> <span class='ocrx_word' id='word_1_21' title='bbox 578 488 709 543; x_wconf 89' lang='lat' dir='ltr'><strong>peto;</strong></span> <span class='ocrx_word' id='word_1_22' title='bbox 735 488 948 542; x_wconf 85' lang='lat' dir='ltr'><strong>tanquam</strong></span> <span class='ocrx_word' id='word_1_23' title='bbox 969 494 1123 524; x_wconf 87' lang='lat' dir='ltr'><strong>nemus</strong></span> <span class='ocrx_word' id='word_1_24' title='bbox 1144 488 1355 546; x_wconf 86' lang='lat' dir='ltr'><strong>antraque</strong></span> <span class='ocrx_word' id='word_1_25' title='bbox 1372 483 1574 548; x_wconf 80' lang='lat' dir='ltr'><strong>prosint!</strong></span> 
     </span>
     <span class='ocr_line' id='line_1_7' title="bbox 215 551 961 603; baseline -0.004 0"><span class='ocrx_word' id='word_1_26' title='bbox 215 553 405 603; x_wconf 90' lang='lat' dir='ltr'><strong>Conscia</strong></span> <span class='ocrx_word' id='word_1_27' title='bbox 428 552 595 602; x_wconf 89' lang='lat' dir='ltr'><strong>deliciis</strong></span> <span class='ocrx_word' id='word_1_28' title='bbox 618 551 693 602; x_wconf 89' lang='lat' dir='ltr'><strong>illa</strong></span> <span class='ocrx_word' id='word_1_29' title='bbox 715 552 836 601; x_wconf 85' lang='lat' dir='ltr'><strong>fuere</strong></span> <span class='ocrx_word' id='word_1_30' title='bbox 861 552 961 601; x_wconf 90' lang='lat' dir='ltr'><strong>tuis.</strong></span> 
     </span>
    </p>

    <p class='ocr_par' dir='ltr' id='par_1_7' title="bbox 149 627 1285 697">
     <span class='ocr_line' id='line_1_8' title="bbox 149 627 1285 697; baseline -0.001 -16"><span class='ocrx_word' id='word_1_31' title='bbox 149 627 263 681; x_wconf 91' lang='lat' dir='ltr'><strong>Illuc</strong></span> <span class='ocrx_word' id='word_1_32' title='bbox 285 631 446 681; x_wconf 88' lang='lat' dir='ltr'><strong>mentis</strong></span> <span class='ocrx_word' id='word_1_33' title='bbox 467 631 621 697; x_wconf 84' lang='lat' dir='ltr'><strong>inops,</strong></span> <span class='ocrx_word' id='word_1_34' title='bbox 645 642 697 679; x_wconf 93' lang='lat' dir='ltr'><strong>ut</strong></span> <span class='ocrx_word' id='word_1_35' title='bbox 721 649 854 696; x_wconf 90' lang='lat' dir='ltr'><strong>quam</strong></span> <span class='ocrx_word' id='word_1_36' title='bbox 875 628 1046 678; x_wconf 89' lang='lat' dir='ltr'><strong>furialis</strong></span> <span class='ocrx_word' id='word_1_37' title='bbox 1067 630 1285 680; x_wconf 88' lang='lat' dir='ltr'><strong>Erichtho</strong></span> 
     </span>
    </p>
   </div>
   <div class='ocr_carea' id='block_1_6' title="bbox 217 707 1150 778">
    <p class='ocr_par' dir='ltr' id='par_1_8' title="bbox 217 707 1150 778">
     <span class='ocr_line' id='line_1_9' title="bbox 217 707 1150 778; baseline -0.004 -18"><span class='ocrx_word' id='word_1_38' title='bbox 217 709 427 778; x_wconf 89' lang='lat' dir='ltr'><strong>Impulit,</strong></span> <span class='ocrx_word' id='word_1_39' title='bbox 452 710 500 758; x_wconf 90' lang='lat' dir='ltr'><strong>in</strong></span> <span class='ocrx_word' id='word_1_40' title='bbox 523 708 641 758; x_wconf 87' lang='lat' dir='ltr'><strong>collo</strong></span> <span class='ocrx_word' id='word_1_41' title='bbox 666 708 784 757; x_wconf 88' lang='lat' dir='ltr'><strong>crine</strong></span> <span class='ocrx_word' id='word_1_42' title='bbox 803 708 995 773; x_wconf 85' lang='lat' dir='ltr'><strong>jacente,</strong></span> <span class='ocrx_word' id='word_1_43' title='bbox 1020 707 1150 756; x_wconf 87' lang='lat' dir='ltr'><strong>feror.</strong></span> 
     </span>
    </p>
   </div>
   <div class='ocr_carea' id='block_1_7' title="bbox 1513 727 1574 772">
    <p class='ocr_par' dir='ltr' id='par_1_9' title="bbox 1513 727 1574 772">
     <span class='ocr_line' id='line_1_10' title="bbox 1513 727 1574 772; baseline -0.016 -11"><span class='ocrx_word' id='word_1_44' title='bbox 1513 727 1574 772; x_wconf 77' lang='lat'><strong>140</strong></span> 
     </span>
    </p>
   </div>
   <div class='ocr_carea' id='block_1_8' title="bbox 150 784 1298 931">
    <p class='ocr_par' dir='ltr' id='par_1_10' title="bbox 150 784 1298 931">
     <span class='ocr_line' id='line_1_11' title="bbox 150 784 1240 852; baseline -0.004 -15"><span class='ocrx_word' id='word_1_45' title='bbox 150 789 295 838; x_wconf 85' lang='lat' dir='ltr'><strong>Antra</strong></span> <span class='ocrx_word' id='word_1_46' title='bbox 317 788 468 837; x_wconf 87' lang='lat' dir='ltr'><strong>vident</strong></span> <span class='ocrx_word' id='word_1_47' title='bbox 490 785 608 835; x_wconf 90' lang='lat' dir='ltr'><strong>oculi</strong></span> <span class='ocrx_word' id='word_1_48' title='bbox 631 785 787 834; x_wconf 84' lang='lat' dir='ltr'><strong>scabro</strong></span> <span class='ocrx_word' id='word_1_49' title='bbox 807 784 1049 851; x_wconf 85' lang='lat' dir='ltr'><strong>pendentia</strong></span> <span class='ocrx_word' id='word_1_50' title='bbox 1070 784 1212 852; x_wconf 87' lang='lat' dir='ltr'><strong>topho</strong></span> <span class='ocrx_word' id='word_1_51' title='bbox 1226 823 1240 844; x_wconf 87' lang='lat'>‚</span> 
     </span>
     <span class='ocr_line' id='line_1_12' title="bbox 216 862 1298 931; baseline -0.002 -16"><span class='ocrx_word' id='word_1_52' title='bbox 216 865 330 930; x_wconf 83' lang='lat' dir='ltr'><strong>Quae</strong></span> <span class='ocrx_word' id='word_1_53' title='bbox 351 864 462 923; x_wconf 85' lang='lat' dir='ltr'><strong>mihi</strong></span> <span class='ocrx_word' id='word_1_54' title='bbox 484 862 722 931; x_wconf 82' lang='lat' dir='ltr'><strong>Mygdonii</strong></span> <span class='ocrx_word' id='word_1_55' title='bbox 744 862 975 911; x_wconf 89' lang='lat' dir='ltr'><strong>marmoris</strong></span> <span class='ocrx_word' id='word_1_56' title='bbox 999 862 1139 912; x_wconf 87' lang='lat' dir='ltr'><strong>instar</strong></span> <span class='ocrx_word' id='word_1_57' title='bbox 1162 877 1298 913; x_wconf 86' lang='lat' dir='ltr'><strong>erant.</strong></span> 
     </span>
    </p>
   </div>
   <div class='ocr_carea' id='block_1_9' title="bbox 149 1029 792 1123">
    <p class='ocr_par' dir='ltr' id='par_1_11' title="bbox 149 1029 792 1123">
     <span class='ocr_line' id='line_1_13' title="bbox 149 1029 792 1066; baseline -0.003 -8"><span class='ocrx_word' id='word_1_58' title='bbox 149 1031 302 1066; x_wconf 64' lang='lat' dir='ltr'><strong>Nequitiam</strong></span> <span class='ocrx_word' id='word_1_59' title='bbox 320 1030 410 1064; x_wconf 66' lang='lat' dir='ltr'><strong>fugio,</strong></span> <span class='ocrx_word' id='word_1_60' title='bbox 425 1030 568 1064; x_wconf 66' lang='lat' dir='ltr'><strong>fugientem</strong></span> <span class='ocrx_word' id='word_1_61' title='bbox 580 1029 665 1056; x_wconf 71' lang='lat' dir='ltr'><strong>form·</strong></span> <span class='ocrx_word' id='word_1_62' title='bbox 677 1030 792 1056; x_wconf 75' lang='lat' dir='ltr'><strong>reducet.</strong></span> 
     </span>
     <span class='ocr_line' id='line_1_14' title="bbox 151 1073 563 1123; baseline -0.005 -12"><span class='ocrx_word' id='word_1_63' title='bbox 151 1074 239 1111; x_wconf 85' lang='lat' dir='ltr'><strong>Mox</strong></span> <span class='ocrx_word' id='word_1_64' title='bbox 256 1073 352 1110; x_wconf 80' lang='lat' dir='ltr'><strong>addit</strong></span> <span class='ocrx_word' id='word_1_65' title='bbox 365 1101 376 1119; x_wconf 87' lang='lat'>,</span> <span class='ocrx_word' id='word_1_66' title='bbox 392 1087 481 1110; x_wconf 82' lang='lat' dir='ltr'><strong>vers.</strong></span> <span class='ocrx_word' id='word_1_67' title='bbox 495 1074 539 1123; x_wconf 81' lang='lat'><strong>39</strong></span> <span class='ocrx_word' id='word_1_68' title='bbox 554 1087 563 1109; x_wconf 91' lang='lat'>:</span> 
     </span>
    </p>
   </div>
   <div class='ocr_carea' id='block_1_10' title="bbox 142 1130 830 2802">
    <p class='ocr_par' dir='ltr' id='par_1_12' title="bbox 149 1130 829 1381">
     <span class='ocr_line' id='line_1_15' title="bbox 149 1130 801 1164; baseline -0.005 -7"><span class='ocrx_word' id='word_1_69' title='bbox 149 1131 192 1157; x_wconf 64' lang='lat' dir='ltr'><strong>ste</strong></span> <span class='ocrx_word' id='word_1_70' title='bbox 201 1139 249 1164; x_wconf 66' lang='lat' dir='ltr'><strong>ego</strong></span> <span class='ocrx_word' id='word_1_71' title='bbox 259 1139 307 1156; x_wconf 80' lang='lat' dir='ltr'><strong>nee</strong></span> <span class='ocrx_word' id='word_1_72' title='bbox 319 1130 374 1155; x_wconf 69' lang='lat' dir='ltr'><strong>sine</strong></span> <span class='ocrx_word' id='word_1_73' title='bbox 384 1135 423 1162; x_wconf 72' lang='lat' dir='ltr'><strong>te,</strong></span> <span class='ocrx_word' id='word_1_74' title='bbox 434 1138 481 1155; x_wconf 71' lang='lat' dir='ltr'><strong>nec</strong></span> <span class='ocrx_word' id='word_1_75' title='bbox 493 1135 579 1155; x_wconf 70' lang='lat' dir='ltr'><strong>tecum</strong></span> <span class='ocrx_word' id='word_1_76' title='bbox 588 1130 677 1155; x_wconf 77' lang='lat' dir='ltr'><strong>vivere</strong></span> <span class='ocrx_word' id='word_1_77' title='bbox 685 1137 801 1163; x_wconf 70' lang='lat' dir='ltr'><strong>possum.</strong></span> 
     </span>
     <span class='ocr_line' id='line_1_16' title="bbox 152 1178 828 1226; baseline -0.006 -10"><span class='ocrx_word' id='word_1_78' title='bbox 152 1179 246 1226; x_wconf 64' lang='lat' dir='ltr'><strong>Qua</strong></span> <span class='ocrx_word' id='word_1_79' title='bbox 260 1192 371 1226; x_wconf 89' lang='lat' dir='ltr'><strong>quum</strong></span> <span class='ocrx_word' id='word_1_80' title='bbox 385 1180 434 1215; x_wconf 81' lang='lat' dir='ltr'><strong>ita</strong></span> <span class='ocrx_word' id='word_1_81' title='bbox 447 1179 517 1214; x_wconf 83' lang='lat' dir='ltr'><strong>sint</strong></span> <span class='ocrx_word' id='word_1_82' title='bbox 528 1205 538 1222; x_wconf 91' lang='lat'>,</span> <span class='ocrx_word' id='word_1_83' title='bbox 555 1178 677 1224; x_wconf 84' lang='lat' dir='ltr'><strong>quanti</strong></span> <span class='ocrx_word' id='word_1_84' title='bbox 688 1191 762 1212; x_wconf 88' lang='lat' dir='ltr'><strong>non</strong></span> <span class='ocrx_word' id='word_1_85' title='bbox 775 1178 828 1213; x_wconf 87' lang='lat' dir='ltr'><strong>sa-</strong></span> 
     </span>
     <span class='ocr_line' id='line_1_17' title="bbox 150 1230 829 1278; baseline -0.004 -9"><span class='ocrx_word' id='word_1_86' title='bbox 150 1232 295 1278; x_wconf 72' lang='lat' dir='ltr'><strong>ciendus</strong></span> <span class='ocrx_word' id='word_1_87' title='bbox 304 1231 474 1268; x_wconf 86' lang='lat' dir='ltr'><strong>codexille</strong></span> <span class='ocrx_word' id='word_1_88' title='bbox 486 1230 658 1274; x_wconf 65' lang='lat' dir='ltr'><strong>Francos,</strong></span> <span class='ocrx_word' id='word_1_89' title='bbox 669 1231 726 1276; x_wconf 90' lang='lat' dir='ltr'><strong>qui</strong></span> <span class='ocrx_word' id='word_1_90' title='bbox 737 1231 829 1266; x_wconf 86' lang='lat' dir='ltr'><strong>solus</strong></span> 
     </span>
     <span class='ocr_line' id='line_1_18' title="bbox 151 1282 829 1329; baseline -0.007 -8"><span class='ocrx_word' id='word_1_91' title='bbox 151 1285 300 1320; x_wconf 83' lang='lat' dir='ltr'><strong>servavit</strong></span> <span class='ocrx_word' id='word_1_92' title='bbox 315 1292 473 1320; x_wconf 86' lang='lat' dir='ltr'><strong>veterem</strong></span> <span class='ocrx_word' id='word_1_93' title='bbox 484 1310 495 1329; x_wconf 90' lang='lat'>‚</span> <span class='ocrx_word' id='word_1_94' title='bbox 511 1290 547 1319; x_wconf 87' lang='lat' dir='ltr'><strong>et</strong></span> <span class='ocrx_word' id='word_1_95' title='bbox 561 1282 703 1328; x_wconf 85' lang='lat' dir='ltr'><strong>reliquis</strong></span> <span class='ocrx_word' id='word_1_96' title='bbox 717 1283 829 1318; x_wconf 88' lang='lat' dir='ltr'><strong>libra—</strong></span> 
     </span>
     <span class='ocr_line' id='line_1_19' title="bbox 151 1335 771 1381; baseline -0.003 -9"><span class='ocrx_word' id='word_1_97' title='bbox 151 1337 210 1374; x_wconf 82' lang='lat' dir='ltr'><strong>riis</strong></span> <span class='ocrx_word' id='word_1_98' title='bbox 224 1350 298 1372; x_wconf 91' lang='lat' dir='ltr'><strong>non</strong></span> <span class='ocrx_word' id='word_1_99' title='bbox 310 1336 522 1372; x_wconf 85' lang='lat' dir='ltr'><strong>intellectam</strong></span> <span class='ocrx_word' id='word_1_100' title='bbox 540 1335 748 1381; x_wconf 81' lang='lat' dir='ltr'><strong>scripturam</strong></span> <span class='ocrx_word' id='word_1_101' title='bbox 762 1347 771 1370; x_wconf 89' lang='lat'>:</span> 
     </span>
    </p>

    <p class='ocr_par' dir='ltr' id='par_1_13' title="bbox 150 1394 830 1756">
     <span class='ocr_line' id='line_1_20' title="bbox 184 1394 730 1431; baseline -0.009 -8"><span class='ocrx_word' id='word_1_102' title='bbox 184 1398 219 1423; x_wconf 70' lang='lat'><strong>12</strong></span> <span class='ocrx_word' id='word_1_103' title='bbox 231 1398 308 1431; x_wconf 73' lang='lat' dir='ltr'><strong>juv-t</strong></span> <span class='ocrx_word' id='word_1_104' title='bbox 317 1417 327 1429; x_wconf 92' lang='lat'><strong><em>,</em></strong></span> <span class='ocrx_word' id='word_1_105' title='bbox 338 1403 365 1422; x_wconf 81' lang='lat' dir='ltr'><strong>et</strong></span> <span class='ocrx_word' id='word_1_106' title='bbox 377 1397 445 1422; x_wconf 70' lang='lat' dir='ltr'><strong>sicca</strong></span> <span class='ocrx_word' id='word_1_107' title='bbox 455 1405 508 1421; x_wconf 85' lang='lat' dir='ltr'><strong>non</strong></span> <span class='ocrx_word' id='word_1_108' title='bbox 517 1396 577 1421; x_wconf 83' lang='lat' dir='ltr'><strong>licet</strong></span> <span class='ocrx_word' id='word_1_109' title='bbox 588 1404 645 1420; x_wconf 75' lang='lat' dir='ltr'><strong>esse</strong></span> <span class='ocrx_word' id='word_1_110' title='bbox 655 1394 730 1419; x_wconf 84' lang='lat' dir='ltr'><strong>mihi.</strong></span> 
     </span>
     <span class='ocr_line' id='line_1_21' title="bbox 151 1444 830 1492; baseline -0.006 -10"><span class='ocrx_word' id='word_1_111' title='bbox 151 1445 360 1492; x_wconf 77' lang='lat' dir='ltr'><strong>Legendum</strong></span> <span class='ocrx_word' id='word_1_112' title='bbox 373 1444 543 1479; x_wconf 83' lang='lat' dir='ltr'><strong>nimirum</strong></span> <span class='ocrx_word' id='word_1_113' title='bbox 553 1471 564 1489; x_wconf 85' lang='lat'>‚</span> <span class='ocrx_word' id='word_1_114' title='bbox 586 1444 733 1479; x_wconf 88' lang='lat' dir='ltr'><strong>minima</strong></span> <span class='ocrx_word' id='word_1_115' title='bbox 747 1455 830 1478; x_wconf 87' lang='lat' dir='ltr'><strong>mu-</strong></span> 
     </span>
     <span class='ocr_line' id='line_1_22' title="bbox 151 1495 829 1543; baseline -0.007 -9"><span class='ocrx_word' id='word_1_116' title='bbox 151 1499 284 1534; x_wconf 82' lang='lat' dir='ltr'><strong>tatione</strong></span> <span class='ocrx_word' id='word_1_117' title='bbox 293 1524 304 1543; x_wconf 92' lang='lat'>,</span> <span class='ocrx_word' id='word_1_118' title='bbox 325 1501 434 1532; x_wconf 69' lang='lat' dir='ltr'><strong>sicce.</strong></span> <span class='ocrx_word' id='word_1_119' title='bbox 449 1497 581 1534; x_wconf 74' lang='lat' dir='ltr'><strong>Bumu.</strong></span> <span class='ocrx_word' id='word_1_120' title='bbox 594 1514 640 1522; x_wconf 91' lang='lat'><em>-</em></span> <span class='ocrx_word' id='word_1_121' title='bbox 654 1495 829 1530; x_wconf 83' lang='lat' dir='ltr'><strong>Audacius</strong></span> 
     </span>
     <span class='ocr_line' id='line_1_23' title="bbox 153 1549 828 1597; baseline -0.007 -10"><span class='ocrx_word' id='word_1_122' title='bbox 153 1558 262 1595; x_wconf 87' lang='lat' dir='ltr'><strong>certe,</strong></span> <span class='ocrx_word' id='word_1_123' title='bbox 272 1563 378 1597; x_wconf 82' lang='lat' dir='ltr'><strong>quam</strong></span> <span class='ocrx_word' id='word_1_124' title='bbox 386 1549 509 1586; x_wconf 81' lang='lat' dir='ltr'><strong>castius</strong></span> <span class='ocrx_word' id='word_1_125' title='bbox 518 1549 526 1584; x_wconf 91' lang='lat'>!</span> <span class='ocrx_word' id='word_1_126' title='bbox 537 1549 727 1585; x_wconf 84' lang='lat' dir='ltr'><strong>Praeseram</strong></span> <span class='ocrx_word' id='word_1_127' title='bbox 734 1549 828 1594; x_wconf 90' lang='lat' dir='ltr'><strong>equi-</strong></span> 
     </span>
     <span class='ocr_line' id='line_1_24' title="bbox 152 1600 825 1647; baseline -0.009 -8"><span class='ocrx_word' id='word_1_128' title='bbox 152 1604 236 1640; x_wconf 85' lang='lat' dir='ltr'><strong>dem</strong></span> <span class='ocrx_word' id='word_1_129' title='bbox 252 1602 426 1638; x_wconf 79' lang='lat' dir='ltr'><strong>Hoeufflii</strong></span> <span class='ocrx_word' id='word_1_130' title='bbox 435 1627 446 1647; x_wconf 89' lang='lat'>,</span> <span class='ocrx_word' id='word_1_131' title='bbox 473 1601 538 1636; x_wconf 81' lang='lat' dir='ltr'><strong>viri</strong></span> <span class='ocrx_word' id='word_1_132' title='bbox 561 1600 825 1646; x_wconf 83' lang='lat' dir='ltr'><strong>elegantissimi,</strong></span> 
     </span>
     <span class='ocr_line' id='line_1_25' title="bbox 150 1654 824 1702; baseline -0.009 -10"><span class='ocrx_word' id='word_1_133' title='bbox 150 1656 390 1702; x_wconf 79' lang='lat' dir='ltr'><strong>conjecturam</strong></span> <span class='ocrx_word' id='word_1_134' title='bbox 398 1679 410 1698; x_wconf 82' lang='lat'>,</span> <span class='ocrx_word' id='word_1_135' title='bbox 440 1654 478 1688; x_wconf 84' lang='lat' dir='ltr'><strong>in</strong></span> <span class='ocrx_word' id='word_1_136' title='bbox 491 1655 654 1698; x_wconf 74' lang='lat' dir='ltr'><strong>pen‘culis</strong></span> <span class='ocrx_word' id='word_1_137' title='bbox 677 1655 805 1687; x_wconf 78' lang='lat' dir='ltr'><strong>criticis</strong></span> <span class='ocrx_word' id='word_1_138' title='bbox 814 1679 824 1695; x_wconf 86' lang='lat'>‚</span> 
     </span>
     <span class='ocr_line' id='line_1_26' title="bbox 150 1705 696 1756; baseline -0.007 -12"><span class='ocrx_word' id='word_1_139' title='bbox 150 1722 184 1756; x_wconf 90' lang='lat' dir='ltr'><strong>p.</strong></span> <span class='ocrx_word' id='word_1_140' title='bbox 199 1708 284 1755; x_wconf 83' lang='lat'>278,</span> <span class='ocrx_word' id='word_1_141' title='bbox 299 1705 490 1754; x_wconf 78' lang='lat' dir='ltr'><strong>legendum</strong></span> <span class='ocrx_word' id='word_1_142' title='bbox 504 1705 696 1741; x_wconf 83' lang='lat' dir='ltr'><strong>censentis:</strong></span> 
     </span>
    </p>

    <p class='ocr_par' dir='ltr' id='par_1_14' title="bbox 181 1757 703 1797">
     <span class='ocr_line' id='line_1_27' title="bbox 181 1757 703 1797; baseline -0.01 -8"><span class='ocrx_word' id='word_1_143' title='bbox 181 1764 216 1790; x_wconf 73' lang='lat'><strong>12</strong></span> <span class='ocrx_word' id='word_1_144' title='bbox 226 1764 302 1797; x_wconf 75' lang='lat' dir='ltr'><strong>iuvat</strong></span> <span class='ocrx_word' id='word_1_145' title='bbox 311 1767 338 1787; x_wconf 78' lang='lat' dir='ltr'><strong>et</strong></span> <span class='ocrx_word' id='word_1_146' title='bbox 346 1762 402 1787; x_wconf 73' lang='lat' dir='ltr'><strong>nine</strong></span> <span class='ocrx_word' id='word_1_147' title='bbox 411 1766 437 1786; x_wconf 81' lang='lat' dir='ltr'><strong>te</strong></span> <span class='ocrx_word' id='word_1_148' title='bbox 446 1761 482 1786; x_wconf 70' lang='lat' dir='ltr'><strong>uic</strong></span> <span class='ocrx_word' id='word_1_149' title='bbox 491 1760 555 1785; x_wconf 83' lang='lat' dir='ltr'><strong>libet</strong></span> <span class='ocrx_word' id='word_1_150' title='bbox 564 1768 620 1785; x_wconf 73' lang='lat' dir='ltr'><strong>ene</strong></span> <span class='ocrx_word' id='word_1_151' title='bbox 629 1757 703 1785; x_wconf 82' lang='lat' dir='ltr'><strong>mihi.</strong></span> 
     </span>
    </p>

    <p class='ocr_par' dir='ltr' id='par_1_15' title="bbox 142 1809 828 2059">
     <span class='ocr_line' id='line_1_28' title="bbox 151 1809 828 1855; baseline -0.006 -6"><span class='ocrx_word' id='word_1_152' title='bbox 151 1812 224 1850; x_wconf 89' lang='lat' dir='ltr'><strong>Sed</strong></span> <span class='ocrx_word' id='word_1_153' title='bbox 246 1813 338 1848; x_wconf 85' lang='lat' dir='ltr'><strong>sorte</strong></span> <span class='ocrx_word' id='word_1_154' title='bbox 352 1809 442 1846; x_wconf 85' lang='lat' dir='ltr'><strong>nihil</strong></span> <span class='ocrx_word' id='word_1_155' title='bbox 459 1809 672 1845; x_wconf 77' lang='lat' dir='ltr'><strong>mutandum</strong></span> <span class='ocrx_word' id='word_1_156' title='bbox 688 1822 696 1844; x_wconf 91' lang='lat'><strong>:</strong></span> <span class='ocrx_word' id='word_1_157' title='bbox 712 1815 828 1855; x_wconf 89' lang='lat' dir='ltr'><strong>potest</strong></span> 
     </span>
     <span class='ocr_line' id='line_1_29' title="bbox 150 1863 828 1910; baseline -0.01 -7"><span class='ocrx_word' id='word_1_158' title='bbox 150 1867 248 1904; x_wconf 82' lang='lat' dir='ltr'><strong>enim</strong></span> <span class='ocrx_word' id='word_1_159' title='bbox 270 1865 329 1900; x_wconf 85' lang='lat' dir='ltr'><strong>hic</strong></span> <span class='ocrx_word' id='word_1_160' title='bbox 352 1863 498 1910; x_wconf 62' lang='lat' dir='ltr'><strong>vulgata</strong></span> <span class='ocrx_word' id='word_1_161' title='bbox 523 1875 644 1899; x_wconf 76' lang='lat' dir='ltr'><strong>sensus</strong></span> <span class='ocrx_word' id='word_1_162' title='bbox 669 1875 741 1897; x_wconf 85' lang='lat' dir='ltr'><strong>esse</strong></span> <span class='ocrx_word' id='word_1_163' title='bbox 762 1875 771 1897; x_wconf 89' lang='lat'><strong>:</strong></span> <span class='ocrx_word' id='word_1_164' title='bbox 792 1868 828 1896; x_wconf 87' lang='lat' dir='ltr'><strong>et</strong></span> 
     </span>
     <span class='ocr_line' id='line_1_30' title="bbox 142 1914 827 1963; baseline -0.01 -9"><span class='ocrx_word' id='word_1_165' title='bbox 142 1919 262 1963; x_wconf 69' lang='lat' dir='ltr'><strong>fimat,</strong></span> <span class='ocrx_word' id='word_1_166' title='bbox 280 1923 317 1951; x_wconf 88' lang='lat' dir='ltr'><strong>et</strong></span> <span class='ocrx_word' id='word_1_167' title='bbox 326 1916 396 1951; x_wconf 84' lang='lat' dir='ltr'><strong>sert</strong></span> <span class='ocrx_word' id='word_1_168' title='bbox 405 1914 512 1950; x_wconf 88' lang='lat' dir='ltr'><strong>libido</strong></span> <span class='ocrx_word' id='word_1_169' title='bbox 523 1941 533 1959; x_wconf 89' lang='lat'>,</span> <span class='ocrx_word' id='word_1_170' title='bbox 549 1922 589 1950; x_wconf 86' lang='lat' dir='ltr'><strong>ut</strong></span> <span class='ocrx_word' id='word_1_171' title='bbox 605 1926 827 1960; x_wconf 87' lang='lat' dir='ltr'><strong>quocumque</strong></span> 
     </span>
     <span class='ocr_line' id='line_1_31' title="bbox 150 1966 828 2008; baseline -0.01 -2"><span class='ocrx_word' id='word_1_172' title='bbox 150 1969 297 2006; x_wconf 85' lang='lat' dir='ltr'><strong>tandem</strong></span> <span class='ocrx_word' id='word_1_173' title='bbox 305 1968 414 2004; x_wconf 88' lang='lat' dir='ltr'><strong>modo</strong></span> <span class='ocrx_word' id='word_1_174' title='bbox 425 1974 542 2003; x_wconf 88' lang='lat' dir='ltr'><strong>tecum</strong></span> <span class='ocrx_word' id='word_1_175' title='bbox 551 1966 618 2002; x_wconf 89' lang='lat' dir='ltr'><strong>sim</strong></span> <span class='ocrx_word' id='word_1_176' title='bbox 631 1981 639 2008; x_wconf 88' lang='lat'>;</span> <span class='ocrx_word' id='word_1_177' title='bbox 659 1978 743 2001; x_wconf 87' lang='lat' dir='ltr'><strong>nam</strong></span> <span class='ocrx_word' id='word_1_178' title='bbox 752 1969 828 2001; x_wconf 82' lang='lat' dir='ltr'><strong>sine</strong></span> 
     </span>
     <span class='ocr_line' id='line_1_32' title="bbox 151 2018 666 2059; baseline -0.014 0"><span class='ocrx_word' id='word_1_179' title='bbox 151 2028 188 2059; x_wconf 77' lang='lat' dir='ltr'><strong>te</strong></span> <span class='ocrx_word' id='word_1_180' title='bbox 200 2035 274 2059; x_wconf 78' lang='lat' dir='ltr'><strong>esse</strong></span> <span class='ocrx_word' id='word_1_181' title='bbox 291 2033 367 2057; x_wconf 90' lang='lat' dir='ltr'><strong>non</strong></span> <span class='ocrx_word' id='word_1_182' title='bbox 383 2022 476 2056; x_wconf 80' lang='lat' dir='ltr'><strong>libet.</strong></span> <span class='ocrx_word' id='word_1_183' title='bbox 504 2018 666 2054; x_wconf 62' lang='lat' dir='ltr'><strong>Leman.</strong></span> 
     </span>
    </p>

    <p class='ocr_par' dir='ltr' id='par_1_16' title="bbox 152 2070 829 2173">
     <span class='ocr_line' id='line_1_33' title="bbox 186 2070 829 2116; baseline -0.011 -5"><span class='ocrx_word' id='word_1_184' title='bbox 186 2075 258 2111; x_wconf 82' lang='lat'><strong>138.</strong></span> <span class='ocrx_word' id='word_1_185' title='bbox 265 2076 371 2111; x_wconf 75' lang='lat' dir='ltr'><strong>Fuem</strong></span> <span class='ocrx_word' id='word_1_186' title='bbox 377 2073 559 2108; x_wconf 57' lang='lat' dir='ltr'><strong>tuanmeis.</strong></span> <span class='ocrx_word' id='word_1_187' title='bbox 570 2070 829 2116; x_wconf 88' lang='lat' dir='ltr'><strong>Editionesplu-</strong></span> 
     </span>
     <span class='ocr_line' id='line_1_34' title="bbox 152 2122 827 2173; baseline -0.012 -9"><span class='ocrx_word' id='word_1_188' title='bbox 152 2128 271 2173; x_wconf 63' lang='lat' dir='ltr'><strong>rima,</strong></span> <span class='ocrx_word' id='word_1_189' title='bbox 287 2134 324 2164; x_wconf 85' lang='lat' dir='ltr'><strong>et</strong></span> <span class='ocrx_word' id='word_1_190' title='bbox 331 2125 466 2162; x_wconf 81' lang='lat' dir='ltr'><strong>codices</strong></span> <span class='ocrx_word' id='word_1_191' title='bbox 477 2123 638 2159; x_wconf 85' lang='lat' dir='ltr'><strong>Francos.</strong></span> <span class='ocrx_word' id='word_1_192' title='bbox 646 2130 681 2158; x_wconf 89' lang='lat' dir='ltr'><strong>et</strong></span> <span class='ocrx_word' id='word_1_193' title='bbox 692 2136 750 2157; x_wconf 85' lang='lat' dir='ltr'><strong>sex</strong></span> <span class='ocrx_word' id='word_1_194' title='bbox 761 2122 827 2157; x_wconf 90' lang='lat' dir='ltr'><strong>alii.</strong></span> 
     </span>
    </p>

    <p class='ocr_par' dir='ltr' id='par_1_17' title="bbox 150 2174 828 2540">
     <span class='ocr_line' id='line_1_35' title="bbox 184 2174 827 2228; baseline -0.012 -12"><span class='ocrx_word' id='word_1_195' title='bbox 184 2174 827 2228; x_wconf 67' lang='lat' dir='ltr'><strong>139.Fun‘alaekEn&#39;chto.ErichtoThes-</strong></span> 
     </span>
     <span class='ocr_line' id='line_1_36' title="bbox 151 2227 828 2274; baseline -0.013 -5"><span class='ocrx_word' id='word_1_196' title='bbox 151 2233 252 2270; x_wconf 84' lang='lat' dir='ltr'><strong>salica</strong></span> <span class='ocrx_word' id='word_1_197' title='bbox 258 2230 426 2274; x_wconf 82' lang='lat' dir='ltr'><strong>venefica,</strong></span> <span class='ocrx_word' id='word_1_198' title='bbox 438 2229 508 2265; x_wconf 79' lang='lat' dir='ltr'><strong>sive</strong></span> <span class='ocrx_word' id='word_1_199' title='bbox 519 2241 619 2274; x_wconf 84' lang='lat' dir='ltr'><strong>maga</strong></span> <span class='ocrx_word' id='word_1_200' title='bbox 628 2227 695 2262; x_wconf 89' lang='lat' dir='ltr'><strong>suit</strong></span> <span class='ocrx_word' id='word_1_201' title='bbox 705 2253 714 2271; x_wconf 94' lang='lat'>,</span> <span class='ocrx_word' id='word_1_202' title='bbox 728 2227 828 2272; x_wconf 86' lang='lat' dir='ltr'><strong>cujus</strong></span> 
     </span>
     <span class='ocr_line' id='line_1_37' title="bbox 153 2281 827 2332; baseline -0.009 -11"><span class='ocrx_word' id='word_1_203' title='bbox 153 2297 260 2332; x_wconf 88' lang='lat' dir='ltr'><strong>opera</strong></span> <span class='ocrx_word' id='word_1_204' title='bbox 268 2283 393 2320; x_wconf 79' lang='lat' dir='ltr'><strong>Sextus</strong></span> <span class='ocrx_word' id='word_1_205' title='bbox 399 2281 588 2327; x_wconf 84' lang='lat' dir='ltr'><strong>Pompeius</strong></span> <span class='ocrx_word' id='word_1_206' title='bbox 598 2292 736 2326; x_wconf 86' lang='lat' dir='ltr'><strong>quoque</strong></span> <span class='ocrx_word' id='word_1_207' title='bbox 747 2292 827 2315; x_wconf 87' lang='lat' dir='ltr'><strong>usus</strong></span> 
     </span>
     <span class='ocr_line' id='line_1_38' title="bbox 151 2332 826 2381; baseline -0.012 -7"><span class='ocrx_word' id='word_1_208' title='bbox 151 2338 219 2374; x_wconf 78' lang='lat' dir='ltr'><strong>suit</strong></span> <span class='ocrx_word' id='word_1_209' title='bbox 234 2350 243 2372; x_wconf 73' lang='grc' dir='ltr'><strong>ι</strong></span> <span class='ocrx_word' id='word_1_210' title='bbox 259 2335 303 2371; x_wconf 88' lang='lat' dir='ltr'><strong>de</strong></span> <span class='ocrx_word' id='word_1_211' title='bbox 320 2347 390 2381; x_wconf 85' lang='lat' dir='ltr'><strong>qua</strong></span> <span class='ocrx_word' id='word_1_212' title='bbox 403 2333 531 2380; x_wconf 82' lang='lat' dir='ltr'><strong>prolixe</strong></span> <span class='ocrx_word' id='word_1_213' title='bbox 548 2333 676 2367; x_wconf 84' lang='lat' dir='ltr'><strong>Lucan.</strong></span> <span class='ocrx_word' id='word_1_214' title='bbox 690 2332 746 2367; x_wconf 91' lang='lat' dir='ltr'><strong>lib.</strong></span> <span class='ocrx_word' id='word_1_215' title='bbox 762 2343 802 2367; x_wconf 86' lang='lat' dir='ltr'><strong>v1</strong></span> <span class='ocrx_word' id='word_1_216' title='bbox 816 2345 826 2374; x_wconf 92' lang='lat'>;</span> 
     </span>
     <span class='ocr_line' id='line_1_39' title="bbox 150 2384 825 2432; baseline -0.013 -5"><span class='ocrx_word' id='word_1_217' title='bbox 150 2390 211 2427; x_wconf 86' lang='lat' dir='ltr'><strong>sed</strong></span> <span class='ocrx_word' id='word_1_218' title='bbox 221 2389 278 2424; x_wconf 85' lang='lat' dir='ltr'><strong>hic</strong></span> <span class='ocrx_word' id='word_1_219' title='bbox 287 2386 435 2424; x_wconf 84' lang='lat' dir='ltr'><strong>Ovidius</strong></span> <span class='ocrx_word' id='word_1_220' title='bbox 445 2398 508 2432; x_wconf 92' lang='lat' dir='ltr'><strong>pro</strong></span> <span class='ocrx_word' id='word_1_221' title='bbox 517 2384 668 2431; x_wconf 86' lang='lat' dir='ltr'><strong>generali</strong></span> <span class='ocrx_word' id='word_1_222' title='bbox 680 2384 825 2419; x_wconf 88' lang='lat' dir='ltr'><strong>nomine</strong></span> 
     </span>
     <span class='ocr_line' id='line_1_40' title="bbox 151 2436 828 2485; baseline -0.012 -6"><span class='ocrx_word' id='word_1_223' title='bbox 151 2441 389 2479; x_wconf 77' lang='lat' dir='ltr'><strong>veneficarum</strong></span> <span class='ocrx_word' id='word_1_224' title='bbox 407 2438 557 2485; x_wconf 80' lang='lat' dir='ltr'><strong>posuisse</strong></span> <span class='ocrx_word' id='word_1_225' title='bbox 572 2436 727 2478; x_wconf 61' lang='lat' dir='ltr'><strong>videtum</strong></span> <span class='ocrx_word' id='word_1_226' title='bbox 748 2449 828 2483; x_wconf 88' lang='lat' dir='ltr'><strong>spe-</strong></span> 
     </span>
     <span class='ocr_line' id='line_1_41' title="bbox 151 2489 826 2540; baseline -0.007 -11"><span class='ocrx_word' id='word_1_227' title='bbox 151 2496 241 2532; x_wconf 81' lang='lat' dir='ltr'><strong>ciem</strong></span> <span class='ocrx_word' id='word_1_228' title='bbox 249 2506 314 2540; x_wconf 90' lang='lat' dir='ltr'><strong>pro</strong></span> <span class='ocrx_word' id='word_1_229' title='bbox 325 2504 452 2539; x_wconf 82' lang='lat' dir='ltr'><strong>genere</strong></span> <span class='ocrx_word' id='word_1_230' title='bbox 463 2489 673 2536; x_wconf 84' lang='lat' dir='ltr'><strong>usurpando.</strong></span> <span class='ocrx_word' id='word_1_231' title='bbox 689 2489 826 2524; x_wconf 68' lang='lat' dir='ltr'><strong>Mlcvl..</strong></span> 
     </span>
    </p>

    <p class='ocr_par' dir='ltr' id='par_1_18' title="bbox 152 2541 830 2802">
     <span class='ocr_line' id='line_1_42' title="bbox 199 2541 827 2590; baseline -0.011 -8"><span class='ocrx_word' id='word_1_232' title='bbox 199 2548 271 2590; x_wconf 76' lang='lat'>140.</span> <span class='ocrx_word' id='word_1_233' title='bbox 295 2546 441 2589; x_wconf 70' lang='lat' dir='ltr'><strong>Impulit.</strong></span> <span class='ocrx_word' id='word_1_234' title='bbox 472 2541 599 2587; x_wconf 85' lang='lat' dir='ltr'><strong>Scripti</strong></span> <span class='ocrx_word' id='word_1_235' title='bbox 623 2541 725 2576; x_wconf 88' lang='lat' dir='ltr'><strong>multi</strong></span> <span class='ocrx_word' id='word_1_236' title='bbox 745 2553 827 2576; x_wconf 87' lang='lat' dir='ltr'><strong>cum</strong></span> 
     </span>
     <span class='ocr_line' id='line_1_43' title="bbox 152 2593 827 2646; baseline -0.009 -11"><span class='ocrx_word' id='word_1_237' title='bbox 152 2598 274 2646; x_wconf 83' lang='lat' dir='ltr'><strong>primis</strong></span> <span class='ocrx_word' id='word_1_238' title='bbox 303 2595 512 2632; x_wconf 81' lang='lat' dir='ltr'><strong>editionibus</strong></span> <span class='ocrx_word' id='word_1_239' title='bbox 540 2594 693 2635; x_wconf 65' lang='lat' dir='ltr'><em>Auula,-</em></span> <span class='ocrx_word' id='word_1_240' title='bbox 732 2593 827 2629; x_wconf 90' lang='lat' dir='ltr'><strong>unde</strong></span> 
     </span>
     <span class='ocr_line' id='line_1_44' title="bbox 152 2646 828 2694; baseline -0.012 -6"><span class='ocrx_word' id='word_1_241' title='bbox 152 2653 304 2688; x_wconf 62' lang='lat' dir='ltr'><strong>Ariona!</strong></span> <span class='ocrx_word' id='word_1_242' title='bbox 316 2649 400 2684; x_wconf 86' lang='lat' dir='ltr'><strong>olim</strong></span> <span class='ocrx_word' id='word_1_243' title='bbox 415 2647 600 2694; x_wconf 82' lang='lat' dir='ltr'><strong>fingebam.</strong></span> <span class='ocrx_word' id='word_1_244' title='bbox 612 2646 716 2682; x_wconf 89' lang='lat' dir='ltr'><strong>Nunc</strong></span> <span class='ocrx_word' id='word_1_245' title='bbox 728 2649 828 2681; x_wconf 84' lang='lat' dir='ltr'><em>Abs-</em></span> 
     </span>
     <span class='ocr_line' id='line_1_45' title="bbox 154 2699 829 2749; baseline -0.009 -10"><span class='ocrx_word' id='word_1_246' title='bbox 154 2705 234 2739; x_wconf 72' lang='lat' dir='ltr'><strong>tulit</strong></span> <span class='ocrx_word' id='word_1_247' title='bbox 243 2714 378 2749; x_wconf 83' lang='lat' dir='ltr'><strong>repono</strong></span> <span class='ocrx_word' id='word_1_248' title='bbox 389 2727 398 2745; x_wconf 91' lang='lat'>,</span> <span class='ocrx_word' id='word_1_249' title='bbox 422 2700 563 2747; x_wconf 88' lang='lat' dir='ltr'><strong>propius</strong></span> <span class='ocrx_word' id='word_1_250' title='bbox 577 2699 736 2734; x_wconf 80' lang='lat' dir='ltr'><strong>insistens</strong></span> <span class='ocrx_word' id='word_1_251' title='bbox 751 2712 829 2734; x_wconf 89' lang='lat' dir='ltr'><strong>ves-</strong></span> 
     </span>
     <span class='ocr_line' id='line_1_46' title="bbox 156 2750 830 2802; baseline -0.006 -11"><span class='ocrx_word' id='word_1_252' title='bbox 156 2755 245 2802; x_wconf 70' lang='lat' dir='ltr'><strong>tigiis</strong></span> <span class='ocrx_word' id='word_1_253' title='bbox 252 2755 387 2801; x_wconf 66' lang='lat' dir='ltr'><strong>scriptae</strong></span> <span class='ocrx_word' id='word_1_254' title='bbox 399 2753 565 2791; x_wconf 80' lang='lat' dir='ltr'><strong>lectionis.</strong></span> <span class='ocrx_word' id='word_1_255' title='bbox 579 2752 708 2788; x_wconf 81' lang='lat' dir='ltr'><strong>Similis</strong></span> <span class='ocrx_word' id='word_1_256' title='bbox 719 2750 830 2789; x_wconf 66' lang='lat' dir='ltr'><strong>diver⁴</strong></span> 
     </span>
    </p>
   </div>
   <div class='ocr_carea' id='block_1_11' title="bbox 307 2823 349 2868">
    <p class='ocr_par' dir='ltr' id='par_1_19' title="bbox 307 2823 349 2868">
     <span class='ocr_line' id='line_1_47' title="bbox 307 2823 349 2868; baseline -0.048 0"><span class='ocrx_word' id='word_1_257' title='bbox 307 2823 349 2868; x_wconf 89' lang='grc' dir='ltr'><strong>Ι.</strong></span> 
     </span>
    </p>
   </div>
   <div class='ocr_carea' id='block_1_12' title="bbox 885 1021 1577 2484">
    <p class='ocr_par' dir='ltr' id='par_1_20' title="bbox 890 1021 1577 1330">
     <span class='ocr_line' id='line_1_48' title="bbox 890 1021 1574 1073; baseline 0.013 -16"><span class='ocrx_word' id='word_1_258' title='bbox 890 1021 971 1058; x_wconf 86' lang='lat' dir='ltr'><strong>sitas</strong></span> <span class='ocrx_word' id='word_1_259' title='bbox 978 1023 1158 1069; x_wconf 80' lang='lat' dir='ltr'><strong>scripturae</strong></span> <span class='ocrx_word' id='word_1_260' title='bbox 1165 1024 1202 1059; x_wconf 90' lang='lat' dir='ltr'><strong>in</strong></span> <span class='ocrx_word' id='word_1_261' title='bbox 1211 1024 1300 1061; x_wconf 84' lang='lat' dir='ltr'><strong>Stat.</strong></span> <span class='ocrx_word' id='word_1_262' title='bbox 1308 1025 1419 1062; x_wconf 88' lang='lat' dir='ltr'><strong>Theb.</strong></span> <span class='ocrx_word' id='word_1_263' title='bbox 1429 1039 1481 1073; x_wconf 83' lang='lat' dir='ltr'><strong>1v,</strong></span> <span class='ocrx_word' id='word_1_264' title='bbox 1491 1030 1556 1065; x_wconf 78' lang='lat'><strong>256</strong></span> <span class='ocrx_word' id='word_1_265' title='bbox 1566 1043 1574 1066; x_wconf 76' lang='grc' dir='ltr'>ε</span> 
     </span>
     <span class='ocr_line' id='line_1_49' title="bbox 891 1083 1576 1122; baseline 0.009 -13"><span class='ocrx_word' id='word_1_266' title='bbox 891 1083 964 1115; x_wconf 74' lang='lat' dir='ltr'><strong>Quas</strong></span> <span class='ocrx_word' id='word_1_267' title='bbox 978 1092 1030 1109; x_wconf 86' lang='lat' dir='ltr'><strong>non</strong></span> <span class='ocrx_word' id='word_1_268' title='bbox 1043 1084 1087 1108; x_wconf 86' lang='lat' dir='ltr'><strong>ille</strong></span> <span class='ocrx_word' id='word_1_269' title='bbox 1096 1083 1176 1109; x_wconf 72' lang='lat' dir='ltr'><strong>duces</strong></span> <span class='ocrx_word' id='word_1_270' title='bbox 1190 1094 1325 1110; x_wconf 82' lang='lat' dir='ltr'><strong>nemorum</strong></span> <span class='ocrx_word' id='word_1_271' title='bbox 1335 1085 1475 1122; x_wconf 76' lang='lat' dir='ltr'><strong>fluviisque</strong></span> <span class='ocrx_word' id='word_1_272' title='bbox 1491 1090 1576 1115; x_wconf 74' lang='lat' dir='ltr'><strong>dicata</strong></span> 
     </span>
     <span class='ocr_line' id='line_1_50' title="bbox 890 1131 1574 1171; baseline 0.012 -16"><span class='ocrx_word' id='word_1_273' title='bbox 890 1131 1019 1164; x_wconf 78' lang='lat' dir='ltr'><strong>Numina,</strong></span> <span class='ocrx_word' id='word_1_274' title='bbox 1030 1141 1094 1166; x_wconf 78' lang='lat' dir='ltr'><strong>quas</strong></span> <span class='ocrx_word' id='word_1_275' title='bbox 1104 1141 1197 1166; x_wconf 79' lang='lat' dir='ltr'><strong>magno</strong></span> <span class='ocrx_word' id='word_1_276' title='bbox 1206 1141 1259 1159; x_wconf 79' lang='lat' dir='ltr'><strong>non</strong></span> <span class='ocrx_word' id='word_1_277' title='bbox 1269 1134 1379 1161; x_wconf 71' lang='lat' dir='ltr'><strong>ahmam</strong></span> <span class='ocrx_word' id='word_1_278' title='bbox 1389 1135 1447 1168; x_wconf 69' lang='lat' dir='ltr'><strong>igne</strong></span> <span class='ocrx_word' id='word_1_279' title='bbox 1454 1137 1574 1171; x_wconf 74' lang='lat' dir='ltr'><strong>Napaeas.</strong></span> 
     </span>
     <span class='ocr_line' id='line_1_51' title="bbox 895 1179 1577 1223; baseline 0.012 -8"><span class='ocrx_word' id='word_1_280' title='bbox 895 1179 949 1215; x_wconf 88' lang='lat' dir='ltr'><strong>Ita</strong></span> <span class='ocrx_word' id='word_1_281' title='bbox 958 1180 1057 1216; x_wconf 87' lang='lat' dir='ltr'><strong>enim</strong></span> <span class='ocrx_word' id='word_1_282' title='bbox 1068 1188 1203 1218; x_wconf 82' lang='lat' dir='ltr'><strong>veteres</strong></span> <span class='ocrx_word' id='word_1_283' title='bbox 1211 1183 1437 1221; x_wconf 71' lang='lat' dir='ltr'><strong>membranae.</strong></span> <span class='ocrx_word' id='word_1_284' title='bbox 1448 1186 1577 1223; x_wconf 85' lang='lat' dir='ltr'><strong>Noster</strong></span> 
     </span>
     <span class='ocr_line' id='line_1_52' title="bbox 893 1246 1023 1278; baseline 0.008 -10"><span class='ocrx_word' id='word_1_285' title='bbox 893 1246 997 1278; x_wconf 89' lang='lat' dir='ltr'><strong>supra</strong></span> <span class='ocrx_word' id='word_1_286' title='bbox 1015 1246 1023 1269; x_wconf 89' lang='lat'><strong>:</strong></span> 
     </span>
     <span class='ocr_line' id='line_1_53' title="bbox 894 1293 1500 1330; baseline 0.01 -13"><span class='ocrx_word' id='word_1_287' title='bbox 894 1293 967 1326; x_wconf 85' lang='lat' dir='ltr'><strong>Quid</strong></span> <span class='ocrx_word' id='word_1_288' title='bbox 977 1294 1090 1326; x_wconf 81' lang='lat' dir='ltr'><strong>mimm,</strong></span> <span class='ocrx_word' id='word_1_289' title='bbox 1109 1294 1131 1318; x_wconf 77' lang='lat' dir='ltr'><strong>si</strong></span> <span class='ocrx_word' id='word_1_290' title='bbox 1144 1303 1185 1320; x_wconf 81' lang='lat' dir='ltr'><strong>me</strong></span> <span class='ocrx_word' id='word_1_291' title='bbox 1198 1295 1288 1328; x_wconf 66' lang='lat' dir='ltr'><strong>prima</strong></span> <span class='ocrx_word' id='word_1_292' title='bbox 1298 1295 1429 1330; x_wconf 69' lang='lat' dir='ltr'><strong>lanuginis</strong></span> <span class='ocrx_word' id='word_1_293' title='bbox 1439 1304 1500 1323; x_wconf 70' lang='lat' dir='ltr'><strong>mas</strong></span> 
     </span>
    </p>

    <p class='ocr_par' dir='ltr' id='par_1_21' title="bbox 885 1342 1577 2014">
     <span class='ocr_line' id='line_1_54' title="bbox 925 1342 1476 1372; baseline -0.002 -3"><span class='ocrx_word' id='word_1_294' title='bbox 925 1342 1067 1369; x_wconf 75' lang='lat' dir='ltr'><strong>Abstulit?</strong></span> <span class='ocrx_word' id='word_1_295' title='bbox 1370 1347 1476 1372; x_wconf 66' lang='lat' dir='ltr'><strong>Hssms.</strong></span> 
     </span>
     <span class='ocr_line' id='line_1_55' title="bbox 893 1390 1575 1436; baseline 0.015 -14"><span class='ocrx_word' id='word_1_296' title='bbox 893 1407 938 1416; x_wconf 93' lang='lat'>—</span> <span class='ocrx_word' id='word_1_297' title='bbox 948 1390 1025 1436; x_wconf 83' lang='lat' dir='ltr'><strong>Ego</strong></span> <span class='ocrx_word' id='word_1_298' title='bbox 1038 1390 1248 1435; x_wconf 70' lang='lat' dir='ltr'><strong>conjecturae</strong></span> <span class='ocrx_word' id='word_1_299' title='bbox 1260 1391 1341 1428; x_wconf 90' lang='lat' dir='ltr'><strong>huic</strong></span> <span class='ocrx_word' id='word_1_300' title='bbox 1358 1394 1495 1430; x_wconf 74' lang='lat' dir='ltr'><strong>Heinsii</strong></span> <span class='ocrx_word' id='word_1_301' title='bbox 1505 1397 1575 1432; x_wconf 78' lang='lat' dir='ltr'><strong>rni-</strong></span> 
     </span>
     <span class='ocr_line' id='line_1_56' title="bbox 893 1443 1576 1495; baseline 0.012 -18"><span class='ocrx_word' id='word_1_302' title='bbox 893 1443 990 1478; x_wconf 89' lang='lat' dir='ltr'><strong>nime</strong></span> <span class='ocrx_word' id='word_1_303' title='bbox 1002 1444 1164 1491; x_wconf 20' lang='lat' dir='ltr'><strong>*assentiri</strong></span> <span class='ocrx_word' id='word_1_304' title='bbox 1188 1459 1327 1491; x_wconf 88' lang='lat' dir='ltr'><strong>possum</strong></span> <span class='ocrx_word' id='word_1_305' title='bbox 1348 1474 1358 1491; x_wconf 88' lang='lat'>‚</span> <span class='ocrx_word' id='word_1_306' title='bbox 1380 1455 1418 1483; x_wconf 88' lang='lat' dir='ltr'><strong>ut</strong></span> <span class='ocrx_word' id='word_1_307' title='bbox 1436 1451 1495 1495; x_wconf 91' lang='lat' dir='ltr'><strong>qui</strong></span> <span class='ocrx_word' id='word_1_308' title='bbox 1511 1455 1576 1485; x_wconf 74' lang='lat' dir='ltr'><strong>iln—</strong></span> 
     </span>
     <span class='ocr_line' id='line_1_57' title="bbox 885 1496 1575 1545; baseline 0.014 -17"><span class='ocrx_word' id='word_1_309' title='bbox 885 1498 997 1540; x_wconf 79' lang='lat' dir='ltr'><strong>pulit,</strong></span> <span class='ocrx_word' id='word_1_310' title='bbox 1011 1496 1124 1530; x_wconf 84' lang='lat' dir='ltr'><strong>multo</strong></span> <span class='ocrx_word' id='word_1_311' title='bbox 1136 1498 1301 1542; x_wconf 81' lang='lat' dir='ltr'><strong>gravioris</strong></span> <span class='ocrx_word' id='word_1_312' title='bbox 1314 1500 1575 1545; x_wconf 84' lang='lat' dir='ltr'><strong>significationis</strong></span> 
     </span>
     <span class='ocr_line' id='line_1_58' title="bbox 892 1547 1575 1597; baseline 0.013 -16"><span class='ocrx_word' id='word_1_313' title='bbox 892 1547 1040 1582; x_wconf 84' lang='lat' dir='ltr'><strong>verbum</strong></span> <span class='ocrx_word' id='word_1_314' title='bbox 1061 1555 1183 1593; x_wconf 86' lang='lat' dir='ltr'><strong>putem</strong></span> <span class='ocrx_word' id='word_1_315' title='bbox 1195 1576 1205 1594; x_wconf 84' lang='lat'>,</span> <span class='ocrx_word' id='word_1_316' title='bbox 1231 1564 1337 1596; x_wconf 90' lang='lat' dir='ltr'><strong>quam</strong></span> <span class='ocrx_word' id='word_1_317' title='bbox 1352 1555 1498 1588; x_wconf 81' lang='lat' dir='ltr'><strong>abstulit</strong></span> <span class='ocrx_word' id='word_1_318' title='bbox 1505 1566 1519 1597; x_wconf 86' lang='lat'><strong>‚·</strong></span> <span class='ocrx_word' id='word_1_319' title='bbox 1538 1562 1575 1591; x_wconf 86' lang='lat' dir='ltr'><strong>et</strong></span> 
     </span>
     <span class='ocr_line' id='line_1_59' title="bbox 891 1598 1573 1644; baseline 0.013 -11"><span class='ocrx_word' id='word_1_320' title='bbox 891 1598 948 1634; x_wconf 82' lang='lat' dir='ltr'><strong>hic</strong></span> <span class='ocrx_word' id='word_1_321' title='bbox 961 1599 1004 1634; x_wconf 90' lang='lat' dir='ltr'><strong>de</strong></span> <span class='ocrx_word' id='word_1_322' title='bbox 1016 1600 1135 1635; x_wconf 87' lang='lat' dir='ltr'><strong>surore</strong></span> <span class='ocrx_word' id='word_1_323' title='bbox 1149 1628 1157 1644; x_wconf 92' lang='lat'>,</span> <span class='ocrx_word' id='word_1_324' title='bbox 1175 1600 1230 1636; x_wconf 85' lang='lat' dir='ltr'><strong>vel</strong></span> <span class='ocrx_word' id='word_1_325' title='bbox 1243 1603 1274 1637; x_wconf 88' lang='lat' dir='ltr'><strong>ei</strong></span> <span class='ocrx_word' id='word_1_326' title='bbox 1292 1611 1385 1639; x_wconf 86' lang='lat' dir='ltr'><strong>certe</strong></span> <span class='ocrx_word' id='word_1_327' title='bbox 1399 1605 1503 1640; x_wconf 88' lang='lat' dir='ltr'><strong>simili</strong></span> <span class='ocrx_word' id='word_1_328' title='bbox 1514 1608 1573 1641; x_wconf 82' lang='lat' dir='ltr'><strong>af·-</strong></span> 
     </span>
     <span class='ocr_line' id='line_1_60' title="bbox 890 1651 1572 1700; baseline 0.013 -16"><span class='ocrx_word' id='word_1_329' title='bbox 890 1651 1039 1686; x_wconf 82' lang='lat' dir='ltr'><strong>sectione</strong></span> <span class='ocrx_word' id='word_1_330' title='bbox 1057 1652 1180 1698; x_wconf 82' lang='lat' dir='ltr'><strong>agitur.</strong></span> <span class='ocrx_word' id='word_1_331' title='bbox 1197 1654 1389 1700; x_wconf 84' lang='lat' dir='ltr'><strong>Sequentia</strong></span> <span class='ocrx_word' id='word_1_332' title='bbox 1403 1683 1413 1700; x_wconf 93' lang='lat'>,</span> <span class='ocrx_word' id='word_1_333' title='bbox 1430 1661 1466 1692; x_wconf 82' lang='lat' dir='ltr'><strong>in</strong></span> <span class='ocrx_word' id='word_1_334' title='bbox 1483 1661 1572 1693; x_wconf 86' lang='lat' dir='ltr'><strong>collo</strong></span> 
     </span>
     <span class='ocr_line' id='line_1_61' title="bbox 891 1704 1574 1749; baseline 0.013 -13"><span class='ocrx_word' id='word_1_335' title='bbox 891 1706 984 1738; x_wconf 81' lang='lat' dir='ltr'><strong>crine</strong></span> <span class='ocrx_word' id='word_1_336' title='bbox 990 1704 1151 1749; x_wconf 69' lang='lat' dir='ltr'><strong>jacente,</strong></span> <span class='ocrx_word' id='word_1_337' title='bbox 1180 1713 1219 1741; x_wconf 89' lang='lat' dir='ltr'><strong>ut</strong></span> <span class='ocrx_word' id='word_1_338' title='bbox 1235 1707 1437 1743; x_wconf 82' lang='lat' dir='ltr'><strong>vaticinanti</strong></span> <span class='ocrx_word' id='word_1_339' title='bbox 1460 1717 1496 1744; x_wconf 83' lang='lat' dir='ltr'><strong>et</strong></span> <span class='ocrx_word' id='word_1_340' title='bbox 1510 1711 1574 1745; x_wconf 85' lang='lat' dir='ltr'><strong>su-</strong></span> 
     </span>
     <span class='ocr_line' id='line_1_62' title="bbox 890 1752 1577 1806; baseline 0.012 -17"><span class='ocrx_word' id='word_1_341' title='bbox 890 1755 990 1790; x_wconf 84' lang='lat' dir='ltr'><strong>riosae</strong></span> <span class='ocrx_word' id='word_1_342' title='bbox 1010 1757 1248 1803; x_wconf 86' lang='lat' dir='ltr'><strong>respondent,</strong></span> <span class='ocrx_word' id='word_1_343' title='bbox 1271 1766 1307 1794; x_wconf 83' lang='lat' dir='ltr'><strong>et</strong></span> <span class='ocrx_word' id='word_1_344' title='bbox 1333 1761 1504 1806; x_wconf 73' lang='lat' dir='ltr'><strong>praecipue</strong></span> <span class='ocrx_word' id='word_1_345' title='bbox 1525 1752 1577 1797; x_wconf 12' lang='lat' dir='ltr'><strong>ita!</strong></span> 
     </span>
     <span class='ocr_line' id='line_1_63' title="bbox 890 1808 1574 1859; baseline 0.012 -18"><span class='ocrx_word' id='word_1_346' title='bbox 890 1808 1039 1842; x_wconf 83' lang='lat' dir='ltr'><strong>verbum</strong></span> <span class='ocrx_word' id='word_1_347' title='bbox 1061 1809 1163 1853; x_wconf 74' lang='lat' dir='ltr'><strong>feror</strong></span> <span class='ocrx_word' id='word_1_348' title='bbox 1181 1837 1191 1852; x_wconf 89' lang='lat'>‚</span> <span class='ocrx_word' id='word_1_349' title='bbox 1233 1811 1370 1858; x_wconf 83' lang='lat' dir='ltr'><strong>egregie</strong></span> <span class='ocrx_word' id='word_1_350' title='bbox 1401 1814 1574 1859; x_wconf 86' lang='lat' dir='ltr'><strong>congruit.</strong></span> 
     </span>
     <span class='ocr_line' id='line_1_64' title="bbox 891 1861 1574 1912; baseline 0.01 -18"><span class='ocrx_word' id='word_1_351' title='bbox 891 1862 989 1895; x_wconf 84' lang='lat' dir='ltr'><strong>Ferri</strong></span> <span class='ocrx_word' id='word_1_352' title='bbox 999 1861 1094 1895; x_wconf 88' lang='lat' dir='ltr'><strong>enim</strong></span> <span class='ocrx_word' id='word_1_353' title='bbox 1108 1862 1247 1907; x_wconf 84' lang='lat' dir='ltr'><strong>impulsi</strong></span> <span class='ocrx_word' id='word_1_354' title='bbox 1258 1864 1355 1899; x_wconf 85' lang='lat' dir='ltr'><strong>furiis</strong></span> <span class='ocrx_word' id='word_1_355' title='bbox 1369 1892 1378 1909; x_wconf 93' lang='lat'>,</span> <span class='ocrx_word' id='word_1_356' title='bbox 1397 1873 1432 1900; x_wconf 90' lang='lat' dir='ltr'><strong>et</strong></span> <span class='ocrx_word' id='word_1_357' title='bbox 1451 1867 1574 1912; x_wconf 85' lang='lat' dir='ltr'><strong>gravis·</strong></span> 
     </span>
     <span class='ocr_line' id='line_1_65' title="bbox 891 1912 1572 1964; baseline 0.012 -19"><span class='ocrx_word' id='word_1_358' title='bbox 891 1912 977 1946; x_wconf 90' lang='lat' dir='ltr'><strong>sima</strong></span> <span class='ocrx_word' id='word_1_359' title='bbox 988 1914 1248 1958; x_wconf 83' lang='lat' dir='ltr'><strong>perturbatione</strong></span> <span class='ocrx_word' id='word_1_360' title='bbox 1263 1918 1391 1951; x_wconf 86' lang='lat' dir='ltr'><strong>mentis</strong></span> <span class='ocrx_word' id='word_1_361' title='bbox 1404 1943 1414 1961; x_wconf 86' lang='lat'>,</span> <span class='ocrx_word' id='word_1_362' title='bbox 1433 1919 1572 1964; x_wconf 89' lang='lat' dir='ltr'><strong>proprie</strong></span> 
     </span>
     <span class='ocr_line' id='line_1_66' title="bbox 893 1964 1507 2014; baseline 0.01 -15"><span class='ocrx_word' id='word_1_363' title='bbox 893 1964 1067 2000; x_wconf 88' lang='lat' dir='ltr'><strong>dicuntur.</strong></span> <span class='ocrx_word' id='word_1_364' title='bbox 1095 1966 1221 2002; x_wconf 84' lang='lat' dir='ltr'><strong>Horat.</strong></span> <span class='ocrx_word' id='word_1_365' title='bbox 1236 1979 1251 2002; x_wconf 91' lang='lat'>1</span> <span class='ocrx_word' id='word_1_366' title='bbox 1263 1994 1273 2013; x_wconf 87' lang='lat'><em>‚</em></span> <span class='ocrx_word' id='word_1_367' title='bbox 1289 1968 1362 2004; x_wconf 91' lang='lat' dir='ltr'><strong>Sat.</strong></span> <span class='ocrx_word' id='word_1_368' title='bbox 1372 1979 1425 2014; x_wconf 80' lang='lat' dir='ltr'><strong>lv,</strong></span> <span class='ocrx_word' id='word_1_369' title='bbox 1441 1970 1507 2005; x_wconf 82' lang='lat'><strong>30:</strong></span> 
     </span>
    </p>

    <p class='ocr_par' dir='ltr' id='par_1_22' title="bbox 1084 2021 1461 2058">
     <span class='ocr_line' id='line_1_67' title="bbox 1084 2021 1461 2058; baseline 0.013 -13"><span class='ocrx_word' id='word_1_370' title='bbox 1084 2038 1114 2046; x_wconf 84' lang='grc'><strong>.-.</strong></span> <span class='ocrx_word' id='word_1_371' title='bbox 1129 2021 1202 2054; x_wconf 82' lang='lat' dir='ltr'><strong>Quin</strong></span> <span class='ocrx_word' id='word_1_372' title='bbox 1211 2030 1258 2055; x_wconf 84' lang='lat' dir='ltr'><strong>per</strong></span> <span class='ocrx_word' id='word_1_373' title='bbox 1270 2024 1337 2047; x_wconf 78' lang='lat' dir='ltr'><strong>mala</strong></span> <span class='ocrx_word' id='word_1_374' title='bbox 1350 2032 1461 2058; x_wconf 67' lang='lat' dir='ltr'><strong>praeceps</strong></span> 
     </span>
    </p>

    <p class='ocr_par' dir='ltr' id='par_1_23' title="bbox 892 2070 995 2096">
     <span class='ocr_line' id='line_1_68' title="bbox 892 2070 995 2096; baseline -0.01 0"><span class='ocrx_word' id='word_1_375' title='bbox 892 2070 995 2096; x_wconf 77' lang='lat' dir='ltr'><strong>Fertur.</strong></span> 
     </span>
    </p>

    <p class='ocr_par' dir='ltr' id='par_1_24' title="bbox 885 2122 1571 2484">
     <span class='ocr_line' id='line_1_69' title="bbox 937 2122 1569 2169; baseline 0.011 -14"><span class='ocrx_word' id='word_1_376' title='bbox 937 2122 1007 2164; x_wconf 80' lang='lat'>141.</span> <span class='ocrx_word' id='word_1_377' title='bbox 1023 2122 1147 2157; x_wconf 82' lang='lat' dir='ltr'><strong>Scabm</strong></span> <span class='ocrx_word' id='word_1_378' title='bbox 1155 2124 1342 2166; x_wconf 80' lang='lat' dir='ltr'><strong>pendentia</strong></span> <span class='ocrx_word' id='word_1_379' title='bbox 1358 2127 1470 2169; x_wconf 74' lang='lat' dir='ltr'><strong>topho.</strong></span> <span class='ocrx_word' id='word_1_380' title='bbox 1507 2128 1569 2162; x_wconf 82' lang='lat' dir='ltr'><strong>To-</strong></span> 
     </span>
     <span class='ocr_line' id='line_1_70' title="bbox 885 2173 1569 2222; baseline 0.013 -16"><span class='ocrx_word' id='word_1_381' title='bbox 885 2175 975 2218; x_wconf 76' lang='lat' dir='ltr'><strong>phus</strong></span> <span class='ocrx_word' id='word_1_382' title='bbox 995 2173 1078 2219; x_wconf 85' lang='lat' dir='ltr'><strong>lapis</strong></span> <span class='ocrx_word' id='word_1_383' title='bbox 1091 2175 1209 2209; x_wconf 87' lang='lat' dir='ltr'><strong>scaber</strong></span> <span class='ocrx_word' id='word_1_384' title='bbox 1223 2181 1258 2210; x_wconf 91' lang='lat' dir='ltr'><strong>et</strong></span> <span class='ocrx_word' id='word_1_385' title='bbox 1269 2176 1467 2221; x_wconf 86' lang='lat' dir='ltr'><strong>pumicosus</strong></span> <span class='ocrx_word' id='word_1_386' title='bbox 1479 2204 1489 2222; x_wconf 83' lang='lat'><strong><em>‚</em></strong></span> <span class='ocrx_word' id='word_1_387' title='bbox 1508 2180 1569 2214; x_wconf 82' lang='lat' dir='ltr'><strong>sa·-</strong></span> 
     </span>
     <span class='ocr_line' id='line_1_71' title="bbox 890 2226 1568 2272; baseline 0.009 -12"><span class='ocrx_word' id='word_1_388' title='bbox 890 2226 1031 2260; x_wconf 71' lang='lat' dir='ltr'><strong>miliaris</strong></span> <span class='ocrx_word' id='word_1_389' title='bbox 1042 2227 1210 2272; x_wconf 87' lang='lat' dir='ltr'><strong>specubus</strong></span> <span class='ocrx_word' id='word_1_390' title='bbox 1219 2234 1254 2261; x_wconf 90' lang='lat' dir='ltr'><strong>et</strong></span> <span class='ocrx_word' id='word_1_391' title='bbox 1270 2228 1377 2263; x_wconf 80' lang='lat' dir='ltr'><strong>antris</strong></span> <span class='ocrx_word' id='word_1_392' title='bbox 1389 2231 1568 2266; x_wconf 87' lang='lat' dir='ltr'><strong>montium</strong></span> 
     </span>
     <span class='ocr_line' id='line_1_72' title="bbox 890 2280 1568 2326; baseline 0.009 -14"><span class='ocrx_word' id='word_1_393' title='bbox 890 2285 949 2313; x_wconf 89' lang='lat' dir='ltr'><strong>est.</strong></span> <span class='ocrx_word' id='word_1_394' title='bbox 966 2280 1154 2313; x_wconf 78' lang='lat' dir='ltr'><strong>Pendenlia</strong></span> <span class='ocrx_word' id='word_1_395' title='bbox 1170 2285 1286 2313; x_wconf 89' lang='lat' dir='ltr'><strong>autem</strong></span> <span class='ocrx_word' id='word_1_396' title='bbox 1299 2305 1308 2323; x_wconf 89' lang='lat'>,</span> <span class='ocrx_word' id='word_1_397' title='bbox 1328 2281 1422 2326; x_wconf 86' lang='lat' dir='ltr'><strong>quod</strong></span> <span class='ocrx_word' id='word_1_398' title='bbox 1440 2282 1568 2318; x_wconf 87' lang='lat' dir='ltr'><strong>Domi-</strong></span> 
     </span>
     <span class='ocr_line' id='line_1_73' title="bbox 890 2331 1571 2379; baseline 0.007 -14"><span class='ocrx_word' id='word_1_399' title='bbox 890 2331 958 2366; x_wconf 87' lang='lat' dir='ltr'><strong>tius</strong></span> <span class='ocrx_word' id='word_1_400' title='bbox 981 2331 1120 2376; x_wconf 87' lang='lat' dir='ltr'><strong>exponit</strong></span> <span class='ocrx_word' id='word_1_401' title='bbox 1139 2331 1297 2367; x_wconf 79' lang='lat' dir='ltr'><strong>sublimia</strong></span> <span class='ocrx_word' id='word_1_402' title='bbox 1308 2359 1317 2373; x_wconf 92' lang='lat'>,</span> <span class='ocrx_word' id='word_1_403' title='bbox 1341 2346 1405 2379; x_wconf 88' lang='lat' dir='ltr'><strong>pro</strong></span> <span class='ocrx_word' id='word_1_404' title='bbox 1432 2343 1571 2378; x_wconf 74' lang='lat' dir='ltr'><strong>arcuata</strong></span> 
     </span>
     <span class='ocr_line' id='line_1_74' title="bbox 890 2384 1567 2430; baseline 0.009 -13"><span class='ocrx_word' id='word_1_405' title='bbox 890 2390 925 2418; x_wconf 90' lang='lat' dir='ltr'><strong>et</strong></span> <span class='ocrx_word' id='word_1_406' title='bbox 938 2396 1102 2429; x_wconf 88' lang='lat' dir='ltr'><strong>suspensa</strong></span> <span class='ocrx_word' id='word_1_407' title='bbox 1115 2384 1223 2429; x_wconf 81' lang='lat' dir='ltr'><strong>magis</strong></span> <span class='ocrx_word' id='word_1_408' title='bbox 1235 2385 1486 2430; x_wconf 87' lang='lat' dir='ltr'><strong>accipiendum.</strong></span> <span class='ocrx_word' id='word_1_409' title='bbox 1515 2389 1567 2426; x_wconf 89' lang='lat' dir='ltr'><strong>M.</strong></span> 
     </span>
     <span class='ocr_line' id='line_1_75' title="bbox 891 2435 1479 2484; baseline 0.009 -15"><span class='ocrx_word' id='word_1_410' title='bbox 891 2454 935 2461; x_wconf 90' lang='lat'><strong>—</strong></span> <span class='ocrx_word' id='word_1_411' title='bbox 956 2435 1014 2470; x_wconf 89' lang='lat' dir='ltr'><strong>Sic</strong></span> <span class='ocrx_word' id='word_1_412' title='bbox 1033 2435 1153 2481; x_wconf 79' lang='lat' dir='ltr'><strong>virgil.</strong></span> <span class='ocrx_word' id='word_1_413' title='bbox 1169 2435 1297 2483; x_wconf 82' lang='lat' dir='ltr'><strong>Georg.</strong></span> <span class='ocrx_word' id='word_1_414' title='bbox 1314 2447 1370 2482; x_wconf 79' lang='lat' dir='ltr'><strong>lv,</strong></span> <span class='ocrx_word' id='word_1_415' title='bbox 1391 2439 1479 2484; x_wconf 78' lang='lat'><strong>374:</strong></span> 
     </span>
    </p>
   </div>
   <div class='ocr_carea' id='block_1_13' title="bbox 890 2494 1572 2536">
    <p class='ocr_par' dir='ltr' id='par_1_25' title="bbox 890 2494 1572 2536">
     <span class='ocr_line' id='line_1_76' title="bbox 890 2494 1572 2536; baseline 0.006 -14"><span class='ocrx_word' id='word_1_416' title='bbox 890 2496 1029 2530; x_wconf 69' lang='lat' dir='ltr'><strong>Postquam</strong></span> <span class='ocrx_word' id='word_1_417' title='bbox 1038 2500 1077 2520; x_wconf 73' lang='lat' dir='ltr'><strong>est</strong></span> <span class='ocrx_word' id='word_1_418' title='bbox 1088 2495 1115 2520; x_wconf 84' lang='lat' dir='ltr'><strong>in</strong></span> <span class='ocrx_word' id='word_1_419' title='bbox 1125 2494 1381 2536; x_wconf 66' lang='lat' dir='ltr'><strong>thahmipanaentiq</strong></span> <span class='ocrx_word' id='word_1_420' title='bbox 1392 2499 1495 2532; x_wconf 68' lang='lat' dir='ltr'><strong>pumice</strong></span> <span class='ocrx_word' id='word_1_421' title='bbox 1504 2505 1572 2526; x_wconf 73' lang='lat' dir='ltr'><strong>tectu</strong></span> 
     </span>
    </p>
   </div>
   <div class='ocr_carea' id='block_1_14' title="bbox 1308 2075 1470 2102">
    <p class='ocr_par' dir='ltr' id='par_1_26' title="bbox 1308 2075 1470 2102">
     <span class='ocr_line' id='line_1_77' title="bbox 1308 2075 1470 2102; baseline 0.019 -3"><span class='ocrx_word' id='word_1_422' title='bbox 1308 2075 1470 2102; x_wconf 67' lang='lat' dir='ltr'><strong>Ennium«.</strong></span> 
     </span>
    </p>
   </div>
   <div class='ocr_carea' id='block_1_15' title="bbox 889 2545 1570 2695">
    <p class='ocr_par' dir='ltr' id='par_1_27' title="bbox 889 2545 1570 2695">
     <span class='ocr_line' id='line_1_78' title="bbox 889 2545 1056 2571; baseline -0.006 0"><span class='ocrx_word' id='word_1_423' title='bbox 889 2545 1056 2571; x_wconf 63' lang='lat' dir='ltr'><strong>Perventum.</strong></span> 
     </span>
     <span class='ocr_line' id='line_1_79' title="bbox 894 2595 1570 2644; baseline 0.007 -15"><span class='ocrx_word' id='word_1_424' title='bbox 894 2595 980 2641; x_wconf 86' lang='lat' dir='ltr'><strong>Quo</strong></span> <span class='ocrx_word' id='word_1_425' title='bbox 998 2595 1072 2630; x_wconf 87' lang='lat' dir='ltr'><strong>loco</strong></span> <span class='ocrx_word' id='word_1_426' title='bbox 1082 2597 1268 2640; x_wconf 80' lang='lat' dir='ltr'><strong>pendentia</strong></span> <span class='ocrx_word' id='word_1_427' title='bbox 1286 2600 1378 2632; x_wconf 74' lang='lat' dir='ltr'><strong>tecla</strong></span> <span class='ocrx_word' id='word_1_428' title='bbox 1388 2597 1570 2644; x_wconf 87' lang='lat' dir='ltr'><strong>interpre-</strong></span> 
     </span>
     <span class='ocr_line' id='line_1_80' title="bbox 891 2645 1568 2695; baseline 0.003 -13"><span class='ocrx_word' id='word_1_429' title='bbox 891 2653 986 2682; x_wconf 87' lang='lat' dir='ltr'><strong>tatur</strong></span> <span class='ocrx_word' id='word_1_430' title='bbox 995 2645 1047 2681; x_wconf 90' lang='lat' dir='ltr'><strong>Cl.</strong></span> <span class='ocrx_word' id='word_1_431' title='bbox 1060 2647 1193 2694; x_wconf 88' lang='lat' dir='ltr'><strong>Heyn.,</strong></span> <span class='ocrx_word' id='word_1_432' title='bbox 1206 2654 1347 2682; x_wconf 81' lang='lat' dir='ltr'><strong>antrum</strong></span> <span class='ocrx_word' id='word_1_433' title='bbox 1354 2648 1568 2695; x_wconf 81' lang='lat' dir='ltr'><strong>pumiceum,</strong></span> 
     </span>
    </p>
   </div>
   <div class='ocr_carea' id='block_1_16' title="bbox 893 2700 1569 2787">
    <p class='ocr_par' dir='ltr' id='par_1_28' title="bbox 893 2700 1569 2787">
     <span class='ocr_line' id='line_1_81' title="bbox 893 2700 1569 2741; baseline 0.007 -9"><span class='ocrx_word' id='word_1_434' title='bbox 893 2700 936 2733; x_wconf 81' lang='lat' dir='ltr'><strong>ad</strong></span> <span class='ocrx_word' id='word_1_435' title='bbox 954 2711 1100 2734; x_wconf 82' lang='lat' dir='ltr'><strong>camerae</strong></span> <span class='ocrx_word' id='word_1_436' title='bbox 1116 2711 1256 2735; x_wconf 86' lang='lat' dir='ltr'><strong>morem</strong></span> <span class='ocrx_word' id='word_1_437' title='bbox 1272 2712 1425 2741; x_wconf 77' lang='lat' dir='ltr'><strong>curvum</strong></span> <span class='ocrx_word' id='word_1_438' title='bbox 1436 2708 1473 2737; x_wconf 83' lang='lat' dir='ltr'><strong>et</strong></span> <span class='ocrx_word' id='word_1_439' title='bbox 1489 2704 1569 2738; x_wconf 80' lang='lat' dir='ltr'><strong>sor—</strong></span> 
     </span>
     <span class='ocr_line' id='line_1_82' title="bbox 893 2758 1452 2787; baseline 0.002 -1"><span class='ocrx_word' id='word_1_440' title='bbox 893 2758 1059 2787; x_wconf 81' lang='lat' dir='ltr'><strong>meatum.</strong></span> <span class='ocrx_word' id='word_1_441' title='bbox 1449 2767 1452 2770; x_wconf 54' lang='lat'><strong>⁴</strong></span> 
     </span>
    </p>
   </div>
   <div class='ocr_carea' id='block_1_17' title="bbox 1341 2822 1390 2863">
    <p class='ocr_par' dir='ltr' id='par_1_29' title="bbox 1341 2822 1390 2863">
     <span class='ocr_line' id='line_1_83' title="bbox 1341 2822 1390 2863; baseline 0.02 -1"><span class='ocrx_word' id='word_1_442' title='bbox 1341 2822 1390 2863; x_wconf 87' lang='lat'><strong>18</strong></span> 
     </span>
    </p>
   </div>
  </div>
 </body>
</html>
