1884 3112
252 267 303 295 ιο
747 255 1092 301 EPISTOLA
1123 260 1162 301 Ι.

310 344 463 394 Turba
483 357 620 394 ruunt
642 346 689 394 in
711 365 780 395 me
803 346 1029 399 luxuriosa
1046 349 1173 414 proci
1192 368 1202 396 :

246 423 386 488 Inque
411 434 486 471 tua
507 435 716 485 regnant,
740 423 875 472 nullis
898 424 1244 491 prohibentibus
1258 462 1270 483 ‚
1292 425 1402 474 aula.

311 499 488 547 Viscera
509 507 682 558 nostra,
706 512 791 549 tuae
816 500 1084 550 dilaniantur
1107 520 1227 568 opes.
1615 530 1659 564 9⁰

249 576 373 638 Quid
391 576 474 624 tibi
491 577 774 636 Pisandrum,
794 579 1125 646 Polybumque,
1144 579 1448 646 Medontaque
1465 579 1627 640 dirum,

313 653 663 720 Eurymachique
686 655 831 704 avidas
850 656 1125 722 Antinoique
1148 675 1333 713 manus;

246 730 395 795 Atque
419 729 528 779 alios
550 731 756 791 referam,
779 753 891 800 quos
915 752 1066 782 omnes
1092 733 1280 799 turpiter
1304 733 1463 782 absens

313 807 413 872 Ipse
437 819 515 855 tuo
539 810 677 875 partis
700 811 911 873 sanguine
934 811 1069 858 rebus
1092 809 1206 859 alis?

249 884 348 931 Irus
371 903 527 947 egens,
545 887 805 953 pecorisque
829 887 1102 936 Melanthius
1126 899 1248 936 actor
1271 888 1454 947 edendi,
1621 902 1680 948 95,

316 960 509 1010 Ultimus
532 965 745 1012 accedunt
767 965 813 1012 in
837 976 913 1013 tua
937 965 1093 1013 damna
1115 965 1275 1031 pudor.

250 1037 360 1084 Tres
384 1056 533 1087 sumus
555 1039 752 1088 imbelles
775 1059 958 1088 numero
979 1059 989 1087 ε
1010 1040 1103 1087 sine
1126 1040 1295 1088 viribus
1318 1059 1454 1098 uxor,

315 1113 580 1179 Laertesque
603 1133 756 1171 sena,
776 1114 1159 1181 Telemachusque
1173 1134 1296 1182 puer.
1319 1137 1322 1140 ⁴

253 1187 332 1236 Ille
356 1207 436 1255 per
456 1189 637 1239 insidias
660 1209 784 1256 paene
809 1203 876 1239 cst
897 1191 1007 1239 mihi
1030 1210 1174 1258 nuper
1198 1191 1418 1249 ademtus‚

254 1325 356 1353 terno
370 1319 528 1364 remittit,
541 1323 630 1354 vires
646 1324 816 1365 temperat.
829 1320 925 1355 Male

255 1371 420 1405 Heinsius
433 1398 442 1415 ,
469 1375 632 1416 temperat
651 1374 702 1406 ira
724 1385 805 1406 suas
821 1383 834 1414 ;
860 1385 927 1408 nee

254 1423 381 1457 rectius
392 1423 560 1458 Burman.
575 1428 738 1468 temperat
748 1426 827 1458 inde
838 1437 929 1459 suas.

257 1474 414 1520 Vulgatae
426 1475 531 1520 igitur
548 1475 715 1519 libenter,
731 1488 812 1509 cum
826 1476 929 1510 Len-

255 1540 325 1573 nep
339 1526 637 1572 acquiescendum.

298 1579 348 1612 88.
379 1580 488 1613 Turba
501 1582 600 1613 ruunt
617 1582 653 1613 in
674 1592 726 1613 me
738 1581 926 1621 luxuriosa,

250 1633 354 1675 pmci.
374 1630 461 1664 Jure
477 1633 606 1664 turbam
622 1630 703 1665 dicit
717 1645 725 1673 ;
741 1643 824 1665 nam
839 1631 930 1677 apud

257 1683 366 1716 Hom.
382 1681 451 1716 Od.
465 1689 491 1717 n
507 1708 516 1725 ,
531 1684 612 1729 247,
627 1682 697 1716 duo
711 1689 745 1717 et
757 1683 932 1728 quinqua-

257 1734 352 1779 ginta
378 1747 396 1767 e
418 1733 581 1768 Dulichio
597 1749 605 1776 ;
621 1747 640 1768 e
655 1734 763 1769 Sarno
784 1735 932 1780 viginti—

259 1792 408 1830 quatuor
426 1798 434 1820 :
455 1799 474 1820 e
504 1786 686 1832 Zacyntho
716 1787 838 1832 viginti
852 1800 860 1828 3
890 1800 931 1820 ex

258 1837 377 1872 Ithaca
395 1850 480 1871 vero
493 1837 679 1872 duodecim
700 1838 832 1873 venisse
847 1851 932 1872 me—

260 1896 376 1923 morat
412 1889 651 1924 Telemachus.
682 1892 787 1924 Proci
811 1889 933 1924 volunt

260 1933 402 1978 quidam
418 1946 436 1967 a
444 1947 585 1977 procare
596 1933 761 1977 derivari,
775 1934 868 1978 quod
883 1941 934 1968 est

259 1988 417 2020 lascivius
447 1990 613 2030 appetere.
647 1985 807 2020 Ducebat
835 1987 934 2020 Vos-

260 2038 329 2072 sius
345 2063 355 2082 ‚
395 2051 415 2072 a
446 2041 559 2083 προκέω
573 2065 582 2082 ,
621 2042 807 2084 πράκειμοει;
840 2039 935 2084 quasi

261 2095 447 2136 προκείμενοι
457 2116 466 2134 ,
476 2090 546 2124 aliis
556 2091 727 2136 praepositi
737 2107 744 2134 ;
754 2104 827 2126 non
839 2092 934 2126 enim

261 2156 303 2177 ex
323 2141 454 2176 infimis
467 2169 476 2186 ,
498 2143 555 2187 qui
575 2144 768 2189 Penelopes
792 2156 935 2178 connu—

262 2194 362 2229 bium
382 2194 564 2228 ambirent.
592 2195 733 2230 Rectius
763 2195 890 2239 multo‚
916 2207 936 2228 a

262 2246 369 2280 verbo
394 2248 540 2281 Precari.
560 2265 604 2271 —
625 2247 700 2281 Nec
719 2247 935 2292 praetermit-

261 2298 370 2333 tenda
390 2298 570 2344 singularis
590 2299 685 2332 verbi
704 2304 803 2332 ruunt
820 2299 938 2338 effic&

263 2350 345 2384 citas
366 2376 376 2394 ,
404 2363 480 2395 quae
508 2350 744 2384 Horatianum
770 2350 935 2395 quiddam

263 2402 358 2447 sapit.
387 2404 428 2436 Iu
451 2415 503 2438 me
527 2407 601 2436 tota
625 2415 722 2437 rueres
752 2406 872 2438 Venus.
896 2414 910 2436 1
924 2429 933 2446 ‚

266 2453 336 2488 Od.
353 2468 403 2502 ις).
417 2468 447 2489 v.
464 2468 494 2502 9.

306 2518 360 2552 9⁰·
384 2509 522 2541 Viscera
533 2511 657 2540 nostra.
671 2506 766 2552 Opes
775 2533 784 2551 ,
793 2506 847 2541 vel
858 2506 936 2552 ipsis

264 2557 448 2593 visceribus
462 2563 545 2593 meir
560 2559 707 2593 cariores
720 2585 728 2602 ,
746 2559 824 2603 quia
839 2563 914 2592 tuoe.

308 2622 361 2655 9¹·
389 2611 481 2652 Quid
501 2613 566 2644 tibi
586 2613 784 2645 Pisandrum
797 2638 805 2651 ‚
833 2613 937 2656 Poly-

265 2662 400 2705 bumque
409 2688 417 2702 ‚
435 2663 659 2707 Medontaque
673 2665 787 2696 dirum.
799 2664 936 2696 stledon-

265 2716 331 2745 tem
342 2739 350 2752 ,
368 2726 473 2757 quem
487 2714 602 2747 virum
617 2715 788 2759 optimum
804 2741 812 2757 ‚
828 2726 936 2748 eum-

267 2763 417 2810 demque
433 2766 465 2800 T
468 2765 633 2802 elemachi
650 2766 936 2802 studiosissimum

990 1332 1031 1354 ex
1045 1319 1207 1354 Homero
1220 1319 1382 1354 novimus
1395 1345 1406 1363 ,
1424 1318 1494 1355 Od.
1509 1325 1540 1355 X
1556 1345 1566 1363 ,
1584 1319 1645 1366 372
1657 1345 1667 1363 ‚

988 1370 1045 1406 hic
1059 1384 1130 1418 prae
1142 1371 1273 1406 caeteris
1287 1373 1392 1406 dirum
1406 1371 1568 1417 appellari
1583 1397 1593 1415 ,
1618 1378 1672 1406 est

991 1424 1148 1467 profecto
1169 1422 1263 1468 quod
1283 1423 1464 1457 miremur.
1483 1423 1645 1470 Polybum
1657 1450 1668 1462 ,

993 1476 1336 1519 Amphimedontaque
1342 1475 1535 1520 corrigebat
1544 1474 1672 1509 Aoeur-

993 1526 1061 1561 sius
1073 1541 1081 1568 ;
1095 1533 1129 1560 et
1140 1533 1358 1560 memoratur
1372 1525 1514 1571 quidem
1527 1526 1672 1571 Amphi-

993 1580 1112 1612 medon
1139 1578 1234 1612 inter
1258 1589 1447 1622 procorum
1473 1577 1644 1622 principes
1658 1603 1669 1621 ,

995 1629 1067 1665 od.
1079 1629 1160 1664 ibid.
1176 1631 1238 1673 242
1255 1644 1264 1671 ;
1281 1635 1316 1663 et
1330 1642 1411 1664 cum
1424 1629 1559 1676 Polybo
1575 1641 1670 1664 con—

994 1682 1143 1728 junctim
1159 1708 1168 1726 ,
1190 1682 1264 1725 284.
1286 1681 1512 1716 Burmannus
1531 1693 1671 1726 quoque

994 1734 1167 1770 secundus
1176 1760 1185 1777 ,
1196 1733 1239 1767 ad
1251 1734 1411 1778 Propert.
1420 1743 1459 1767 lv
1479 1732 1615 1777 Eleg.v.
1629 1745 1646 1778 7
1654 1757 1665 1775 ,

995 1788 1278 1830 Ampbimedonta
1288 1783 1477 1830 legendum
1489 1783 1668 1825 censebat;

994 1851 1119 1873 verum
1130 1837 1232 1882 paulo
1244 1836 1312 1870 hoc
1323 1835 1494 1870 audacius.
1508 1835 1671 1869 thmmP.

1037 1890 1091 1937 93.
1128 1890 1284 1933 Turpiter
1304 1890 1438 1922 absens.
1466 1887 1587 1932 Turpe
1610 1885 1674 1921 tibi

994 1942 1130 1987 longius
1146 1942 1261 1975 abesse
1273 1967 1283 1985 ,
1301 1940 1380 1985 quia
1396 1939 1513 1985 regni,
1527 1938 1671 1980 domus,

996 1994 1111 2028 uxoris
1118 2000 1153 2028 et
1165 1993 1237 2027 nati
1247 2005 1368 2027 curam
1379 1991 1506 2026 videris
1513 1990 1672 2036 abjicere.

1042 2047 1095 2093 95.
1121 2046 1319 2089 Peconchue
1343 2044 1553 2079 Melanthius
1578 2045 1678 2075 actor

999 2099 1129 2131 edendi.
1144 2096 1201 2131 Sic
1215 2095 1361 2129 omnino
1375 2093 1562 2139 legendum
1572 2119 1582 2137 ,
1598 2105 1672 2127 non

997 2153 1117 2182 auctor
1132 2149 1262 2181 edendi.
1277 2147 1440 2180 Homero
1457 2145 1494 2179 in
1510 2143 1582 2180 Od.
1595 2157 1675 2190 pas—

998 2199 1064 2234 sim
1086 2198 1211 2233 dicitur
1235 2198 1396 2235 Μελάνθιος
1422 2199 1542 2235 αἰπόλος
1570 2199 1673 2240 αἰγῶν.

999 2252 1179 2286 Auctorem
1201 2262 1284 2284 vero
1298 2249 1399 2283 fuisse
1415 2248 1526 2294 procis
1541 2251 1675 2293 pecoris

999 2304 1141 2343 edendi,
1169 2315 1242 2336 non
1266 2299 1433 2335 recordor
1457 2312 1515 2334 me
1542 2299 1672 2345 legisse.

999 2373 1042 2381 —
1058 2356 1168 2389 Actor
1179 2354 1250 2397 hic,
1268 2353 1309 2387 ab
1324 2365 1424 2396 agere
1439 2364 1450 2387 :
1472 2351 1531 2397 qui
1551 2352 1677 2395 agebat

998 2408 1159 2441 edendum
1174 2418 1286 2451 pecus.
1470 2446 1472 2449 Ι

1043 2472 1064 2506 9
1068 2473 1083 2504 7
1089 2485 1095 2491 .
1110 2460 1190 2492 Tres
1196 2469 1307 2491 sumus
1313 2458 1463 2491 imbelles
1469 2466 1602 2490 numero
1609 2465 1626 2486 e
1630 2459 1672 2486 tc.

1001 2510 1135 2544 Locum
1150 2509 1244 2543 hunc
1258 2510 1393 2544 Seneca
1408 2508 1446 2542 in
1466 2508 1501 2541 T
1494 2506 1584 2540 mad.
1597 2503 1672 2538 imi—

1000 2569 1091 2597 tatus
1107 2569 1177 2606 est,
1196 2561 1271 2596 506.

1062 2625 1102 2648 En
1119 2623 1217 2647 intuere
1230 2620 1305 2646 turba
1317 2629 1374 2653 qum
1385 2618 1465 2643 simus
1480 2626 1574 2650 nuper,

1065 2664 1195 2688 Tumulus
1205 2681 1213 2693 ‚
1233 2670 1313 2695 puer,
1333 2660 1444 2693 captiva.

1045 2727 1097 2761 99.
1120 2714 1183 2746 Ille
1192 2724 1258 2755 per
1264 2710 1406 2744 insidias
1416 2714 1479 2742 etc.
1496 2707 1594 2751 Quas
1606 2705 1671 2740 Te—

1001 2764 1158 2803 lemacho
1171 2763 1265 2808 proci
1281 2766 1504 2806 paraverant5
1522 2758 1606 2804 (Od.
1621 2765 1645 2792 Δ
1661 2784 1670 2800 ,
