1884 3112
305 265 392 308 236

734 268 1091 314 EPISTOLA
1133 272 1284 316 XIII.

366 356 490 406 Bella
513 357 596 407 sub
622 357 765 408 Iliacis
790 360 1012 417 moenibus
1035 360 1109 410 ille
1134 364 1287 425 gerat?

302 437 405 502 Ipsa
428 455 572 484 comas
591 449 767 503 pectar:
788 437 909 501 galea
933 450 1066 505 caput
1086 437 1158 488 ille
1173 443 1431 506 prematur?

366 514 469 578 Ipsa
490 532 626 562 novas
648 526 812 572 vestes;
833 515 942 564 dura
964 515 1032 563 vir
1055 535 1173 564 arma
1195 515 1335 565 ferat?
1673 537 1717 582 4⁶

304 588 405 650 Qua
426 608 631 654 possum,
658 589 862 656 squalore
888 603 989 640 tuos
1011 592 1180 641 imitata
1198 592 1372 644 labores

368 666 522 724 Dicar3
544 679 589 715 et
610 667 701 716 haec
723 667 831 717 belli
856 680 1053 736 tempora
1076 671 1215 719 tristis
1239 691 1376 734 agam.

303 742 406 790 Dux
429 744 531 791 Pari
555 745 794 803 Priamide,
822 745 982 794 damno
1006 746 1199 795 formose
1223 751 1425 807 tuorum,

365 819 475 867 Tam
499 820 558 868 sis
578 820 722 870 hostis
746 822 884 880 iners,
913 842 1044 889 quam
1066 822 1208 871 malus
1231 823 1397 891 hospes
1417 843 1523 874 eras.
1568 859 1570 861 »

303 895 395 942 Aut
423 907 464 944 te
487 897 696 945 Taenariae
719 897 872 947 faciem
896 898 1095 966 culpasse
1113 900 1299 960 maritae,
1674 913 1719 962 45

365 973 461 1020 Aut
481 972 546 1020 illi
570 973 724 1022 vellem
748 974 1024 1041 displicuisse
1049 989 1181 1026 tuam.

299 1048 391 1105 Tu,
419 1049 496 1114 qui
518 1069 601 1115 pro
625 1062 751 1117 rapta
772 1051 979 1111 nimium,
1008 1053 1226 1113 Menelae‚
1251 1037 1447 1115 laboras,

366 1126 451 1175 Hei
474 1127 609 1175 mihi!
638 1147 769 1194 quam
790 1127 942 1177 multis
965 1129 1125 1180 flebilis
1147 1131 1269 1181 ultor
1286 1134 1391 1182 ems!

299 1202 384 1260 Di,
405 1222 587 1269 precor,
611 1223 636 1252 a
657 1205 790 1253 nobis
815 1224 944 1254 omen
967 1220 1186 1258 removete
1211 1209 1468 1259 sinistrum:

341 1322 394 1371 39.
404 1325 486 1368 Ipsa
500 1337 614 1359 comas
622 1329 751 1369 peclar,
763 1327 866 1370 galea
876 1331 980 1371 caput

297 1377 355 1410 ille
372 1380 542 1420 premetur
557 1380 573 1405 Ρ
598 1379 682 1422 Ipsa
707 1391 812 1413 novas
839 1383 975 1420 vestes,

298 1429 382 1462 dura
389 1431 445 1462 vir
451 1430 643 1474 armuseret
649 1432 668 1466 ?
677 1430 862 1466 Antitheta
874 1443 980 1477 quam

298 1480 550 1526 pulcherrima,
571 1482 611 1516 ad
622 1495 802 1518 summum
820 1484 979 1519 dolorem

298 1531 529 1567 excitandum.
541 1533 645 1570 C1or.
654 1535 979 1571 Alter-membrana-

297 1596 378 1619 ceus
391 1585 522 1620 Moreti
533 1586 640 1621 codex
652 1614 661 1631 ,
669 1592 818 1631 pectam·⁴
829 1588 979 1634 eleganti

299 1634 499 1672 Graecismo.
518 1638 708 1685 Superiora
723 1640 956 1675 confirmant:

297 1691 354 1717 Nec
366 1691 429 1716 mihi
439 1693 578 1726 pectendos
591 1703 654 1718 cura
668 1700 707 1719 est
721 1695 832 1728 proebere
842 1695 959 1728 capiuos.

299 1740 380 1775 Hoc
394 1741 490 1776 enim
504 1742 706 1778 ancillarum
717 1743 885 1788 officium,
901 1756 978 1789 quae

295 1797 479 1829 amatrices
495 1794 576 1830 hinc
593 1795 701 1831 dictae.
717 1796 851 1831 Hssms.

339 1847 391 1889 43.
422 1848 506 1881 Dux
526 1849 617 1881 Pari.
650 1847 745 1882 Male
765 1848 892 1895 legitur
913 1848 972 1884 hie

297 1906 409 1934 textus
420 1925 429 1943 ,
447 1901 531 1934 Duz·
540 1902 645 1935 Pari:
655 1913 772 1945 neque
785 1900 882 1935 enim
896 1913 977 1936 con-

296 1951 411 1996 venit,
427 1959 467 1986 ut
482 1952 569 1987 irata
585 1959 620 1987 et
635 1953 775 1991 turbata
791 1955 907 1988 ducem
922 1965 978 1998 ap—

296 2004 400 2048 pellet
425 2003 600 2039 Paridem.
622 2004 669 2039 Et
690 2018 731 2039 ex
753 2004 866 2040 verbis
894 2005 977 2039 Ho-

296 2055 398 2099 meri,
410 2057 508 2092 Iliad.
522 2065 559 2102 Γ,
574 2058 629 2106 39,
639 2070 746 2103 appa!
747 2057 978 2104 etlegendum

296 2121 369 2142 esse
393 2111 554 2156 Dyspari.
575 2110 671 2145 Dicit
691 2111 817 2145 enim:
840 2113 978 2159 Δυσκοερι

300 2156 377 2202 εἶδός
364 2163 479 2213 ,ἅριςε
497 2169 580 2205 etc.;
595 2162 631 2197 id
645 2170 718 2206 est,
740 2165 861 2198 omale
873 2167 911 2197 el
922 2167 979 2197 in·-

288 2215 383 2258 fele'z·
395 2216 494 2255 Pari
505 2215 654 2259 somam
662 2218 795 2259 optime.
808 2214 976 2251 Alludens

295 2267 403 2312 igitur
426 2273 529 2312 poeta
553 2266 702 2302 Ovidius
730 2266 774 2300 ad
793 2266 850 2301 illa
872 2267 978 2302 verba

300 2319 474 2362 Homeri,
504 2318 585 2352 facit
609 2318 735 2352 iratam
752 2318 976 2353 Laodamiam

296 2370 392 2415 loqui
407 2370 450 2405 de
467 2369 594 2405 Paride
611 2370 863 2406 contumeliose
878 2397 889 2415 ,
911 2371 977 2405 sic:

302 2424 333 2456 0
346 2422 518 2469 Dyspari!
538 2422 573 2456 id
585 2429 635 2457 est
647 2449 656 2466 ,
676 2435 698 2456 ο
710 2422 800 2458 male
814 2429 849 2457 et
861 2422 978 2457 infelix

297 2475 379 2509 Pari
392 2475 399 2508 !
417 2487 502 2509 nam
518 2479 568 2513 δὺς
583 2474 675 2520 apud
687 2474 826 2510 Graecos
838 2475 875 2509 in
886 2486 978 2509 com—

295 2527 466 2572 positione
489 2529 612 2560 malum
631 2526 771 2572 aliquod
785 2526 973 2572 siguificat,

296 2578 351 2612 vel
380 2578 621 2613 difficultatem
631 2605 641 2622 ,
669 2578 724 2613 vel
749 2578 976 2624 impossibili-

296 2636 405 2664 tatem
418 2657 427 2674 ,
444 2638 483 2665 ut
497 2638 624 2665 notum
640 2631 720 2665 satis
732 2656 742 2674 ,
760 2631 814 2664 vel
828 2630 907 2675 ipsis
920 2629 979 2663 lit—

296 2689 452 2717 terarum
477 2695 668 2728 graecarum
693 2682 874 2716 tironibus.
891 2681 977 2715 Hu-

297 2743 406 2768 mm'r.
432 2752 477 2760 --
503 2733 562 2768 Sic
585 2735 675 2768 etin
697 2746 769 2768 uno
791 2733 887 2778 regio
913 2745 977 2778 pro

299 2785 391 2821 varia
414 2785 588 2830 lectione,
611 2792 646 2821 et
665 2786 703 2820 in
734 2785 866 2821 duabus
893 2783 976 2819 edi«-

1042 1327 1192 1363 tionibus
1210 1329 1356 1365 Venetis
1370 1329 1604 1375 deprehendi3
1621 1337 1657 1365 et
1670 1331 1718 1366 ita

1042 1380 1147 1415 etiam
1167 1381 1343 1416 Martinus
1371 1380 1539 1426 crusina,
1557 1381 1594 1416 in
1618 1381 1718 1417 Ger-

1041 1433 1329 1477 mano-Graecia,
1347 1433 1404 1469 lib.
1421 1445 1455 1477 1,
1481 1447 1514 1480 p.
1532 1447 1593 1480 17,
1609 1433 1720 1468 corri-

1042 1485 1160 1530 gebat;
1193 1492 1228 1520 et
1252 1485 1356 1520 hodie
1385 1498 1456 1520 esse
1481 1485 1574 1530 scio,
1595 1485 1722 1531 quibus

1042 1549 1115 1571 non
1137 1536 1312 1582 displiceat
1329 1537 1414 1572 :sed
1430 1550 1495 1584 ego
1518 1545 1591 1572 tam
1613 1537 1717 1573 docte

1042 1588 1212 1624 Ovidium
1246 1589 1301 1623 vix
1331 1590 1500 1635 scripsisse
1538 1596 1625 1635 puto
1642 1603 1651 1632 ς
1680 1596 1721 1624 et

1041 1652 1151 1685 quum
1176 1642 1292 1674 Duces
1316 1641 1442 1686 passim
1469 1653 1489 1675 a
1509 1641 1620 1687 poetis
1651 1640 1720 1676 dici

1040 1691 1163 1725 heroas
1200 1699 1236 1726 et
1266 1705 1364 1738 reges
1404 1692 1509 1726 sciam
1527 1719 1536 1736 ,
1581 1693 1720 1727 retineo

1039 1743 1225 1789 vulgatam.
1253 1761 1297 1769 ·-
1328 1745 1480 1778 Tuomm.
1507 1744 1551 1778 In
1575 1743 1721 1778 Grono-

1039 1795 1143 1830 viano
1162 1803 1236 1831 erat
1258 1808 1323 1841 pro
1348 1796 1443 1831 varia
1462 1795 1610 1831 lectione
1627 1822 1637 1840 ,
1657 1800 1719 1830 υἰ-

1038 1859 1165 1891 tomm;
1185 1854 1226 1882 ut
1242 1847 1285 1882 ad
1300 1860 1404 1882 suum
1423 1860 1564 1893 quoque
1581 1847 1696 1883 virum
1706 1875 1718 1892 ,

1039 1899 1077 1933 in
1093 1912 1200 1944 quem
1213 1899 1348 1935 Paridis
1359 1912 1449 1934 noxa
1458 1899 1720 1943 redundaverit,

1039 1950 1209 1995 respiciat,
1221 1957 1258 1985 et
1272 1951 1418 1996 quinon
1429 1950 1543 1985 solum
1557 1950 1721 1996 Troianis

1041 2001 1188 2046 damna,
1205 2001 1266 2038 sed
1292 2009 1327 2037 et
1349 2001 1479 2038 Graecis
1495 2002 1664 2037 intulerit.
1678 2001 1719 2036 B.

1039 2072 1084 2080 --
1096 2054 1143 2088 Et
1157 2066 1349 2100 eaquoque
1361 2054 1532 2099 Lennepii
1544 2053 1720 2089 sententia

1039 2113 1104 2150 est,
1117 2106 1189 2151 qui,
1202 2106 1282 2141 licet
1288 2117 1363 2141 non
1374 2113 1491 2140 motus
1498 2105 1721 2141 mediocriter

1039 2157 1231 2193 rationibus
1254 2169 1338 2202 quas
1362 2158 1515 2192 afferunt
1540 2156 1719 2192 Haben-ti—

1039 2222 1107 2245 nus
1123 2235 1132 2253 ,
1156 2209 1283 2255 Egnat.
1305 2216 1341 2244 et
1359 2209 1490 2256 Micyu.
1518 2209 1556 2243 in
1584 2215 1717 2243 textum

1040 2268 1160 2296 tamen
1175 2260 1329 2306 recipere
1350 2273 1425 2295 non
1449 2273 1550 2296 ausus
1573 2267 1648 2302 αις
1680 2265 1717 2294 et

1041 2313 1216 2359 vulgatam
1230 2339 1239 2356 ,
1257 2312 1467 2348 Burmanno
1489 2311 1576 2347 duce
1590 2337 1603 2355 ,
1631 2309 1719 2346 reti-

1040 2365 1198 2401 nendam
1218 2365 1363 2401 censuit,

1085 2419 1138 2462 48.
1153 2419 1226 2453 Hei
1239 2420 1325 2452 mibi
1332 2418 1342 2452 ἱ
1359 2429 1457 2462 quam
1471 2414 1720 2460 malm-flebilis

1039 2470 1229 2505 ultoreris!
1246 2469 1305 2505 sic
1322 2468 1432 2518 Ulixis
1446 2466 1617 2503 desiderio
1632 2477 1720 2500 eon-

1041 2524 1150 2558 sectus
1156 2523 1321 2557 Eumaeus
1323 2520 1428 2566 ,apud
1436 2517 1719 2565 Hom-Odyss.3,

1039 2576 1108 2618 68,
1128 2575 1165 2609 in
1186 2574 1362 2609 Helenam
1373 2599 1383 2618 ,
1399 2584 1478 2618 quae
1496 2571 1559 2606 toti
1575 2568 1720 2604 Graeciae

1041 2627 1129 2662 adeo
1135 2628 1287 2671 stebtlts
1305 2624 1501 2660 invehitur:

1085 2685 1134 2718 Ως
1155 2676 1259 2725 ὤφελλ’
1274 2670 1385 2717 Eli-ane
1406 2676 1464 2713 ἐπὶ
1483 2678 1568 2719 φῦλον
1585 2672 1702 2707 Mam

1043 2734 1162 2778 Πρὸχνυ
1174 2756 1183 2774 ,
1205 2732 1267 2766 ἕπει
1263 2734 1390 2764 ’πολλῶν
1402 2728 1516 2776 ἀνδρῶν
1532 2728 1586 2761 §ab
1597 2723 1720 2769 γούνατ

1131 2786 1241 2819 ''auw-
