1884 3112
1264 244 1622 260 mmmmm

573 327 1076 442 EPISTOLA
1129 372 1255 444 vl.

447 699 913 758 HYPSIPYLE
973 703 1008 759 J
1029 702 1251 761 ASON
1270 706 1316 762 Ι.
1346 700 1370 724 *

207 823 444 898 LITORA
467 849 705 900 Thessaliae
728 851 880 902 reduci
904 854 1100 918 tetigisse
1123 855 1271 904 carina

264 927 458 987 Diceris,
482 941 646 979 auratae
669 929 826 981 vellere
850 931 972 981 dives
993 933 1102 981 ovis.

205 1004 412 1054 Gratulor
431 1005 664 1067 incolumi,
689 1021 904 1075 quantum
927 1009 1036 1059 sinis
1057 1029 1068 1059 ε
1086 1009 1174 1059 hoc
1195 1021 1342 1060 tamen
1360 1011 1459 1079 ipso

263 1082 516 1132 Debueram
536 1085 702 1152 scripto
728 1086 891 1134 certior
913 1104 1007 1134 esse
1031 1098 1125 1135 tuo.

199 1158 334 1218 Nam,
357 1179 414 1209 ne
433 1171 563 1228 pacta
584 1161 669 1210 tibi
691 1174 852 1229 praeter
869 1181 965 1211 mea
981 1182 1118 1227 regna
1140 1164 1329 1224 redires,

1606 1184 1626 1216 CI

263 1235 419 1300 Quum
440 1256 645 1304 cuperes,
668 1251 825 1288 ventos
844 1259 937 1288 non
956 1240 1166 1289 habuisse
1188 1253 1332 1308 potes.

200 1311 460 1389 Quamlibet
474 1314 657 1365 adverso
676 1317 877 1380 signetur
898 1317 1086 1385 epistola
1106 1330 1239 1367 vento
1255 1339 1266 1378 ;

239 1442 259 1461 *
274 1443 393 1480 Etiam
410 1443 493 1481 huic
508 1445 672 1492 Epistolae
687 1447 880 1494 praefigitur

196 1492 368 1531 distichon
380 1495 498 1533 hocin
515 1497 695 1545 Excerptis
706 1499 876 1535 Puteani:

195 1554 316 1581 Leuni-n
323 1556 474 1591 Hypsipyle
479 1576 490 1590 ‚
497 1557 594 1584 Bocchi
609 1567 687 1592 genus
694 1578 703 1590 ,
713 1560 808 1585 AEsone
817 1566 878 1586 nato

225 1604 299 1630 Dicit
308 1613 317 1631 :
324 1609 352 1631 et
364 1605 392 1631 in
407 1606 495 1632 verbis
506 1615 567 1641 pers
577 1613 656 1642 quota
669 1608 764 1633 mentio
777 1614 842 1634 erat.

193 1659 267 1698 Ubi
280 1668 400 1698 tamen
416 1663 510 1698 malo
529 1667 652 1699 menm-
666 1668 765 1700 inest.
782 1665 830 1700 H.

237 1727 266 1748 1.
293 1714 413 1750 Litora
447 1718 636 1753 Thessalia*
661 1724 726 1752 etc.
763 1717 872 1753 Unde

189 1765 365 1812 proscenis
384 1767 495 1804 Jason
520 1782 603 1805 cum
634 1768 846 1816 Argonautis
860 1796 871 1814 ,

190 1817 235 1852 ad
262 1819 547 1865 conquirendum
577 1835 726 1857 aureum
753 1822 871 1858 vellus.

189 1869 247 1907 De
260 1883 333 1916 quo
345 1871 446 1918 plura
459 1885 524 1908 suo
538 1873 615 1909 loco
628 1873 782 1910 dicemus
792 1900 802 1918 ,
828 1874 872 1909 ad

190 1921 298 1959 Ovid.
307 1924 456 1960 Metam.
464 1936 531 1960 vu.
541 1943 586 1951 —
596 1928 734 1962 Reduci
743 1927 871 1962 carina.

190 1974 293 2012 Salva
303 1976 431 2012 seilicet
445 1989 453 2012 :
467 1990 564 2022 nam,
580 1985 666 2013 teste
682 1979 817 2023 servio,
828 1979 871 2014 ad

190 2026 289 2074 Vir-g.
303 2028 388 2064 AEn.
402 2040 434 2073 1,
451 2029 535 2078 394,
551 2031 689 2076 proprie
706 2031 872 2066 dicuntur

189 2081 345 2127 reduces,
363 2082 424 2128 qui
439 2082 591 2128 pericula
604 2091 810 2118 evaserunt:

189 2138 312 2174 quue
319 2141 368 2167 tibi
373 2142 481 2170 mduces
491 2143 586 2174 socios,
594 2143 754 2177 classemque
763 2143 869 2170 relatam

189 2188 305 2215 Nunnio.
650 2224 652 2228 Ι

235 2251 266 2272 2.
279 2239 426 2274 Diceris.
440 2240 550 2276 Fama
570 2241 714 2287 quidem
730 2243 843 2288 accepi
857 2257 866 2284 ;

189 2289 311 2324 malim
328 2303 349 2325 a
362 2298 416 2336 te,
434 2299 470 2327 et
484 2306 547 2338 par
561 2301 646 2328 erat.
661 2311 705 2320 -—·
727 2296 867 2330 Vellere.

189 2341 222 2376 A
236 2344 391 2378 vellendo
403 2356 414 2378 .·
424 2356 501 2379 mos
512 2345 638 2392 quippe
650 2345 734 2381 olim
749 2347 866 2382 lanam

186 2396 322 2436 vellere,
336 2407 410 2430 non
420 2395 578 2432 tondere.
591 2397 714 2432 Isidor.
727 2409 803 2443 x1x,
813 2413 865 2447 27.

228 2447 259 2481 3.
279 2449 446 2492 Quantum
457 2452 554 2484 simlr.
574 2449 763 2495 Quantum
778 2451 865 2487 mihi

186 2511 250 2543 per
264 2506 299 2534 te
313 2499 413 2544 licet,
442 2501 502 2546 qui
519 2501 562 2536 de
581 2501 698 2537 reditu
719 2516 865 2539 uxorem

186 2562 232 2586 ne
239 2551 463 2588 admonueris
471 2553 674 2599 quidem.—
683 2557 760 2591 Hoc
771 2560 862 2601 1'pso‚·

185 2615 248 2648 per
276 2604 421 2651 ellipsim
435 2632 444 2649 ‚
468 2619 532 2652 pro
559 2608 602 2641 de
625 2609 689 2642 boc
708 2611 809 2652 1⁰pso‚·
828 2615 865 2644 et

185 2655 338 2700 genuina
356 2657 459 2693 lectio
481 2665 533 2694 est
545 2685 555 2702 ,
581 2660 738 2705 quamvis
755 2663 864 2706 ipsum

185 2707 310 2751 probet
325 2709 448 2745 Douza
459 2737 469 2755 ,
486 2718 522 2746 et
534 2711 685 2747 habeant
695 2713 750 2748 alii
762 2716 835 2759 ipse
845 2725 861 2758 ,⁶

187 2758 242 2794 alii
253 2768 372 2796 autem
386 2766 472 2807 ipsa.

988 1450 1171 1490 &Ptelea
1186 1449 1256 1485 Hic
1271 1457 1323 1485 est
1337 1463 1451 1495 prope.
1477 1451 1625 1486 Mallem

936 1505 1094 1546 pmpter:
1106 1501 1185 1536 vide
1200 1513 1281 1536 vm.
1297 1502 1445 1537 Metam.
1463 1504 1548 1547 258;
1563 1503 1623 1539 sed

941 1559 1061 1588 tamen
1077 1553 1230 1598 Statius,
1248 1553 1360 1589 Theb.
1381 1565 1419 1589 1x
1434 1567 1442 1589 :

940 1614 1053 1648 Jamque
1062 1614 1116 1639 sere
1125 1614 1240 1640 medium
1251 1614 1370 1640 Parnassi
1377 1614 1485 1642 frondea
1491 1623 1594 1650 praeter

940 1663 1013 1688 eona
1023 1663 1126 1689 tenebat
1136 1664 1194 1690 iter.

938 1711 1014 1747 Nisi
1040 1718 1077 1748 et
1103 1712 1172 1749 illic
1189 1718 1332 1759 propter
1354 1714 1456 1761 legas.
1488 1714 1623 1751 HEINS.

940 1763 1017 1800 Cur
1030 1772 1149 1801 autem
1161 1793 1171 1811 ,
1187 1780 1299 1812 quum
1318 1774 1463 1813 usurpet
1481 1780 1622 1813 quoque

936 1816 1048 1852 soluta
1071 1818 1212 1853 oratio?
1241 1818 1314 1854 Liv.
1340 1830 1404 1864 xL,
1427 1821 1466 1864 41
1491 1833 1499 1854 :
1527 1834 1544 1849 «
1564 1819 1623 1856 Ad

935 1876 1072 1915 septem
1097 1871 1204 1906 millia
1225 1871 1414 1906 hominum
1447 1871 1485 1906 in
1517 1884 1623 1906 naves

935 1921 1115 1968 impositos
1125 1949 1134 1966 ‚
1147 1928 1275 1968 pra-let
1282 1937 1381 1959 oram
1395 1924 1533 1958 Etrusci
1544 1936 1623 1957 rna-

936 1974 983 2008 ris
991 1974 1175 2021 Neapolim
1187 1976 1377 2022 transmisit
1392 1975 1587 2020 (Fulvius).
1602 1990 1620 2006 »ι

937 2026 1059 2062 Posset
1075 2034 1110 2062 et
1125 2041 1266 2073 prepete
1291 2031 1328 2062 in
1351 2041 1428 2062 mea
1449 2041 1562 2072 mgna.
1577 2045 1621 2054 —

935 2080 1047 2113 Pacta
1062 2082 1199 2114 tibietc.
1215 2080 1372 2115 Insulam
1387 2080 1550 2116 Lemnon
1561 2079 1620 2116 de-

934 2130 1047 2177 signat
1058 2158 1068 2175 ,
1084 2145 1191 2178 quam
1203 2132 1241 2167 in
1254 2132 1376 2168 dotem
1391 2133 1513 2169 Jasoni
1529 2133 1622 2179 pepi-

934 2190 1032 2231 gerat
1050 2184 1253 2233 Hypsipyle.
1272 2185 1471 2231 Alii,pacla
1479 2187 1622 2232 quidem.

977 2236 1008 2271 6.
1036 2238 1142 2281 Quum
1154 2251 1292 2283 cuperes
1306 2245 1370 2274 etc.
1382 2238 1531 2274 Excusat
1545 2237 1619 2285 pri-

933 2301 1033 2323 mum
1044 2315 1054 2333 ,
1081 2302 1152 2334 quo
1168 2289 1411 2326 vehementius
1438 2290 1475 2325 in
1500 2290 1615 2336 ipsum

931 2342 1089 2387 insurgat
1102 2366 1112 2385 ,
1133 2341 1194 2376 ubi
1208 2342 1252 2376 de
1270 2342 1418 2388 perfidia
1433 2343 1571 2377 certior.

978 2408 1006 2441 7.
1028 2395 1229 2437 Quamlibet.
1252 2394 1447 2440 Naugerius
1463 2401 1563 2429 notat
1578 2394 1616 2429 in

931 2445 1139 2492 quibusdam
1161 2446 1229 2492 legi
1246 2473 1256 2491 ,
1279 2449 1429 2492 quolibet
1446 2449 1612 2489 adverso‚·

931 2512 1039 2544 quam
1053 2498 1243 2534 lectionem
1255 2499 1435 2536 adstruere
1446 2506 1612 2544 conatur,

931 2564 972 2586 ex
987 2551 1053 2585 alio
1066 2550 1143 2586 loco
1156 2563 1165 2584 :

964 2611 1106 2645 Quaslibet
1126 2611 1252 2637 admissas
1271 2611 1405 2638 detinuere
1421 2618 1499 2638 rates.

929 2663 1143 2708 Perperam3
1168 2674 1253 2696 nam
1277 2667 1314 2696 et
1337 2660 1406 2696 illic
1428 2664 1613 2708 quamlibet

928 2714 1128 2760 legendum.
1151 2713 1231 2749 Vid.
1251 2727 1325 2760 sup.
1343 2713 1451 2760 Epist.
1471 2725 1522 2757 lv,
1545 2714 1588 2761 98
1601 2740 1611 2757 ,

929 2767 1038 2802 etius.
1055 2767 1120 2802 hac
1136 2766 1245 2813 Epist.
1266 2768 1338 2810 140.
1353 2766 1459 2802 Trist.
1474 2777 1528 2810 lv,
1541 2775 1610 2809 vn,
