1884 3112
315 251 402 313 274

773 249 1117 294 EPISTOLA
1147 251 1263 297 XV.

311 343 493 392 Invenio
518 340 691 398 silvam,
715 358 810 405 quae
834 358 945 405 saepe
970 339 1131 389 cubilia
1152 341 1284 390 nobis

375 419 588 476 Praebuit,
613 429 657 467 et
676 416 813 464 multa
830 417 937 464 texit
961 436 1097 483 opaca
1117 437 1267 466 coma:

310 498 372 547 At
392 516 485 545 non
506 494 681 543 invenio
708 493 932 542 dominum
954 493 1157 561 silvaeque
1178 514 1436 562 meumque:

1591 501 1593 504 Α
1651 514 1713 559 145

375 571 472 620 Vile
496 570 640 619 solum
662 569 784 618 locus
802 582 869 618 est
891 590 901 617 :
928 570 1009 618 dos
1032 582 1123 619 erat
1143 570 1216 619 ille
1239 571 1338 620 loci.

310 650 486 714 Agnovi
508 667 680 715 pressas
702 647 800 695 noti
824 648 931 695 mihi
951 648 1127 714 cespitis
1144 648 1331 697 herbas:

300 720 309 727 ³
374 728 442 775 De
465 737 620 774 nostro
644 743 823 772 curvum
841 723 1034 790 pondere
1059 743 1236 786 gramen
1257 737 1359 773 erat.

308 802 519 859 Incubui3
545 800 756 866 tetigique
776 799 944 859 locum,
971 820 1056 866 qua
1077 813 1200 866 parte
1223 801 1347 850 fuisti
1366 822 1378 850 ε

377 880 510 927 Grata
532 878 656 944 prius
673 876 869 925 lacrimas
894 876 1112 925 combibit
1128 877 1266 926 herba
1285 898 1413 928 meas.
1653 894 1713 929 150

309 957 433 1022 Quin
455 956 584 1003 etiam
605 954 713 1002 rami
737 953 895 1019 positis
917 952 1067 1015 lugere
1089 954 1293 1002 videntur

371 1032 647 1090 Frondibus3
673 1043 717 1079 et
738 1030 871 1078 nullae
895 1030 1020 1079 dulce
1046 1043 1290 1096 queruntur
1312 1022 1420 1082 aves.

306 1109 412 1159 Sola
434 1109 575 1157 virum
597 1126 689 1155 non
710 1106 804 1155 ulta
825 1107 897 1173 pie
917 1107 1194 1156 moestissima
1212 1120 1348 1158 mater

372 1186 580 1237 Concinit
599 1184 828 1233 Ismarium
850 1182 1030 1232 Daulias
1048 1183 1135 1232 ales
1158 1186 1259 1250 Ityn
1283 1204 1295 1232 ε

306 1265 411 1315 Ales
431 1266 551 1330 Ityn,
574 1261 757 1328 Sappho
779 1260 974 1309 desertos
998 1272 1143 1309 cantat
1160 1272 1348 1310 amores:

369 1342 616 1396 Hactenus3
638 1349 691 1385 ut
709 1336 851 1384 media
875 1347 1015 1384 cetera
1038 1348 1166 1385 nocte
1190 1336 1333 1386 silent.

305 1420 388 1468 Est
406 1415 597 1471 nitidus,
619 1414 846 1477 vitreoque
864 1412 1002 1474 magis
1026 1412 1276 1478 perlucidus
1299 1431 1442 1471 amne,

367 1496 488 1543 Fons
513 1510 630 1540 sacer
653 1510 663 1538 ι
685 1490 804 1537 hune
828 1487 957 1536 multi
983 1507 1147 1536 numen
1169 1488 1328 1536 habere
1348 1499 1531 1555 putant:

304 1573 452 1637 Quem
475 1587 606 1635 supra
625 1584 770 1615 ramos
794 1564 1001 1631 expandit
1021 1565 1220 1630 aquatica
1242 1564 1360 1613 lotos
1373 1601 1386 1623 ‚

350 1676 422 1718 145.
437 1674 507 1707 Sed
515 1684 591 1706 non.
602 1670 655 1705 At
665 1682 731 1703 non
743 1667 857 1712 scripti
871 1679 879 1702 :
892 1680 972 1701 mox

302 1728 427 1771 agnovi
434 1736 497 1770 pro
517 1724 658 1766 cognovi
669 1719 819 1765 quidam.
838 1719 970 1753 Hnms.

349 1778 419 1823 147.
429 1776 570 1820 Agnovi.
581 1774 685 1807 Unus
695 1770 843 1814 Heinsii‚
853 1772 976 1814 agnovi

296 1840 436 1873 pressas
447 1853 455 1868 ‚
482 1829 625 1869 vestigia
643 1825 786 1868 corporis
797 1848 805 1862 ‚
829 1823 948 1855 herbas
959 1833 970 1854 .-

303 1892 377 1914 non
403 1879 596 1913 invenuste.
620 1876 724 1910 Modo
748 1876 819 1908 vivi
840 1873 877 1906 in
899 1884 970 1906 uno

305 1931 439 1976 Regio;
462 1930 558 1964 modo
578 1930 673 1978 noti,¹
693 1923 842 1960 Merani.

351 1983 421 2017 153.
440 1983 517 2017 Non
527 1982 599 2014 ulta
609 1982 677 2023 pie.
697 1979 776 2012 Sola
791 1980 895 2011 virum
909 1987 975 2009 non

303 2036 378 2069 ulta
395 2036 489 2077 pn'us
510 2033 723 2066 moestissima
745 2033 864 2069 mater,
889 2026 973 2061 Do—

305 2085 422 2121 mitius
432 2083 513 2129 legit
523 2097 532 2127 3
549 2090 589 2117 ut
598 2082 641 2116 sit
652 2093 769 2116 sensus
781 2092 790 2115 ι
806 2079 887 2114 Sola
896 2091 974 2112 ma-

306 2144 373 2181 ter,
386 2148 463 2182 quae
472 2135 515 2169 ob
526 2134 561 2168 id
571 2132 783 2168 moestissima
794 2138 844 2166 est
855 2157 864 2175 ,
879 2129 972 2175 quod

304 2201 379 2224 non
401 2188 494 2233 prius
521 2185 682 2221 occiderit
705 2185 820 2219 virum
831 2209 840 2227 ,
868 2194 972 2227 quam

306 2240 418 2275 filium
434 2245 497 2274 etc.
525 2236 595 2272 Sed
620 2236 674 2270 alii
699 2247 762 2281 pro
784 2237 878 2278 pn'us
886 2260 896 2276 ‚
913 2236 972 2277 pt),-

304 2292 446 2337 legunt:
460 2289 525 2326 hae
535 2287 727 2323 sententia:
744 2286 825 2321 Sola
839 2292 969 2329 mater,

304 2355 382 2388 quae
395 2344 495 2386 impie
510 2340 581 2374 ulta
597 2346 646 2374 est
659 2339 782 2372 virum.
800 2340 903 2383 Jmpie
913 2337 972 2372 sci-

303 2394 383 2429 licet
393 2420 401 2435 ,
425 2391 518 2438 quo'd
533 2391 570 2425 in
586 2403 628 2425 eo
644 2389 837 2426 ulciscendo
860 2389 971 2423 filium

305 2445 527 2480 intersectum
538 2441 749 2488 epulandum
765 2440 928 2487 apposuit.

354 2511 367 2531 1
374 2498 425 2540 54.
436 2496 584 2530 Daulias
590 2496 674 2528 ales.
681 2492 883 2536 Philomela,
893 2493 939 2527 sic
951 2505 970 2527 a

305 2549 415 2595 poetis
421 2547 674 2593 cognominata,
686 2546 872 2586 aDaulide,
885 2544 970 2579 urbe

304 2600 359 2634 vel
375 2599 516 2645 regione
536 2597 695 2633 Phocidis
706 2623 715 2641 ‚
742 2597 801 2631 ubi
819 2596 856 2631 in
871 2608 969 2630 avem

304 2650 506 2685 conversam
519 2649 658 2695 fingunt
667 2647 904 2684 Philomelam.

353 2703 423 2747 157.
447 2703 515 2735 Est
527 2702 667 2741 nitidus,
684 2703 848 2744 vitreoque
864 2702 970 2745 magis

301 2754 491 2797 perlucidus
505 2765 611 2787 amne.
636 2751 704 2787 Alii
720 2749 816 2786 aliter
833 2763 841 2787 z

1035 1675 1082 1699 Est
1092 1675 1190 1700 nitidus
1200 1693 1208 1706 ,
1222 1675 1341 1709 vitroque
1354 1676 1435 1708 magis
1449 1675 1596 1709 perlucidus
1613 1677 1705 1702 amnis.

1035 1723 1104 1756 Est
1125 1722 1271 1762 m‘t1'dus,
1300 1723 1448 1765 vitroque
1465 1725 1572 1766 magis
1583 1725 1707 1766 perlu-

1034 1773 1130 1806 cidus
1139 1774 1246 1805 ammlr
1256 1784 1265 1805 :
1275 1771 1348 1806 haec
1359 1772 1577 1818 Naugeriana
1585 1772 1685 1809 lectio
1697 1787 1708 1815 ;

1033 1822 1094 1858 sed
1111 1822 1252 1857 ridicule
1269 1823 1404 1857 sontem
1415 1830 1451 1858 et
1463 1836 1604 1859 amnem
1617 1837 1707 1859 eun—

1036 1874 1117 1908 dem
1132 1874 1220 1909 facit.
1231 1875 1358 1908 Primae
1368 1873 1535 1910 editiones
1547 1883 1582 1911 et
1590 1876 1707 1921 scripti

1035 1925 1189 1971 plerique
1209 1951 1219 1969 ‚
1253 1928 1418 1970 vitreoque
1450 1939 1557 1961 amne.
1579 1927 1707 1962 Maza-

1036 1976 1190 2011 rinianus
1203 2002 1212 2020 ,
1243 1979 1409 2022 vitreoque
1435 1980 1535 2012 amni.
1565 1977 1684 2013 Scribe
1694 2005 1705 2022 ,

1036 2032 1182 2073 vitroque
1204 2031 1315 2076 magi(
1322 2030 1515 2073 perlucidus
1535 2032 1633 2064 omni.
1648 2029 1707 2065 sic

1040 2081 1072 2114 0
1084 2082 1173 2115 Fons
1189 2081 1383 2115 Blandusaeze
1398 2082 1606 2125 splendidior
1620 2084 1707 2116 vitm

1037 2132 1127 2177 apud
1145 2132 1333 2167 Horatium
1346 2158 1356 2176 ‚
1378 2132 1434 2167 lib.
1451 2143 1496 2166 111
1508 2159 1518 2176 ,
1540 2132 1610 2168 Od.
1625 2143 1705 2167 xnl.

1036 2183 1090 2218 Ita
1106 2184 1222 2218 Poetae
1234 2183 1368 2229 passim.
1385 2184 1518 2219 Hznis.
1528 2201 1571 2210 —-
1580 2183 1705 2219 Nescio

1036 2248 1080 2270 an
1108 2235 1222 2270 verior
1253 2235 1325 2270 haec
1360 2235 1497 2270 Heinsii
1525 2235 1704 2271 correctio.

1035 2287 1158 2332 Neque
1175 2287 1269 2322 enim
1283 2286 1317 2321 id
1336 2287 1519 2332 quaeritur,
1547 2299 1591 2321 an
1610 2293 1706 2321 recte

1036 2351 1154 2374 amnes
1169 2342 1272 2373 vitrei
1279 2338 1437 2373 dicantur
1447 2364 1457 2382 ,
1474 2337 1517 2373 de
1533 2350 1603 2383 quo
1618 2335 1704 2373 con2

1034 2391 1198 2425 troversia
1219 2403 1289 2425 esse
1304 2401 1378 2424 non
1401 2396 1536 2435 potest:
1558 2389 1617 2425 sed
1636 2389 1702 2424 hoc

1034 2443 1147 2487 potius
1163 2455 1249 2476 num
1260 2441 1302 2477 ad
1313 2441 1464 2476 nitidum
1476 2442 1580 2477 fontis
1593 2440 1704 2486 splen-

1035 2493 1157 2528 dorem
1166 2491 1421 2528 ''declarandum
1443 2493 1522 2528 satis
1538 2504 1700 2538 magnam

1034 2545 1105 2579 vim
1119 2545 1243 2579 habeat
1257 2545 1330 2589 ejus
1346 2556 1427 2579 cum
1443 2556 1544 2578 amne
1560 2555 1701 2588 compa-

1033 2597 1131 2632 ratio.
1144 2597 1236 2631 Sunt
1253 2596 1348 2631 enim
1366 2608 1484 2630 amnes
1497 2595 1568 2629 sere
1584 2594 1700 2629 minus

1033 2648 1165 2693 limpidi
1175 2661 1213 2683 ac
1223 2647 1393 2694 pellucidi,
1404 2659 1508 2692 quam
1522 2647 1645 2681 sontes.
1659 2646 1699 2681 L.

1078 2701 1149 2746 159.
1174 2701 1356 2743 Expandit.
1378 2698 1420 2732 In
1437 2697 1611 2732 nonnullis
1627 2710 1699 2731 ex-

1034 2753 1142 2787 tendit
1166 2764 1176 2786 .·
1202 2751 1239 2786 in
1267 2750 1336 2786 aliis
1347 2775 1357 2794 ,
1392 2750 1550 2794 expendit
1571 2761 1581 2783 .·
1606 2754 1699 2786 recte
