1884 3112
596 280 791 324 HERO
827 280 1178 326 LEANDRO·

1503 287 1590 331 353

164 356 261 407 Nos
285 367 375 405 tam
396 373 507 404 vana
527 368 677 405 movet
690 394 702 415 ‚
731 376 863 424 quam
885 356 1000 407 facta
1022 358 1185 424 injuria
1205 358 1344 417 fallit:

228 433 394 482 Incitat
415 445 460 482 et
482 452 660 484 morsus
684 453 809 484 error
829 445 1018 502 uterque
1041 455 1182 502 pares.

167 509 212 559 Ο
235 510 407 560 utinam
430 510 603 560 venias!
628 523 707 560 aut
729 523 803 570 ut,
826 524 1060 572 ventusve,
1085 525 1263 580 paterve
1278 552 1291 574 ,

1539 533 1599 567 115

233 587 465 656 Causaque
488 589 548 638 sit
571 601 687 639 certe
711 589 875 639 femina
893 588 1019 639 nulla
1040 593 1200 639 morae!

168 664 313 730 Quod
335 664 374 714 si
398 683 531 732 quam
553 665 718 725 sciero,
743 666 931 725 moriar,
955 666 1068 716 mihi
1087 667 1236 727 crede,
1264 667 1468 719 dolendo.

232 742 506 792 Jamdudum
527 762 706 810 peccas,
732 744 771 792 si
789 763 886 794 mea
907 744 998 793 fata
1019 745 1152 811 petis.

169 823 258 873 Sed
281 842 426 890 neque
450 822 678 890 peccabis,
696 822 957 890 *frustraque
982 842 1064 887 ego
1093 835 1260 873 terreor
1282 825 1408 876 istis:

235 900 431 967 Quoque
449 899 598 954 minus
615 899 764 949 venias
775 937 787 959 ,
813 900 964 949 invida
980 913 1155 967 pugnat
1176 901 1331 951 hiems.

1544 930 1555 952 Ι
1563 931 1604 953 20

169 977 248 1027 Me
269 975 500 1025 miseram!
531 988 700 1044 quanto
725 975 1004 1045 planguntur
1027 977 1161 1027 litora
1181 979 1346 1029 fluctu!

235 1054 296 1102 Et
318 1052 428 1103 latet
451 1052 644 1103 obscura
666 1055 847 1104 condita
868 1055 990 1104 nube
1015 1055 1108 1104 dies
1126 1057 1138 1104 !

170 1129 381 1180 Forsitan
404 1131 461 1179 ad
480 1143 674 1198 pontum
697 1144 838 1181 mater
860 1133 935 1199 pia
957 1133 1128 1181 venerit
1152 1132 1305 1182 Helles
1319 1171 1332 1193 ‚

239 1209 480 1276 Mersaque
502 1210 665 1259 roratis
687 1222 792 1260 nata
813 1209 972 1259 fleatur
992 1211 1120 1278 aquis
1141 1231 1152 1261 :

174 1287 249 1336 An
268 1305 414 1347 mare,
441 1287 498 1336 ab
526 1287 672 1336 inviso
695 1288 910 1355 privignae
932 1289 1114 1338 nomine
1137 1289 1326 1349 dictum,
1519 1318 1521 1321 ·
1551 1316 1590 1339 ια

1592 1305 1613 1339 ’.π

239 1364 385 1413 Vexat
405 1363 455 1412 in
477 1383 727 1431 aequoream
750 1384 876 1414 versa
898 1385 1086 1415 noverca
1109 1367 1280 1416 Deam?

223 1502 298 1538 113.
325 1504 426 1538 Vana
439 1507 558 1539 mmet.
575 1501 785 1538 Admodum
803 1516 867 1538 va-

177 1555 272 1591 riant
292 1555 411 1601 scripti
433 1568 442 1590 :
466 1553 569 1590 multi
584 1581 594 1598 ,
620 1568 703 1590 vera
729 1559 841 1590 movet
854 1566 866 1586 ··

178 1607 236 1643 alii
246 1634 258 1652 ,
273 1607 378 1653 salsa
390 1611 503 1642 novel
511 1634 520 1649 ‚
548 1619 648 1653 quam
662 1609 757 1653 ficta
771 1621 781 1642 .-
805 1607 867 1642 sed

177 1659 317 1706 vulgata
330 1659 440 1706 proba
454 1666 528 1694 est:
541 1672 634 1693 vana
647 1659 744 1694 enim
759 1659 866 1705 inju—

177 1712 232 1747 ria
245 1718 317 1755 est,
333 1723 412 1758 qun
431 1710 572 1746 incertis
588 1717 625 1745 et
639 1710 772 1746 levibus
788 1724 867 1746 auc-

153 1808 155 1810 *
178 1764 330 1809 toribus,
341 1770 378 1800 et
385 1775 531 1798 rumore
539 1762 583 1798 ad
593 1775 659 1798 nos
670 1763 866 1808 pei-sertum

179 1817 274 1853 etita
284 1822 379 1852 recte
390 1816 583 1862 opponitur
583 1816 696 1861 saclae
707 1816 846 1861 injuriae
857 1829 867 1858 ;

179 1881 272 1905 vana
282 1869 380 1904 enim
391 1875 527 1904 temere
536 1868 686 1913 iactatur
696 1894 706 1912 ,
719 1881 787 1903 nec
807 1881 871 1902 un-

183 1933 295 1968 quam
310 1919 460 1955 admissa
474 1926 537 1955 est.
560 1919 693 1955 Bunm.

231 1986 246 2008 1
254 1974 305 2017 ¹4·
326 1974 458 2007 Incitat
466 1976 505 2008 et
514 1984 644 2006 morsus
656 1978 720 2006 etc.
733 1971 873 2007 Pariter

186 2038 246 2060 me
255 2024 416 2061 sollicitat
424 2038 518 2060 emor
523 2028 660 2069 uterque
669 2051 679 2069 ,
693 2037 794 2059 meus
804 2024 873 2059 scil.

185 2079 232 2114 ob
255 2090 384 2114 vanam
412 2077 647 2123 suspicionem
667 2091 676 2120 ;
704 2084 741 2112 et
769 2084 850 2115 tuus
862 2104 873 2123 ,

186 2138 333 2179 propter
346 2137 514 2166 mutuum
525 2142 694 2165 amorem.

234 2183 308 2219 116.
333 2185 511 2229 Causaque
538 2187 590 2219 sit
608 2187 716 2218 certae.
754 2182 849 2229 Lege
863 2209 873 2227 ‚

187 2247 358 2282 causaque
367 2239 418 2271 sit
427 2239 542 2270 tante.
559 2234 665 2270 Ctor.
684 2236 791 2270 Certae
802 2243 877 2269 mo-

187 2301 234 2325 m
247 2287 405 2335 plerique
422 2295 559 2324 veteres
573 2301 655 2323 cum
672 2288 875 2330 Puteane03

189 2340 293 2376 bene.
303 2339 458 2376 Remea.
474 2339 556 2375 Am.
571 2351 596 2376 v
606 2366 616 2383 ,
638 2354 651 2375 1
661 2354 698 2375 12
710 2366 719 2383 ,
733 2339 878 2374 dictum.

193 2392 254 2429 Sic
260 2399 385 2428 contra
391 2392 586 2437 ceriasuga,
597 2392 700 2427 Rem.
710 2391 792 2426 Am.
803 2391 879 2426 266:

226 2449 276 2475 lue
288 2448 362 2475 dedit
373 2454 449 2474 certo
460 2448 540 2474 limen
551 2448 629 2482 plena
640 2447 717 2482 suga.
729 2449 836 2475 113118.
845 2454 851 2457 “

195 2497 361 2535 Omnino
375 2496 622 2542 scribendum,
639 2502 738 2533 cede.

243 2563 257 2584 1
266 2550 316 2585 18.
347 2551 556 2584 Jamdudum
576 2550 714 2595 peccas.
749 2551 881 2586 Versus

195 2609 385 2649 suspectus.
414 2602 548 2638 Hnms.
582 2602 689 2637 Forte
719 2602 883 2638 scriben-

196 2655 286 2691 dum
296 2667 305 2691 t
311 2655 394 2701 jam
403 2656 507 2690 dums
514 2667 633 2700 pecca.
649 2655 717 2691 Vel
733 2659 884 2690 actatum

194 2722 305 2754 pecca
316 2736 326 2752 ,
345 2711 382 2744 si
391 2721 467 2744 mea
473 2708 562 2754 sala
571 2712 673 2753 petis.
691 2708 854 2743 Lunum.

246 2762 319 2797 123.
340 2764 499 2797 Forsitan
507 2763 558 2796 ad
558 2765 701 2806 pontum
713 2765 823 2795 mater
823 2763 887 2805 pia

202 2817 340 2850 venen't.
348 2813 532 2861 Nephelen
543 2813 703 2860 intelligit
714 2840 724 2858 ‚
736 2820 888 2855 matrem

334 2880 379 2926 I.

930 1503 1058 1539 scilicet
1070 1503 1191 1539 Helles
1202 1531 1212 1549 ,
1232 1516 1310 1550 quae
1325 1531 1335 1549 ‚
1349 1504 1437 1539 dum
1451 1530 1460 1549 ,
1472 1505 1614 1553 Phryxo

931 1556 1038 1590 fratre
1059 1556 1187 1591 comite
1207 1583 1217 1600 ,
1247 1569 1408 1592 novercae
1425 1557 1510 1593 Inus
1526 1558 1616 1593 iram

930 1608 1067 1654 fugeret
1081 1635 1091 1653 ,
1122 1621 1231 1644 aureo
1249 1609 1369 1644 velleri
1394 1609 1511 1644 arietis
1527 1610 1615 1645 insi-

932 1659 1038 1703 dens,
1057 1660 1094 1695 in
1107 1673 1186 1695 eam
1200 1668 1336 1707 partem
1349 1662 1456 1697 maris
1471 1661 1615 1706 incidit,

934 1724 1011 1757 quae
1027 1712 1155 1748 deinde
1173 1713 1215 1748 ab
1233 1714 1308 1759 ejus
1323 1715 1470 1749 nomine
1485 1715 1617 1750 Helles-

927 1768 1057 1809 pontus
1070 1772 1191 1800 vocata
1202 1772 1264 1800 est.
1281 1766 1399 1813 Fingit
1417 1767 1517 1802 Hero
1532 1774 1618 1802 tem-

934 1823 1105 1862 pestatem
1127 1817 1219 1852 hanc
1241 1831 1260 1852 a
1286 1818 1444 1865 Nephele
1467 1820 1619 1855 suscita-

935 1875 1027 1912 tam,
1046 1869 1083 1903 in
1100 1870 1311 1904 memoriam
1325 1897 1334 1914 ‚
1354 1878 1389 1905 et
1402 1871 1479 1906 fieri
1494 1873 1522 1906 si
1539 1885 1620 1918 pos-

935 1921 1000 1965 sit,
1028 1921 1066 1955 in
1092 1921 1282 1956 vindictam
1306 1929 1399 1957 natae
1420 1936 1490 1958 suae
1513 1937 1619 1959 casus.

936 1990 981 2000 ·—
995 1974 1149 2007 Pontum.
1177 1972 1246 2008 Sex
1261 1974 1378 2020 scripti
1393 1975 1528 2011 codices
1538 1989 1623 2021 por-

937 2029 1008 2059 tum
1024 2024 1156 2059 habent
1177 2034 1186 2056 ε
1203 2026 1292 2061 sorte
1316 2039 1390 2061 non
1413 2027 1526 2071 male;
1555 2029 1623 2064 nisi

938 2076 1037 2112 malis
1058 2079 1251 2112 Porthmum
1273 2078 1388 2124 legere
1414 2089 1427 2111 '-
1443 2092 1534 2114 'nam
1556 2079 1623 2116 hoc

938 2130 1070 2164 fretum
1089 2134 1223 2179 Πορθμὲς
1239 2129 1374 2165 dictum
1390 2131 1465 2167 suit.
1487 2133 1621 2168 Hssms.

940 2182 1012 2218 Sed
1025 2189 1060 2217 et
1075 2186 1183 2222 Πόντος
1205 2181 1297 2228 apud
1322 2183 1470 2219 Homer.
1487 2191 1523 2219 et
1539 2186 1623 2219 alios

940 2247 1029 2281 saepe
1044 2234 1167 2269 eximie
1182 2242 1327 2269 vocatur
1340 2235 1599 2281 Hellespontus.

989 2301 1001 2320 1
1009 2288 1060 2330 ²4·
1076 2287 1254 2336 Mersaque
1263 2291 1395 2322 mmttssr.
1408 2288 1496 2323 Haec
1509 2296 1559 2323 est
1570 2303 1625 2335 ge-

943 2339 1053 2373 nuina
1067 2339 1178 2374 lectio.
1203 2338 1308 2374 C10F.
1329 2339 1388 2374 Sic
1410 2352 1500 2386 saepe
1518 2340 1623 2376 Ovid.

942 2390 1004 2426 sed
1017 2391 1099 2426 ferri
1110 2391 1215 2426 etiam
1231 2398 1346 2437 potest
1357 2395 1517 2434 turbatis,
1531 2393 1625 2438 quod

945 2444 1061 2490 plures
1077 2443 1212 2479 codices
1227 2443 1368 2479 habent.
1387 2445 1520 2480 Hssms.

993 2495 1157 2531 125-126.
1181 2497 1240 2530 An
1254 2495 1354 2532 mare.¹
1358 2523 1431 2532 .......
1454 2502 1561 2531 vexat
1593 2501 1629 2531 in

946 2560 1129 2593 oequoream
1149 2560 1248 2582 versa
1264 2550 1407 2583 noverca
1422 2550 1534 2583 Deam
1545 2551 1564 2585 ξ’
1586 2548 1631 2583 Et

947 2600 995 2635 ita
1007 2599 1149 2645 quidem
1165 2613 1200 2635 se
1214 2613 1269 2635 res
1286 2600 1426 2635 habent.
1445 2600 1512 2635 Ino
1529 2602 1632 2646 quip-

948 2666 992 2699 pe
1004 2678 1014 2697 ‚
1041 2665 1159 2698 quum.
1170 2652 1209 2686 in
1234 2665 1331 2687 mare
1356 2666 1392 2687 se
1418 2653 1632 2699 praecipitcm

949 2718 1032 2740 cum
1061 2704 1243 2739 Melicerta
1274 2704 1347 2739 filio
1379 2704 1529 2741 dedisset
1542 2732 1552 2750 ,
1593 2706 1630 2739 in

951 2758 1068 2793 Deam
1085 2770 1271 2804 aequoream
1286 2770 1453 2794 conversa
1469 2752 1538 2802 est,
1557 2771 1635 2803 quae

953 2811 1082 2847 Graecis
1111 2815 1260 2853 Λευκοῦοὴ
1278 2825 1287 2854 ;
1313 2810 1444 2846 Latinis
1455 2837 1464 2855 ,
1495 2811 1635 2845 illatuta

1398 2880 1453 2922 23
