1884 3112
305 227 364 283 48

871 232 928 276 A.
965 232 1200 280 SABINI

305 318 459 383 Quum
481 332 715 388 properata
737 320 880 388 palam
902 337 1122 373 revocaret
1143 325 1328 374 stamina
1349 327 1510 386 noctis,

370 398 518 463 Atque
543 398 701 446 iterum
723 399 771 445 in
793 398 914 447 lanas
939 418 1066 449 omne
1088 401 1250 450 rediret
1274 421 1399 468 opus.

301 472 367 519 'At
390 484 464 520 tua
486 492 541 521 ne
564 472 736 536 fugiant
759 475 895 540 spreti
919 476 1143 525 connubia
1166 477 1380 536 Thraces,
1669 491 1714 526 85

368 547 535 613 Phylli,
562 549 687 597 times
713 568 723 598 :
745 549 826 598 ulli
848 551 1036 611 nubere,
1064 552 1194 610 dura,
1219 555 1366 619 potes!

304 624 472 689 Estque
496 625 579 672 tibi
602 638 756 691 pectus
779 628 990 695 cujusque
1015 630 1215 678 accedere
1240 630 1402 678 taedas?

371 700 536 748 Obstat
558 701 750 766 perfidiae
772 722 852 751 nec
875 716 1018 753 metus
1041 706 1123 755 iste
1148 708 1263 755 tuae?

302 775 403 825 Ah!
431 776 514 825 tibi
539 790 730 843 quantus
754 780 838 827 erit
860 779 962 828 facti
986 781 1147 830 rubor!
1173 775 1250 831 ah!
1276 783 1358 831 tibi
1383 795 1572 849 quantus

369 853 484 900 Tum
510 853 658 914 dolor,
685 855 899 922 adspicies
925 877 1060 923 quum
1083 862 1179 908 niea
1201 858 1295 908 vela
1317 859 1493 926 procul!
1669 885 1716 920 9⁰

301 929 632 997 Damnabisque
657 943 758 980 tuos
782 950 878 981 sero
903 935 1129 983 temeraria
1153 939 1360 1001 questus!

367 1004 687 1071 Demophoon,
714 1007 852 1068 dices,
878 1008 951 1057 hei
973 1010 1103 1069 mihi,
1128 1010 1242 1059 fidus
1267 1013 1380 1060 erat!

301 1081 600 1148 Demophoon
622 1083 774 1143 rediit,
801 1097 845 1133 et
867 1105 1004 1134 saevos
1026 1087 1210 1137 forsitan
1233 1091 1377 1139 Euros

367 1157 551 1215 Passus,
577 1169 622 1206 et
642 1158 850 1209 hibernas
870 1161 973 1210 dum
998 1182 1175 1230 quoque
1199 1165 1336 1213 currit
1358 1181 1504 1231 aquas.
1550 1163 1560 1174 '

300 1233 395 1283 Ah!
412 1254 491 1282 cur
504 1235 650 1283 nescio
670 1255 800 1302 quam
814 1240 1144 1304 properavimus
1155 1277 1168 1299 ,
1183 1241 1258 1290 hei
1273 1242 1406 1290 mihi!
1432 1241 1635 1308 culpam?
1670 1257 1713 1301 95

368 1311 512 1377 Rupi,
541 1330 672 1378 quam
694 1325 870 1380 ruptam
890 1333 988 1363 sum
1010 1315 1119 1363 mihi
1143 1328 1314 1382 questa,
1339 1317 1483 1366 fidem.

303 1389 376 1438 Sic
402 1401 568 1449 tamen,
594 1410 642 1439 ac
665 1391 814 1457 potius
839 1392 901 1440 sic
924 1405 1115 1458 perstes,
1143 1413 1274 1459 quam
1295 1394 1405 1443 mihi
1428 1394 1482 1444 de
1505 1406 1548 1444 te

366 1466 563 1516 Ulterior
586 1479 737 1530 tangat
759 1480 959 1535 pectora,
987 1468 1154 1534 Phylli,
1182 1469 1329 1518 dolor!

355 1596 408 1630 83.
444 1596 634 1630 Res-vocaret
669 1599 818 1630 stamina
857 1600 976 1632 noclrk.

302 1647 446 1683 Scribe:

302 1707 367 1733 cum
373 1712 507 1740 properata
515 1707 599 1740 palam
606 1711 756 1733 revocarent
763 1707 871 1733 stamina
878 1713 974 1733 noctes.

301 1755 410 1790 IDEM.
423 1756 542 1797 Noctu,
557 1768 664 1802 marg.
675 1749 896 1801 Bersrnanni,
905 1768 977 1790 rec-

301 1814 335 1842 te
350 1819 358 1841 :
373 1814 413 1842 ut
423 1810 542 1851 palam
556 1808 600 1842 sit
615 1806 690 1842 luce
700 1833 712 1851 ‚
726 1807 890 1842 interdiu.
906 1807 974 1842 vid.

301 1859 344 1893 ad
363 1859 449 1894 Nuc.
466 1861 535 1904 147.
549 1871 630 1894 cum
642 1859 818 1904 Penelope
831 1859 978 1894 stamina

294 1914 413 1955 palam
427 1918 610 1957 properata
620 1936 629 1954 ,
643 1917 822 1945 revocaret
835 1915 945 1945 noctu.

344 1963 396 2007 84.
424 1964 528 1996 Omne
539 1964 676 2004 rediret,
694 1963 844 1996 Reueret
856 1963 978 2007 conje-

302 2021 396 2049 cerat
412 2013 587 2048 Heinsius.

345 2066 397 2112 87.
414 2067 539 2110 Estque
552 2068 618 2100 tibi
618 2069 738 2110 pectus
748 2066 905 2111 cujusque
915 2077 978 2100 ac-

275 2149 278 2152 .
301 2120 418 2154 cedere
437 2120 554 2152 toedas.
572 2118 685 2153 Puto:

301 2174 380 2198 Estne
391 2172 439 2197 tibi
449 2177 538 2204 pectus
549 2173 591 2205 cuj
596 2181 705 2206 usquam
717 2173 836 2198 accedere
846 2174 925 2198 taedae.

301 2221 374 2264 vel,
392 2222 573 2255 accendere
586 2223 703 2255 tedas.
721 2222 830 2256 IDEM.
845 2235 976 2256 accen-

300 2275 379 2308 dere
391 2275 513 2313 taedas,
528 2273 600 2317 jam
614 2273 824 2308 Passeratius
837 2273 879 2307 ad
893 2274 976 2308 Pro-

303 2332 389 2371 pert.
415 2335 472 2358 111.
506 2324 601 2370 Eleg.
627 2324 675 2359 18.
691 2336 766 2371 pag.
786 2325 859 2359 523.
885 2337 975 2370 pro-

302 2376 456 2411 duxerat.

355 2440 407 2474 92.
429 2428 645 2471 Demophoon
659 2453 668 2468 ‚
697 2428 800 2461 dices.
825 2429 972 2468 Dicens,

304 2478 469 2513 Heinsius
483 2491 491 2513 :
508 2479 555 2512 ita
572 2478 693 2513 Douza
706 2486 910 2513 correxerat.

345 2530 397 2576 93.
419 2531 636 2575 Demophoon
654 2532 743 2564 redit
758 2533 832 2564 buc.
857 2531 978 2564 Rediit

300 2587 394 2614 recte
418 2582 529 2626 prima
553 2583 668 2617 editio.
693 2583 860 2617 Producit
880 2583 975 2617 enim

302 2631 461 2665 ultimam
482 2633 645 2679 syllabam
665 2634 701 2668 in
726 2636 845 2674 rediit,
866 2636 972 2674 adiit,

300 2684 408 2723 abiit,
434 2686 557 2724 subiit,
580 2687 679 2725 iniit,
713 2684 881 2728 Ovidius,
910 2697 976 2718 nec

300 2735 372 2771 sine
402 2734 547 2771 aliorum
577 2743 762 2781 poetarum
791 2736 972 2782 exemplo,

1040 1609 1254 1644 quamquam
1281 1597 1363 1632 locis
1397 1598 1438 1632 ab
1465 1597 1712 1644 interpolati-ici

1040 1663 1148 1686 manu
1161 1650 1366 1696 plerumque
1378 1649 1468 1685 male
1484 1651 1636 1696 acceptis.
1665 1652 1711 1684 H.

1083 1703 1136 1750 94.
1158 1704 1302 1743 Passus,
1319 1705 1358 1736 et
1370 1703 1526 1736 bibemus
1539 1703 1615 1736 dum
1632 1702 1714 1747 qu'o-

1040 1766 1101 1799 que
1112 1756 1215 1787 curril
1225 1765 1339 1798 aquas.
1357 1752 1475 1787 Prima
1490 1752 1595 1787 editio
1604 1778 1614 1797 ,
1635 1754 1714 1786 dum

1040 1817 1163 1850 quoque
1182 1806 1297 1839 credit.
1320 1802 1458 1838 Eruditi
1480 1809 1598 1838 autem
1617 1803 1712 1838 varie

1042 1863 1233 1891 tentarunt.
1261 1855 1426 1890 Heinsius
1437 1880 1447 1899 ,
1464 1856 1541 1889 dum
1552 1867 1715 1900 propera·-

1041 1914 1103 1951 νίΙ,
1116 1909 1188 1953 vel,
1203 1911 1279 1943 dum
1286 1909 1384 1953 freta
1398 1912 1508 1943 currit.
1533 1909 1711 1953 Francius,

1041 1965 1105 1997 buc
1121 1965 1182 1997 ubi
1196 1965 1306 1996 currit.
1333 1961 1574 2005 Burmannus,
1600 1966 1638 1996 et
1657 1963 1713 1995 hi—

1041 2017 1161 2049 bernas
1172 2042 1180 2055 ,
1206 2015 1283 2048 dum
1312 2015 1408 2048 modo
1437 2017 1551 2048 currat
1559 2039 1569 2054 ,
1596 2026 1711 2058 aquas.

1042 2065 1133 2100 Mihi
1153 2064 1340 2111 legendum
1359 2063 1519 2106 videtui-3
1540 2067 1577 2098 el
1598 2065 1711 2098 biber-

1040 2131 1104 2152 nas
1113 2144 1121 2157 ‚
1147 2119 1223 2151 dum
1249 2129 1353 2161 neque
1377 2120 1474 2150 curat
1487 2142 1497 2157 ,
1523 2128 1640 2160 aquas.
1665 2133 1709 2143 ·--

1041 2169 1201 2203 Lunum».

1082 2223 1136 2268 95.
1158 2222 1216 2255 Ab
1231 2219 1240 2254 ‚⁷
1255 2233 1316 2254 cur
1325 2222 1438 2254 nescio
1449 2231 1712 2265 quampropere-

1040 2276 1143 2307 m'mus
1157 2279 1221 2307 etc.
1236 2273 1388 2307 Versum
1404 2272 1498 2307 hunc
1510 2272 1585 2307 sine
1605 2270 1711 2306 dubio

1039 2332 1241 2370 corruptum
1250 2351 1258 2368 ,
1267 2325 1314 2359 ita
1327 2324 1492 2360 Francius
1503 2323 1711 2369 refingebat:

1039 2378 1189 2411 Ahlcur
1195 2380 1309 2411 nescio
1326 2389 1423 2421 quam
1443 2377 1622 2420 properavi
1637 2386 1711 2408 cm-

1038 2431 1116 2464 dere
1133 2431 1273 2474 culpam.
1304 2428 1394 2464 Satis
1415 2435 1508 2463 certe
1527 2424 1711 2462 commoda

1039 2482 1210 2516 sententia
1224 2494 1232 2516 :
1247 2482 1351 2526 possit
1365 2493 1448 2515 vero
1461 2480 1497 2514 in
1511 2491 1652 2514 sensum
1667 2477 1711 2512 il·-

1039 2532 1113 2565 lum
1132 2532 1237 2566 etiam
1253 2532 1300 2566 ita
1314 2531 1400 2577 legi:
1417 2531 1492 2566 Ab!
1506 2542 1579 2570 cur,
1597 2532 1710 2563 nescia

1039 2596 1135 2627 quam
1145 2596 1327 2628 properans
1341 2584 1551 2628 mibifingere
1561 2582 1707 2625 culpam,

1037 2638 1186 2678 rupt‘etc.
1199 2635 1357 2669 LENNEP.
1373 2632 1552 2678 Ingeniose
1567 2631 1708 2676 quidem

1039 2691 1230 2727 tentatum;
1253 2684 1312 2720 sed
1330 2684 1491 2719 audacter
1511 2683 1615 2720 nimis
1627 2709 1638 2728 ,
1654 2682 1708 2718 vel

1039 2737 1075 2772 in
1094 2736 1431 2775 Pseudo-Sabinum.
