1884 3112
329 277 421 332 Δ148

776 279 1122 326 EPISTOLA
1163 282 1281 328 VII.

393 370 456 416 Ut
478 388 627 435 pereas
642 407 654 427 ‚
681 370 784 418 dum
807 390 874 419 me
888 390 976 436 per
997 371 1107 420 freta
1119 372 1262 435 longa
1282 374 1415 437 fugis.·

327 448 513 495 Exerces
527 447 729 513 ⁴pretiosa
753 446 871 503 odia,
898 458 941 495 et
963 449 1211 497 constantia
1233 468 1420 512 magno,

391 523 463 580 Si,
490 522 593 570 dum
615 541 683 569 me
707 540 849 570 careas
863 559 874 579 ,
901 534 967 570 est
990 523 1073 571 tibi
1097 523 1180 573 vile
1202 526 1328 573 mori.

325 600 354 645 J
357 617 424 646 am
447 598 564 645 venti
586 609 776 663 ponent3
802 610 1023 664 strataque
1047 599 1274 665 aequaliter
1295 602 1436 660 unda,

395 672 601 720 Caeruleis
624 673 784 720 Triton
806 692 885 739 per
906 693 1022 722 mare
1048 687 1192 723 curret
1215 677 1353 741 equis.
1691 693 1734 726 50

326 753 395 799 Tu
421 770 597 816 quoque
622 751 885 799 cumventis
908 751 1077 799 utinam
1096 752 1321 801 mutabilis
1346 754 1488 802 esses!

388 831 466 886 Et,
492 829 579 876 nisi
603 828 765 876 duritie
786 829 949 876 robora
973 829 1132 886 vincis,
1158 829 1256 877 eris.

325 906 478 970 Quid?
509 906 546 953 si
568 905 772 954 nescieris
788 941 800 963 ,
825 906 980 969 insana
1004 905 1112 971 quid
1134 924 1311 971 aequora
1335 906 1542 972 possint?

324 1072 359 1099 et
374 1063 601 1098 emendatum
619 1065 714 1109 quod.
736 1064 789 1098 Ut
802 1064 892 1098 sorte
911 1076 997 1098 cor-

322 1116 508 1162 rigendum
517 1116 559 1151 sit
571 1142 580 1160 ,
597 1129 659 1160 quo
673 1129 738 1150 non
751 1118 902 1156 terretis,
921 1115 995 1158 vel,

323 1171 413 1213 quod
420 1181 485 1202 noa
497 1172 533 1202 tu
548 1171 639 1202 reris.
657 1167 705 1201 At
716 1166 865 1201 Puteani
881 1173 916 1201 et
930 1167 954 1200 J
957 1179 999 1200 u-

323 1221 390 1254 reti
406 1226 564 1264 excerpta
577 1245 585 1262 ,
612 1226 647 1253 et
661 1218 747 1252 alter
762 1218 998 1252 Mentelianus

324 1278 360 1305 et
382 1269 681 1305 Francosurtensis
697 1296 706 1313 ‚
729 1271 819 1315 quod
831 1283 897 1303 non
917 1282 999 1304 cen—

323 1328 426 1364 seris,
447 1335 529 1358 cum
550 1329 699 1368 quatuor
715 1322 786 1356 aliis
802 1335 810 1356 :
827 1322 896 1355 duo
910 1348 918 1364 ,
937 1335 999 1366 quo

323 1387 390 1418 non
416 1378 570 1410 cessaris.
600 1374 692 1410 Octo
721 1374 776 1408 alii
788 1401 798 1418 ,
824 1377 913 1419 quod
933 1387 1000 1409 non

323 1430 514 1472 meszer125‚·
534 1434 667 1473 septem
678 1452 688 1470 ‚
705 1429 897 1461 meditare.-
908 1439 1001 1471 qua—

323 1485 406 1513 tuor
419 1506 428 1523 ,
457 1483 604 1524 quamvis
626 1480 796 1512 mediteris
818 1490 828 1511 .·
854 1477 1001 1513 totidem

323 1533 392 1576 alii,
410 1535 500 1578 quod
505 1538 542 1566 tu
550 1528 734 1567 medi'lattlr.
749 1531 998 1573 Scriverianus,

321 1588 470 1629 quamvis
486 1586 628 1618 dmum
638 1611 647 1624 ‚
665 1583 720 1618 vel
734 1586 885 1617 mit-auls:
903 1582 998 1625 alius,

322 1638 413 1680 quod
422 1639 458 1669 lu
469 1649 535 1669 non
550 1637 678 1669 credis:
704 1635 824 1679 ltaque
846 1633 1001 1668 scriben-

321 1686 408 1720 dum
426 1686 626 1729 videbatur,
655 1687 815 1730 quicquid
837 1689 872 1718 lu
897 1688 996 1724 reris,

321 1739 395 1782 vel,
415 1742 535 1783 quanti
559 1742 595 1771 tu
620 1741 727 1779 reris‚·
755 1736 808 1774 vel
821 1762 830 1780 ,
853 1739 1000 1781 quamvis

324 1792 366 1825 id
383 1794 466 1824 reris
481 1816 491 1831 ,
523 1790 578 1824 vel
606 1788 756 1833 denique
777 1814 786 1831 ,
812 1791 932 1832 quanli
948 1800 1000 1821 me

322 1845 412 1876 retis.
430 1841 504 1877 Nisi
516 1841 657 1886 propius
674 1838 863 1874 insistendo
884 1838 998 1873 vesti—

324 1893 386 1939 giis
416 1893 646 1927 vetustiorum
680 1891 838 1926 codicum
874 1890 1001 1936 refingi

323 1943 439 1987 malis,
462 1946 610 1988 quamvis
637 1947 798 1983 censeris,
820 1949 859 1976 ut
875 1946 1008 1976 censen·

327 1995 463 2038 dixerit,
472 1994 649 2040 quomodo
660 1994 785 2029 Cicero
794 2007 858 2039 pro
868 1995 1001 2029 Flacco:

327 2049 455 2082 Census
470 2059 509 2080 es
525 2049 693 2090 manczjoia
715 2047 882 2092 Amynlae.
907 2047 1001 2080 Cen—-

325 2101 397 2132 seri
409 2097 506 2132 enim
515 2110 579 2142 pro
589 2097 771 2140 aestimare,
781 2104 916 2131 veteres
929 2109 1001 2131 aevo

328 2150 461 2196 optimo
477 2156 613 2184 certum
630 2155 681 2183 est
697 2149 827 2183 dixisse.
840 2149 969 2183 BURM.

370 2203 422 2245 48.
439 2202 508 2236 Est
521 2203 587 2235 tibi
597 2203 665 2234 vile
681 2203 772 2234 mori.
789 2200 881 2235 Octo
896 2200 1001 2234 etiam

326 2252 424 2296 libri,
439 2257 487 2286 sit
500 2255 565 2287 tibi
572 2254 660 2287 velle
673 2255 775 2293 mon'‚·
795 2251 854 2285 sed
867 2252 1002 2297 vulgata

327 2311 479 2351 praestat:
490 2316 564 2338 non
579 2303 697 2348 magni
712 2303 815 2337 ducas
827 2310 977 2337 mortem
990 2329 999 2347 ,

328 2355 522 2391 dummodo
535 2368 592 2389 me
602 2367 726 2389 careas.
741 2354 845 2399 Apud
855 2354 946 2388 Flor.
957 2365 1000 2399 11,

326 2421 400 2454 cap;
416 2410 457 2452 6,
475 2407 565 2442 male
587 2414 671 2452 puto
695 2405 902 2440 Salmasium
921 2419 1002 2440 res-

325 2461 471 2503 cribere,
482 2471 564 2503 gens
574 2462 762 2497 contumax,
773 2460 912 2502 vilisque
922 2470 1004 2490 mor-

328 2514 373 2551 ti,
398 2517 433 2545 et
450 2510 616 2555 explicare
637 2508 775 2542 facilem
791 2507 833 2541 ad
850 2514 1003 2541 mortem

328 2561 503 2606 exeipiend
508 2574 576 2602 am;
587 2572 696 2605 quum
702 2572 786 2603 gens
792 2562 1000 2598 v1‘l12rmort115,

328 2625 369 2646 ea
380 2612 440 2656 sit,
454 2613 491 2646 in
506 2613 603 2656 cujus
619 2618 734 2645 morte
747 2624 820 2645 non
835 2622 1003 2655 magnum

331 2662 510 2697 damnumss
522 2664 651 2698 BURM.

375 2715 428 2760 49.
458 2716 539 2747 Jam
564 2719 662 2748 venti
678 2718 814 2758 ponent.
838 2713 1004 2747 Morandi

331 2778 446 2800 causas
452 2765 597 2800 innectit
608 2778 626 2799 a
638 2771 839 2810 tempestate
849 2765 1003 2810 primum

1062 1063 1264 1107 hibernosa;
1289 1065 1414 1101 deinde
1437 1079 1456 1101 a
1478 1066 1636 1112 periculis
1658 1079 1735 1112 quae

1063 1117 1737 1163 tuncimminentnavigaturis.SicAnna.

1062 1179 1161 1201 soror
1174 1168 1306 1202 Didoni
1321 1168 1441 1203 suadet
1456 1175 1495 1203 ut
1509 1169 1661 1204 AEneam
1677 1169 1734 1204 de-

1063 1218 1171 1253 tineat
1184 1245 1193 1262 ‚
1223 1219 1306 1253 AEn.
1322 1231 1381 1263 1v,
1400 1222 1463 1254 52:

1061 1278 1133 1302 Dum
1143 1277 1231 1310 pelago
1241 1278 1344 1303 desmvit
1353 1277 1444 1312 hyems
1453 1297 1462 1310 ‚
1475 1285 1501 1304 et
1513 1287 1624 1313 aquosus
1635 1278 1716 1305 Orion
1725 1298 1733 1310 ‚

1063 1327 1247 1359 Quassalaeque
1260 1331 1328 1351 rates
1341 1345 1349 1357 ‚
1369 1331 1396 1351 et
1407 1335 1459 1352 non
1471 1327 1604 1352 tractabile
1614 1327 1716 1352 culum.

1064 1373 1122 1409 Sic
1153 1380 1189 1408 et
1220 1374 1290 1419 ipsa
1321 1373 1415 1408 Dido
1445 1375 1637 1421 fugientem
1661 1376 1734 1421 jam

1064 1426 1217 1460 AEneam
1233 1432 1307 1460 orat
1323 1439 1331 1461 :
1348 1425 1428 1460 ibid.
1445 1426 1528 1470 430:

1062 1485 1186 1518 Expectet
1194 1485 1349 1518 facilemque
1355 1485 1453 1518 fugam,
1465 1491 1607 1519 ventosque
1615 1485 1735 1511 semum.

1064 1533 1160 1567 Inest
1177 1540 1211 1567 et
1228 1533 1291 1567 alia
1307 1533 1467 1578 quaedam
1479 1560 1488 1578 ,
1514 1533 1552 1569 in
1573 1533 1641 1570 hoc
1661 1534 1735 1580 ipso

1062 1591 1097 1618 et
1121 1586 1280 1629 sequenti
1300 1599 1403 1620 versu
1423 1585 1546 1632 virgil.
1567 1585 1734 1629 imitatio,

1063 1648 1186 1680 quam,
1204 1637 1266 1671 etsi
1281 1637 1416 1683 longius
1431 1637 1534 1682 paulo
1547 1637 1735 1680 detortam,

1062 1686 1231 1721 adducere
1248 1700 1321 1721 non
1339 1688 1468 1734 pigebit
1481 1714 1490 1731 ,
1517 1701 1587 1733 quo
1612 1689 1737 1724 melius

1061 1744 1170 1782 poetae
1201 1739 1382 1784 utriusque
1411 1739 1606 1775 innotescat
1628 1741 1735 1786 inge-—

1062 1790 1172 1824 nium.
1190 1791 1299 1825 Hunc
1314 1802 1419 1836 porro
1432 1790 1548 1825 locum
1560 1817 1569 1834 ,

1311 1849 1447 1880 Strataque
1457 1847 1592 1881 aqualiter
1605 1847 1689 1880 unda,

1095 1895 1216 1920 Caeruleis
1229 1895 1322 1920 Triton
1335 1904 1381 1928 per
1391 1904 1461 1921 mare
1473 1901 1559 1920 curret
1571 1896 1655 1929 equit.

1063 1944 1178 1978 Nemo
1201 1955 1274 1977 non
1293 1956 1312 1977 e
1330 1943 1476 1989 Virgilio
1493 1943 1736 1979 adumbratum

1064 1995 1209 2029 senserit
1225 2007 1234 2029 z
1248 1994 1331 2029 AEn.
1346 2006 1361 2030 1
1372 2021 1381 2039 ,
1404 1996 1485 2030 158:

1395 2056 1509 2087 AEquora
1519 2053 1656 2088 postquam

1063 2101 1224 2134 Prospiciens
1238 2102 1346 2134 genitor,
1360 2102 1473 2135 cnloque
1485 2102 1602 2127 invectus
1617 2106 1720 2135 aperto,

1063 2149 1156 2174 Flectit
1166 2158 1256 2183 equos,
1265 2157 1395 2183 curruque
1403 2149 1493 2174 volans
1502 2149 1607 2175 datlen
1614 2150 1737 2175 secundo.

1063 2214 1108 2223 —-
1122 2199 1262 2231 Pone-nl.
1279 2198 1333 2232 Ita
1349 2197 1475 2242 passim
1486 2198 1615 2234 Noster
1633 2203 1669 2232 et
1682 2194 1750 2232 aui'

1064 2248 1283 2294 loquuntur;
1309 2249 1371 2284 sed
1385 2249 1594 2295 subintelligi
1613 2249 1740 2284 debere

1064 2313 1155 2334 mare
1163 2327 1171 2340 ,
1185 2300 1239 2334 vel
1249 2302 1359 2334 undas
1368 2300 1470 2335 docet
1477 2300 1571 2335 locus
1581 2299 1718 2335 Horatii
1729 2312 1741 2335 :

1065 2351 1121 2385 lib.
1138 2362 1152 2384 1
1164 2376 1174 2394 ,
1194 2351 1264 2386 Od.
1280 2352 1321 2394 3,
1339 2352 1398 2386 ubi
1412 2351 1455 2389 de
1474 2352 1587 2387 Noto:

1183 2423 1214 2431 ...
1227 2406 1329 2431 Tollere
1336 2424 1346 2437 ,
1357 2414 1404 2430 seu.
1413 2414 1507 2438 ponere
1520 2405 1578 2430 vult
1589 2403 1663 2429 stete.
1674 2403 1706 2428 B.

1116 2456 1168 2490 53.
1198 2456 1289 2498 Quid
1304 2458 1342 2487 si
1362 2456 1520 2487 nescires.
1543 2453 1715 2487 Nesc1·en·s
1726 2453 1757 2493 ,’“

1066 2515 1136 2542 tres
1152 2506 1229 2540 libri
1252 2518 1260 2540 :
1284 2506 1396 2546 bene;
1417 2501 1738 2548 ultima'producta.

1068 2557 1235 2592 Similiter
1260 2556 1297 2591 in
1326 2557 1476 2595 dedente,
1501 2555 1633 2594 tulenlm
1658 2552 1740 2586 alibi

1066 2608 1227 2655 produxit
1241 2607 1399 2641 ultimam
1417 2619 1425 2640 ε
1440 2605 1527 2639 ratio
1544 2610 1595 2638 est
1606 2629 1615 2646 ,
1644 2602 1739 2648 quod

1067 2659 1248 2694 interdum
1261 2665 1419 2703 quartam
1429 2656 1592 2703 syllabam
1606 2653 1739 2699 produ-

1067 2713 1212 2754 cebant,
1229 2711 1267 2744 in
1281 2711 1483 2748 nesciem’tis,
1502 2713 1537 2741 et
1544 2708 1734 2745 απᾱιὲηἳιῖπ,

1068 2762 1316 2806 similibusque:
1328 2758 1421 2805 quod
1431 2770 1504 2794 non
1512 2757 1597 2793 vidit
1609 2756 1662 2792 Cl.
1671 2757 1736 2791 Vir
