1884 3112
289 275 342 334 78
740 273 1241 327 EP1sToLA1v.

347 365 448 414 Ibat
470 365 526 415 ad
547 366 667 416 hunc
690 369 864 435 sapiens
889 389 914 418 a
937 389 1039 419 sene
1059 372 1177 421 ‘Diva
1199 373 1313 421 viro.=

281 441 406 509 Saepe
430 444 514 492 sub
539 444 715 494 ilicibus
739 447 976 506 Venerem,
1005 449 1252 516 Cinyraque
1276 461 1465 499 creatum
1474 464 1490 510 ,‘

344 520 566 568 Sustinuit
587 522 759 587 positos
785 523 994 589 quaelibet
1013 525 1151 574 herba
1174 526 1297 575 duos.

278 595 402 643 Arsit
424 608 467 644 et
492 597 688 646 OEnides
712 598 760 647 in
784 600 988 649 Maenalia
1010 600 1244 650 Atalanta:

340 671 421 721 Illa
441 672 541 723 ferae
565 674 778 741 spolium,
804 677 968 743 pignus
992 678 1153 726 amoris
1167 716 1180 736 ‚
1203 678 1352 727 habet.

1634 687 1727 729 100¹

275 748 371 797 Nos
396 768 572 816 quoque
591 751 679 816 jam
702 753 894 818 primum
918 755 1049 803 turba
1072 773 1353 804 numeremur
1374 756 1422 805 in
1445 756 1554 805 ista:

340 826 389 873 Si
411 828 627 877 Venerem
651 826 800 889 tollas,
825 831 989 880 rustica
1012 831 1120 880 silva
1144 843 1220 880 tua
1242 843 1321 881 est.

273 904 377 969 Ipsa
399 922 543 953 comes
566 906 761 965 veniam3
786 926 867 955 nec
890 926 959 956 me
980 907 1205 956 latebrosa
1225 909 1470 957 movebunt

339 981 471 1040 Saxa,
496 1001 576 1030 nec
598 982 784 1050 obliquo
812 984 941 1033 dente
965 984 1186 1033 timendus
1210 1003 1326 1050 aper.

273 1058 472 1124 AEquora
492 1058 600 1107 bina
621 1060 714 1108 suis
738 1073 1002 1126 oppugnant
1022 1062 1232 1111 fluctibus
1257 1062 1479 1121 Isthmon,

1631 1078 1691 1112 105

336 1137 397 1183 Et
419 1135 563 1183 tenuis
587 1135 718 1184 tellus
741 1137 865 1185 audit
888 1149 1126 1204 utrumque
1148 1157 1278 1186 mare.

313 1254 367 1302 96.
388 1255 538 1298 Sapiens.
562 1253 654 1298 Quae
671 1254 869 1299 providerat
884 1255 948 1290 sihi

270 1312 463 1339 amatorem
494 1304 680 1350 pulchrum
708 1313 744 1340 et
770 1306 947 1351 juvenem.

270 1359 302 1393 F
302 1358 377 1393 cede
395 1357 586 1392 admodum
602 1357 713 1400 dicta;
738 1358 831 1403 quod
850 1359 946 1394 enim

269 1412 469 1454 sapientiam
499 1415 598 1444 vocat
620 1436 630 1454 ,
668 1422 791 1444 senem
819 1423 948 1455 nempe

270 1461 438 1496 maritum
455 1474 519 1507 pro
535 1461 662 1506 juvene
678 1475 785 1507 proco
801 1462 949 1496 derelin-

270 1527 376 1559 quere
387 1540 397 1558 ‚
422 1514 591 1559 probrum
606 1513 698 1548 istud
717 1520 752 1548 et
767 1514 947 1548 infamiam

269 1578 392 1600 vocare
407 1557 554 1600 debehat
569 1571 680 1599 castus
697 1565 917 1612 Hippolytus.

269 1636 314 1643 —
328 1618 364 1652 A
382 1630 472 1652 sene.
495 1617 528 1652 A
552 1617 708 1652 Tithono
735 1618 862 1653 marito
883 1630 946 1652 suo

267 1682 361 1704 sene.
385 1669 466 1704 Fuit
497 1676 615 1704 autem
643 1669 818 1704 Tithonus
847 1670 946 1704 Lao-

268 1722 443 1757 medontis
454 1722 555 1765 filius,
566 1729 601 1756 et
614 1722 745 1757 Priami
757 1722 872 1763 frater,
886 1722 946 1767 qui

268 1787 310 1808 ex
328 1774 466 1808 Aurora
481 1773 592 1807 filium
607 1774 753 1819 suscepit
768 1774 944 1808 Memno—

269 1839 363 1860 nem.
387 1825 544 1870 Quidam
562 1852 572 1870 ,
601 1828 643 1860 de
661 1839 752 1861 sene.
778 1843 823 1852 ·-·
842 1827 943 1860 Βίμα.

268 1877 416 1911 Aurora.

310 1930 364 1977 98.
379 1930 674 1974 Sustmuitposdos
682 1932 837 1976 quaelibel
841 1932 944 1964 herba

267 1984 360 2016 duos.
382 1984 566 2025 Quoelibel,
596 1990 647 2018 est
663 1983 762 2017 obvia
776 1995 920 2028 quaeque
932 2008 941 2026 ,

266 2033 346 2068 licet
355 2034 514 2069 vilissima
528 2042 563 2070 et
574 2047 647 2069 non
662 2035 823 2076 delicata3
837 2034 943 2068 etiam

269 2098 437 2131 gramen,
465 2093 504 2121 ut
526 2087 681 2122 solebant
705 2098 776 2120 aevo
799 2085 943 2131 simplici

267 2144 302 2172 et
319 2151 434 2173 aureo.
451 2140 601 2185 Propert
615 2149 640 2173 1.
657 2138 753 2184 Eleg.
768 2147 860 2181 VIII,
879 2139 919 2181 4:

317 2199 351 2224 Et
364 2199 418 2223 sine
428 2207 469 2223 me
479 2204 557 2224 vento
570 2198 687 2233 quolibet
699 2199 736 2222 ire
745 2206 828 2230 paras.

266 2247 411 2281 Petron.
431 2261 490 2293 127
503 2260 511 2282 ε
527 2246 568 2281 Bt
580 2248 643 2281 hoc
653 2250 802 2291 gramine
813 2250 945 2290 pariter

267 2302 450 2343 compositi.
466 2297 533 2333 vid.
551 2298 658 2343 Epist.
674 2309 697 2332 v
710 2324 719 2341 ,
746 2299 794 2341 14.
811 2298 939 2332 BURM.

314 2362 385 2384 101.
407 2351 488 2383 Jam
498 2353 647 2393 pn'mum.
674 2350 840 2384 Francius
855 2362 938 2383 ma·-

264 2401 356 2436 lebat
370 2428 378 2445 ‚
396 2415 492 2446 quam
501 2405 650 2445 primum.

312 2454 383 2487 103.
406 2455 479 2488 Nec
505 2467 557 2487 me
576 2455 745 2488 latebrosa
767 2455 941 2489 movebunt

267 2506 368 2539 Saxa.
400 2504 543 2550 Legitur
573 2512 608 2540 et
633 2507 806 2540 salebrosa
820 2520 827 2547 ;
862 2518 938 2550 quae

264 2556 365 2590 lectio
381 2557 522 2591 sortasse
534 2557 658 2591 verior.
676 2557 848 2593 NAUGER.
866 2557 937 2602 Op-

266 2608 349 2644 time
364 2607 399 2640 in
416 2620 488 2641 uno
502 2608 660 2642 Palatino
673 2609 839 2654 scriptum
847 2617 936 2644 erat:

264 2660 338 2694 Nec
358 2672 411 2692 me
435 2662 607 2694 salebrosa
634 2663 809 2694 movebunt
835 2662 935 2695 Saxa.

265 2709 362 2744 DAN.
393 2711 587 2747 Hmnsms.
620 2714 797 2747 salebrosa
819 2713 936 2757 priscae

263 2760 432 2796 editiones
447 2775 527 2797 cum
543 2775 615 2797 uno
632 2763 794 2798 Mediceo
808 2778 815 2807 ,²
843 2762 935 2808 quod

1012 1262 1047 1291 et
1061 1256 1098 1290 in
1112 1256 1180 1291 suis
1187 1256 1380 1302 Naugerius
1393 1257 1583 1294 invenerat.
1598 1260 1689 1295 Pro—

1011 1314 1099 1352 pert.
1116 1308 1173 1342 lib.
1191 1319 1259 1351 111,
1279 1308 1374 1354 Eleg.
1394 1320 1471 1354 x1v,
1492 1312 1552 1345 15:

1009 1367 1085 1391 Luna
1093 1367 1222 1393 ministr-t
1229 1368 1287 1399 iter,
1295 1368 1469 1394 demonstrant
1480 1375 1547 1394 astru
1560 1369 1686 1397 salebras.

1013 1415 1066 1450 Ita
1078 1418 1267 1450 salebrosas
1277 1419 1440 1460 pastillus
1450 1416 1595 1452 Auctori
1610 1418 1688 1452 Mo-

1011 1467 1094 1510 reti,
1118 1474 1153 1501 et
1178 1470 1352 1502 salebrosa
1366 1472 1506 1510 semila,
1527 1468 1688 1514 Apuleio.

1012 1518 1158 1552 Metam.
1174 1518 1230 1552 lib.
1246 1529 1329 1553 v111.
1346 1520 1478 1555 Hems.
1502 1522 1689 1555 Latebmsa

1011 1576 1062 1603 est
1075 1569 1111 1602 in
1128 1569 1292 1604 Editione
1306 1572 1462 1614 Veneta,
1485 1573 1577 1619 1492.

1058 1621 1129 1653 105.
1151 1621 1299 1664 AE'quora
1313 1623 1393 1654 bina
1406 1625 1478 1655 sut‘s
1496 1626 1690 1666 oppugnant

1003 1672 1160 1715 fluctibus
1182 1672 1341 1706 Isthmon.
1357 1673 1527 1707 Troezena
1542 1673 1579 1707 in
1602 1673 1687 1708 Isth·

1009 1734 1070 1755 mo
1098 1722 1250 1767 quodam
1266 1736 1326 1758 seu
1345 1722 1564 1758 Chersoneso
1585 1724 1685 1758 sitam

1007 1773 1111 1808 fuisse
1129 1800 1139 1818 ‚
1174 1774 1266 1819 quod
1285 1775 1479 1810 Burmann.
1495 1775 1658 1810 credebat
1674 1802 1684 1819 ‚

1008 1837 1115 1859 nemo
1130 1852 1139 1869 ‚
1158 1832 1197 1859 ut
1225 1832 1327 1871 puto,
1351 1834 1513 1861 veterum
1534 1826 1685 1861 tradidit.

1008 1876 1057 1911 Ist
1083 1890 1168 1911 mon
1187 1877 1339 1923 intellige
1357 1877 1623 1912 Corinthiacum
1635 1904 1644 1922 ‚
1666 1891 1686 1912 a

980 1932 981 1936 ’
1008 1941 1078 1973 quo
1093 1941 1173 1974 non·
1180 1929 1447 1963 remotissimam
1462 1929 1564 1963 fuisse
1582 1930 1686 1964 Troe-

1008 1993 1093 2014 zena
1124 1980 1225 2016 docet
1252 1981 1385 2016 Plinius
1411 1981 1459 2015 H.
1491 1981 1534 2016 N.
1567 1991 1606 2016 lv
1618 2007 1627 2025 ‚
1653 1983 1685 2015 5.

1008 2033 1171 2067 ,Lnnmm

1054 2084 1125 2118 106.
1149 2084 1268 2118 Audit.
1284 2082 1474 2118 Sliehtenh.
1498 2096 1539 2118 ex
1560 2083 1616 2117 lib.
1632 2093 1682 2117 vx.

1007 2135 1154 2170 Metam.
1176 2137 1241 2182 419
1257 2148 1265 2170 :

1005 2195 1120 2228 Quaque
1127 2194 1200 2220 urbes
1206 2195 1357 2220 nliaehimmi
1363 2195 1520 2220 clauduntur
1527 2194 1560 2219 nb
1570 2193 1681 2225 Isthmo,

1004 2243 1139 2289 legebat
1168 2246 1320 2286 claudt‘t‚·
1353 2243 1414 2278 sed
1436 2242 1522 2277 nihil
1538 2249 1681 2277 mutan-

1005 2293 1100 2329 dum.
1119 2295 1242 2330 Senec.
1260 2295 1403 2343 Thyest.
1425 2296 1502 2330 113:

1054 2355 1146 2380 Vicina
1159 2356 1247 2388 gracili
1260 2356 1379 2381 dividens
1390 2361 1459 2381 ten-n
1471 2356 1538 2381 vad-
1547 2375 1556 2387 ,

1053 2404 1141 2436 Longe
1153 2410 1262 2429 remotos
1275 2405 1341 2429 tatus
1355 2405 1469 2430 exaudit
1483 2413 1570 2429 sonos.

1004 2451 1090 2487 Stat.
1112 2462 1136 2487 1.
1161 2452 1272 2488 Theb.
1286 2453 1352 2501 ¹335
1366 2479 1375 2497 ,
1393 2453 1429 2487 in
1447 2452 1676 2497 descriptione

1007 2503 1130 2538 Isthmi
1147 2514 1155 2536 :

1152 2566 1184 2590 In
1197 2564 1287 2589 mediis
1301 2565 1378 2589 audit
1387 2564 1439 2589 duo
1451 2565 1525 2589 litora
1537 2564 1644 2597 campis.

1003 2613 1064 2648 Sd·
1079 2625 1115 2658 v,
1133 2614 1201 2691 399.
1213 2641 1372 2700 ‘Fractusque
1385 2666 1412 2690 in
1424 2665 1532 2698 rupibus
1546 2664 1627 2689 undas

1002 2715 1090 2739 Audit
1100 2716 1232 2740 Tartessos
1244 2715 1302 2740 latis
1312 2715 1460 2739 distermina
1471 2713 1555 2739 teri-is.
1570 2714 1606 2738 H.

1002 2762 1166 2810 Intelligit
1182 2764 1295 2798 fauces
1310 2762 1538 2807 Chersonesi,
1556 2762 1590 2796 iu
1603 2763 1673 2808 qui-
