1884 3112
634 794 1070 853 EPISTOLAE
1133 797 1414 854 PRIMAE

763 942 849 986 AR
862 941 1286 986 GUMENTUM.

376 1115 478 1156 Orto
498 1114 666 1167 Trojano
686 1113 786 1153 bello
801 1143 813 1163 ‚
834 1112 883 1153 ob
902 1121 1042 1166 raptam
1065 1126 1086 1151 a
1104 1111 1236 1151 Paride
1260 1111 1439 1151 Helenam
1453 1140 1465 1161 ‚
1485 1109 1687 1164 habitoque
1709 1126 1730 1151 a

323 1181 470 1222 Graecis
490 1187 700 1229 conventu,
720 1179 870 1233 cogitur
890 1178 1029 1218 invitus
1050 1177 1181 1216 Ulixes
1209 1176 1255 1215 ad
1275 1175 1414 1216 bellum
1433 1175 1730 1229 proficisci‚ibi-

322 1261 397 1300 que
421 1260 501 1286 non
535 1244 693 1284 consilio
718 1245 842 1284 minus
856 1274 868 1294 ‚
894 1257 1006 1296 quam
1036 1243 1176 1284 virtute
1203 1242 1385 1282 inclaruit.
1413 1243 1553 1284 Eversa
1580 1244 1730 1284 tandem

321 1312 440 1365 Troja
454 1340 465 1361 ‚
485 1310 613 1350 Graeci
636 1309 798 1350 victores
818 1309 979 1348 reditum
1000 1310 1039 1348 in
1065 1309 1220 1362 patriam
1241 1317 1462 1361 paraverunt
1479 1324 1488 1348 :
1510 1309 1598 1359 sed,
1617 1323 1730 1361 quam

320 1376 511 1425 laeserant,
529 1374 698 1415 Minerva
709 1404 722 1424 ‚
733 1383 842 1430 rapto
858 1374 999 1414 scilicet
1018 1374 1182 1414 Palladio
1195 1405 1206 1424 ‚
1225 1374 1334 1415 variis
1349 1388 1416 1414 eos
1431 1373 1628 1429 exagitavit
1643 1389 1730 1427 pro*

321 1442 445 1491 cellis,
471 1440 563 1480 adeo
590 1446 635 1478 ut
662 1439 794 1493 pauci,
815 1447 904 1492 post
929 1440 1050 1481 varios
1078 1454 1225 1480 errores
1241 1469 1254 1490 ‚
1279 1440 1319 1479 in
1341 1441 1495 1493 patriam
1521 1439 1730 1479 incolumes

321 1507 519 1548 evaserint.
539 1506 651 1554 Quos
677 1505 776 1544 inter
794 1505 925 1545 Ulixes
951 1520 1020 1558 per
1044 1519 1163 1545 annos
1186 1505 1315 1545 decem
1341 1504 1597 1556 errabundus,
1613 1506 1730 1547 varias

321 1572 425 1612 orbis
443 1579 567 1626 partes
587 1571 807 1625 peragravit.
896 1571 904 1580 ‘

375 1637 566 1690 Penelope
592 1635 709 1690 igitur
736 1636 816 1688 ejus
848 1650 969 1685 uxor,
997 1635 1125 1675 scribit
1146 1634 1246 1674 -hanc
1272 1635 1307 1674 ei
1338 1634 1533 1688 epistolam
1547 1664 1560 1685 ‚
1585 1649 1659 1687 qua
1688 1636 1730 1674 in

321 1703 452 1757 primis
472 1711 516 1742 ut
535 1701 661 1741 redeat
677 1709 828 1748 monet;
849 1701 1006 1740 maxime
1018 1731 1030 1750 ‚
1048 1715 1166 1754 quum
1185 1700 1303 1752 Troia
1328 1713 1455 1743 eversa
1470 1728 1483 1748 ,
1508 1699 1730 1753 caeterisque

319 1770 476 1811 reversis
490 1799 502 1820 ‚
520 1767 720 1808 cunctandi
737 1766 839 1808 solus
859 1781 1004 1806 causam
1022 1780 1103 1806 non
1121 1765 1251 1805 habeat
1265 1765 1303 1804 ’ἢ

364 1929 381 1947 *
405 1927 595 1975 Epistulam
610 1928 700 1962 hanc
717 1939 824 1973 graece
845 1927 967 1971 vertit,
990 1927 1141 1961 versibus
1157 1925 1330 1975 elegiacis,
1355 1925 1469 1960 Carol.
1485 1925 1704 1963 Utenhovius
1717 1952 1727 1970 ,

319 1981 435 2027 primo
449 1980 659 2014 Alluszbnum
673 1977 760 2012 libro
774 2003 784 2022 ,
798 1990 831 2022 p.
850 1976 919 2010 126.
939 1993 982 2003 —·
997 1975 1178 2011 ovidianae
1194 1974 1352 2010 Graecam
1371 1975 1598 2021 subjiciemus.
