1884 3112
536 252 814 299 BRISEIS
853 224 1179 299 ACHILLI]

136 345 332 416 Respice
355 341 593 397 sollicitam
615 347 838 406 Briseida,
862 347 991 396 fortis
1013 346 1213 405 Achille;

183 426 300 475 xNec
322 424 527 474 miseram
549 423 670 474 lenta
691 424 859 474 ferreus
881 444 962 474 ure
983 443 1121 473 mora.

1502 253 1572 309 ,63

142 503 258 562 Aut,
285 502 324 551 si
346 521 498 552 versus
522 521 646 552 amor
670 514 773 552 tuus
795 515 864 552 est
885 503 933 551 in
959 502 1089 553 taedia
1111 500 1278 551 nostri:

131 634 134 636 ,
210 579 360 644 Quam
373 579 478 646 'sine
502 591 545 629 te
569 579 692 643 cogis
714 578 879 638 vivere,
906 599 1012 643 coge
1036 580 1152 628 mori
1171 599 1182 628 ε

144 658 297 724 thue
319 656 449 717 facis,
475 675 634 720 coges:
652 655 764 705 abiit
786 675 1038 724 corpusque
1062 656 1274 724 colorque
1292 677 1304 706 ε

212 735 417 785 Sustinet
437 735 526 784 hoc
550 734 704 784 animae
728 752 830 801 spes
855 745 1002 784 tamen
1026 753 1116 783 una
1139 734 1220 782 tui.

147 814 254 880 Qua
274 813 315 862 si
337 812 576 872 destituor,
602 823 798 879 repetam
821 811 1068 879 fratresque
1091 811 1324 880 virumque
1350 829 1359 857 :

213 892 310 941 Nee
333 890 419 940 tibi
441 889 726 954 magnificum
747 889 912 939 femina
931 889 1054 955 jussa
1076 889 1204 937 mori.

150 970 244 1019 Cur
266 980 412 1019 autem
430 968 619 1035 jubeas?
642 967 798 1017 stricto
822 979 925 1035 pete
950 986 1141 1035 corpora
1162 967 1279 1018 ferro
1299 989 1309 1017 :
1526 984 1586 1028 14r

215 1046 300 1095 Est
320 1044 454 1105 mihi,
481 1044 560 1112 qui
581 1043 705 1093 fosso
729 1056 910 1113 pectore
934 1046 1114 1109 sanguis
1138 1040 1222 1095 eat.

152 1123 232 1173 Me
254 1133 379 1190 petat
399 1121 474 1172 ille
498 1133 624 1182 tuus,
651 1122 751 1189 qui,
778 1123 816 1172 si
840 1124 936 1172 Dea
957 1143 1089 1191 passa
1110 1123 1289 1183 fuisset,

217 1201 353 1251 Ensis
375 1201 424 1268 in
446 1200 618 1250 Atridae
642 1212 798 1268 pectus
822 1202 967 1250 iturus
991 1213 1096 1251 erat.

155 1277 218 1327 At
238 1278 393 1345 potius
417 1296 562 1327 serves
584 1289 809 1337 nostram,
836 1289 914 1327 tua
934 1297 1140 1336 munera,
1166 1277 1327 1326 vitam:

223 1354 364 1419 Quod
387 1355 567 1405 dederas
589 1355 713 1404 hosti
734 1355 895 1414 victor,
921 1356 1059 1405 amica
1080 1375 1205 1419 rogo.

1531 1371 1592 1406 150

157 1432 348 1482 Perdere
373 1452 488 1500 quos
509 1431 668 1482 melius
691 1434 862 1501 possis,
887 1434 1116 1501 Neptunia
1139 1434 1342 1501 praebent

226 1509 467 1574 Pergama:
485 1510 712 1560 materiam
735 1510 866 1560 caedis
889 1511 944 1560 ab
970 1511 1099 1560 hoste
1123 1522 1239 1577 pete.

163 1690 293 1727 Noster
308 1688 436 1734 ovid„
455 1689 579 1724 Amor.
593 1703 620 1724 1.
638 1689 693 1724 El.
709 1700 768 1735 rx,
780 1689 843 1726 35:

161 1749 266 1777 nector
276 1749 514 1776 abAndmmhes
525 1750 707 1784 complexibus
719 1750 774 1776 ibat
785 1751 815 1775 in

265 1800 354 1817 ama·

165 1843 211 1876 Τδ
231 1842 268 1875 ia
291 1839 389 1876 enim
409 1840 528 1876 infesti
550 1840 658 1876 animi
673 1840 849 1887 significa-

165 1892 303 1928 tionem
313 1892 496 1929 interdum
506 1906 578 1940 prae
587 1906 623 1929 sc
636 1893 712 1928 sert.
719 1893 850 1929 Noster

165 1944 258 1980 infra
275 1955 285 1977 z

219 2006 298 2033 Emi·
310 2006 338 2031 ὶιι
351 2005 453 2032 Atrida
463 2011 555 2040 pectus
569 2006 654 2031 iturus
662 2010 728 2031 erat.
738 2005 849 2031 Hunis.

218 2055 291 2105 ¹39·
312 2055 367 2091 At
378 2058 414 2091 si
419 2068 536 2091 versus
548 2068 645 2091 amor
655 2059 732 2090 tuus
747 2059 804 2090 est
816 2058 852 2089 in

172 2109 277 2143 ledia
296 2110 412 2143 nosta‘.
435 2107 582 2154 Optime
605 2107 780 2143 Gruterus
801 2107 855 2142 le-

175 2159 276 2207 gebat
291 2172 300 2195 :
325 2160 402 2195 Aut
412 2162 449 2195 si
459 2173 576 2195 versus
591 2174 689 2195 amor
707 2164 783 2195 tuus
800 2163 858 2194 est

174 2215 211 2247 ia
224 2213 331 2246 india
345 2215 461 2248 nostri.
482 2211 580 2248 DAN.
603 2213 738 2248 Hems.
760 2213 853 2254 Aut,

177 2264 358 2307 Euteanus
372 2290 383 2308 ,
406 2276 473 2300 nec
488 2265 588 2310 pauci
605 2264 661 2301 alii
676 2278 718 2300 ex
732 2264 859 2300 melio—

177 2316 294 2352 ribus:
308 2315 428 2362 placet.
444 2316 579 2353 Hzms.

226 2370 299 2413 ¹4¹·
326 2368 436 2414 thue
447 2369 568 2414 sacis,
603 2383 711 2415 coges.
734 2369 861 2405 Talem

179 2427 215 2456 te
232 2433 313 2467 erga
335 2432 394 2455 me
417 2420 506 2466 geris
522 2447 532 2465 ,
566 2422 625 2467 qui
649 2421 740 2456 mori
763 2422 862 2457 citius

181 2474 277 2510 ocius
293 2472 452 2508 Briseida
462 2486 573 2520 coges.
581 2493 625 2501 —
634 2476 735 2510 Abiit
745 2488 863 2520 corpus

180 2528 344 2572 colorque.
359 2526 444 2560 Jam
457 2538 537 2561 sum
548 2539 613 2572 ego
623 2553 633 2571 ,
651 2540 723 2574 prae
738 2528 861 2572 macie,

184 2577 353 2625 pallidior.

231 2631 303 2674 142.
326 2631 486 2665 Sustinet.
506 2631 549 2665 In
568 2629 704 2666 Aldinis
718 2630 866 2677 legitur:

186 2685 332 2717 sustinet
347 2685 411 2718 boc
432 2686 554 2718 anime
568 2696 646 2728 spes
668 2687 780 2718 lamen
800 2698 869 2719 una

186 2737 260 2776 tu1'5
284 2741 324 2769 ut
338 2735 382 2770 sit
404 2734 536 2770 dictum
559 2738 622 2770 hoc
643 2739 781 2776 anime,
805 2749 869 2783 pro

189 2785 281 2823 hanc
298 2787 453 2824 animam
469 2798 476 2821 ι
499 2787 566 2824 hoc
582 2801 704 2832 sensu,
723 2801 794 2824 una
810 2795 870 2824 ta·-

911 1703 996 1725 men
1013 1702 1089 1736 spes
1106 1689 1177 1733 tui,
1195 1688 1265 1724 sive
1283 1701 1389 1735 quam
1405 1688 1448 1724 de
1471 1695 1505 1725 te
1524 1690 1596 1725 ha-

910 1742 997 1787 beo,
1011 1742 1157 1777 sustinet
1170 1740 1260 1776 hanc
1271 1741 1425 1785 animam
1436 1768 1445 1786 ,
1463 1742 1530 1778 hoc
1546 1750 1598 1778 est

911 1795 1020 1830 vitam
1031 1807 1149 1829 meam
1163 1809 1172 1836 ;
1187 1794 1320 1830 caeteris
1330 1821 1339 1839 ,
1353 1802 1392 1829 ut
1402 1808 1548 1841 corpore
1562 1803 1599 1831 et

913 1847 1028 1882 colore
1039 1874 1048 1891 ,
1067 1847 1317 1882 delabentibus.
1334 1847 1472 1882 MICYL.

963 1900 1035 1944 146.
1056 1902 1126 1934 Est
1138 1902 1225 1934 mihi
1234 1903 1373 1944 sanguis
1388 1906 1453 1934 etc.
1468 1918 1512 1926 ·-·
1529 1901 1590 1935 In-

916 1952 1046 1998 telligas
1069 1965 1077 1986 :
1102 1959 1154 1987 est
1176 1952 1314 1987 animus
1329 1979 1338 1996 ‚
1363 1952 1423 1997 qui
1445 1960 1600 1988 mortem

917 2017 992 2039 non
1010 2003 1237 2048 reformidet,
1267 2017 1333 2039 nec
1350 2017 1471 2039 ensem
1489 2012 1601 2041 tuum.

966 2058 1037 2102 147.
1061 2057 1103 2090 Si
1113 2057 1194 2091 Dea
1200 2069 1310 2101 passa
1312 2056 1454 2101 [πίω-εἰ.
1470 2058 1582 2093 Pallas
1592 2085 1601 2102 ,

920 2121 1019 2154 quae,
1044 2108 1240 2143 irruentem
1265 2109 1337 2155 jam
1363 2122 1445 2144 ense
1464 2110 1602 2154 stricto,

922 2161 959 2195 in
979 2161 1248 2206 Agamemnona
1266 2188 1276 2206 ,
1306 2161 1478 2196 Achillem
1511 2175 1605 2197 con—

923 2213 1028 2248 tinuit
1046 2240 1056 2257 ,
1082 2213 1240 2249 dextram
1273 2213 1381 2249 comis
1415 2213 1607 2260 implicans.

925 2265 965 2301 Il.
989 2271 1033 2310 A,
1060 2279 1131 2314 ¹97·

974 2320 1045 2366 149.
1069 2319 1122 2353 At
1129 2321 1244 2363 polius
1259 2331 1381 2353 serves.
1404 2319 1463 2354 Ah
1478 2319 1608 2354 Putea-

925 2383 1013 2405 neus
1030 2383 1111 2404 cum
1127 2370 1261 2406 duobus
1277 2370 1349 2405 aliis
1364 2370 1431 2405 vid.
1447 2371 1510 2417 Ep.
1525 2383 1587 2405 xn(
1599 2398 1608 2415 ,

931 2425 1004 2457 105.
1019 2422 1150 2457 lems.
1164 2422 1256 2456 Mihi
1271 2422 1379 2468 prisca
1395 2423 1496 2458 lectio
1510 2436 1612 2468 praes-

928 2474 1064 2510 tabilior
1079 2474 1160 2509 visa.
1184 2475 1270 2510 Post
1293 2475 1388 2509 illam
1410 2475 1611 2510 concessio—

929 2539 1016 2562 nem
1030 2553 1039 2570 ,
1072 2530 1190 2561 stricto
1214 2530 1296 2571 pete
1328 2540 1466 2571 corpora
1487 2528 1610 2572 serra,

930 2579 1098 2626 paulatim
1120 2578 1163 2613 ad
1178 2593 1213 2614 se
1231 2579 1370 2614 rediens
1386 2579 1514 2615 Briseis
1536 2579 1613 2614 mi-

931 2632 1012 2666 tiori
1043 2631 1100 2666 hic
1130 2631 1331 2677 cogitationi
1361 2631 1520 2677 indulget
1534 2659 1543 2676 ,
1578 2638 1615 2666 et

934 2683 1030 2730 quasi
1040 2683 1122 2718 dicit
1135 2696 1142 2718 :
1155 2696 1218 2718 cur
1230 2696 1315 2718 vero
1326 2682 1362 2718 id
1372 2684 1498 2718 facias?
1514 2684 1616 2729 Quin

928 2739 1045 2782 potius
1068 2749 1180 2770 serves
1204 2736 1335 2771 iterum
1353 2762 1362 2779 ,
1396 2749 1502 2781 quam
1533 2736 1617 2770 olim

935 2788 1023 2825 mihi
1033 2789 1245 2834 concessisti,
1259 2789 1366 2825 vitam
1378 2788 1393 2824 ?
1407 2789 1620 2826 Lunum.—
