1884 3112
686 271 1076 319 PRAEFATIO.
1499 289 1594 321 xxv

168 374 432 426 mendorum
448 393 661 424 occursus
680 374 958 442 frequentior
969 373 1155 423 moleste
1169 372 1378 422 lectorem
1391 392 1415 422 a
1427 385 1598 441 propo-

170 465 258 514 sito
274 463 506 524 distrahat,
518 475 562 514 et
573 464 833 514 correctoris
847 463 1062 513 incuriam
1075 473 1250 527 arguat,
1265 461 1334 512 vel
1350 462 1568 530 inscitiam
1581 465 1599 512 Ρ

110 544 112 546 ¹
170 555 349 605 Partem
369 554 483 604 hanc
499 553 666 603 laboris
684 553 849 612 nostri,
871 573 924 602 eo
944 553 1085 616 magis
1110 571 1356 620 operosam,
1378 571 1470 619 quo
1492 551 1601 617 faciff

169 642 327 694 liorem
342 643 544 712 plerique
559 643 820 710 praedicant,
837 660 931 690 non
954 641 1100 690 libens
1113 641 1252 690 modo
1264 679 1275 701 ,
1287 641 1371 691 vsed
1387 653 1431 692 et
1446 641 1599 691 alacris

172 742 310 781 totam
337 730 426 781 fere
450 731 497 779 in
521 740 614 780 sese
639 729 834 798 recepit,
862 729 1127 780 mendorum
1151 739 1328 778 exactor
1351 722 1599 794 diligentis-

169 820 310 870 simus
331 857 346 879 ,
385 818 546 880 Editor
577 819 673 887 ipse
695 857 708 879 ‚
749 818 954 886 idemque
989 818 1195 886 quolibet
1226 820 1284 867 in·
1305 839 1463 883 genere
1494 839 1599 887 per-

169 909 373 959 fectionis
407 920 611 977 captator
635 908 795 958 merito
825 908 1104 958 ambitiosus·
1139 910 1231 958 Nec
1257 928 1415 976 pamm
1440 908 1601 958 debere

168 1013 237 1047 me
259 997 400 1047 fateor
431 997 548 1047 curis
584 1009 630 1047 et
661 996 811 1046 studio
847 996 1235 1070 Dondey—Dupn‘
1266 997 1484 1064 junioris,
1525 997 1602 1064 qui

169 1088 436 1155 optimarum
450 1086 676 1136 literarum
690 1124 702 1145 ‚
729 1107 754 1135 a
768 1106 908 1153 puero
920 1125 931 1145 ,
957 1085 1069 1136 lacte
1087 1087 1356 1144 innutritus,
1377 1086 1600 1152 specimen

169 1175 381 1243 quodque
408 1195 501 1224 non
534 1175 856 1243 typographica
874 1187 1068 1233 tantum,
1089 1174 1167 1223 sed
1186 1186 1230 1223 et
1252 1173 1445 1222 literaria
1467 1173 1599 1222 sedu-

169 1262 291 1312 litate
311 1264 586 1327 recognovit.
614 1265 683 1312 De
707 1263 871 1311 Graecis
889 1274 1035 1311 autem
1052 1261 1183 1319 locis,
1209 1262 1327 1311 unde
1353 1261 1600 1311 solliciteris

170 1351 285 1400 nihil
309 1352 416 1410 erit,
438 1352 520 1400 ubi
535 1351 735 1400 rescieris
749 1350 993 1418 inspexisse
1013 1351 1090 1399 CL.
1117 1351 1442 1409 BOISSONADE,
1469 1370 1600 1417 quem

173 1439 262 1488 sibi
275 1440 424 1488 minus
434 1477 446 1498 ,
468 1458 600 1506 quam
621 1439 786 1488 caeteris
797 1477 809 1497 ,
823 1437 1048 1487 hellenicae
1062 1436 1225 1500 linguae
1239 1437 1470 1487 thesauros
1489 1458 1602 1487 com-

171 1546 368 1594 parasse,
393 1526 562 1593 experti
585 1525 789 1592 plurimi;
814 1524 1138 1574 nullus‘forsan
1152 1564 1164 1584 ‚
1191 1526 1338 1574 animo
1365 1526 1561 1589 gratiori.

235 1615 308 1663 Sic
335 1614 470 1663 tantis
493 1614 751 1662 nominibus
783 1613 1138 1662 commendatum
1159 1615 1370 1681 praevium
1392 1614 1479 1663 hoc
1503 1616 1599 1662 Vo-

167 1701 317 1755 lumen
339 1702 564 1766 benignus
579 1740 591 1761 ,
613 1703 794 1761 Lector,
829 1703 1038 1769 accipias,
1062 1714 1114 1750 ut
1138 1722 1235 1769 quae
1259 1715 1502 1770 sequentur
1520 1703 1598 1752 ad-

166 1790 342 1857 paranti
361 1790 451 1857 jam
473 1802 520 1840 et
544 1789 799 1848 desudanti,
825 1790 957 1840 fidem
978 1789 1111 1839 simul
1135 1791 1418 1857 animumque
1437 1791 1594 1840 facias!

165 1877 289 1928 Vale.

1138 1956 1180 2002 J.
1218 1956 1271 2002 A.
1309 1956 1363 2003 A.

434 2060 464 2095 P
474 2059 506 2094 A
514 2059 548 2095 R
556 2059 572 2094 1
581 2059 606 2095 S
616 2059 632 2094 1
642 2059 658 2094 1
667 2058 692 2094 S
703 2086 714 2102 ,

323 2120 360 2155 in
376 2119 525 2174 AEdibus
541 2119 760 2154 Mazarinaeis
771 2145 782 2162 ,

301 2191 339 2216 lv
356 2179 407 2216 ld.
422 2181 567 2215 Januar.
585 2190 771 2216 mucccxx.

229 2698 249 2715 u
272 2679 413 2720 Vitavit
437 2692 529 2734 ergo
543 2707 555 2728 ,
582 2676 707 2731 quoad
729 2677 880 2731 potuit,
905 2677 977 2716 tria
1004 2691 1090 2730 quae
1116 2677 1157 2715 in
1177 2675 1445 2730 interpretibus
1465 2676 1590 2715 minus

173 2746 368 2802 probabat.
387 2746 557 2785 Primum
577 2752 635 2783 est
650 2757 784 2782 eorum
800 2743 934 2783 vitium
949 2773 960 2794 ‚
990 2743 1056 2795 qui
1075 2742 1178 2782 aliud
1193 2742 1286 2781 nihil
1308 2750 1506 2796 praestant,
1522 2742 1594 2781 nisi

299 2827 342 2870 I.
1330 2837 1353 2863 c
