1884 3112
164 1435 335 1481 Neptuno
349 1441 423 1480 est,
437 1435 477 1470 in
492 1434 620 1471 amoris
635 1447 844 1481 compensa-

164 1487 310 1540 tionem.
327 1487 471 1524 EGRA'r.

209 1536 264 1594 ¹72.
284 1541 448 1576 Taenans.
469 1542 652 1588 Tyndann
671 1540 752 1576 alii.
763 1542 843 1575 urbe

162 1658 270 1692 quam
280 1645 442 1691 sequenti
451 1658 574 1681 versu
588 1645 708 1692 probe.
719 1644 844 1679 Delec-

161 1705 259 1734 tatur
275 1697 372 1733 enim
390 1697 521 1734 Noster
543 1697 636 1733 hisce
653 1697 845 1744 oppositio·

162 1750 283 1794 nibus,
297 1756 337 1784 ut
347 1761 454 1796 supra
464 1762 554 1786 versa
566 1751 606 1794 14
617 1756 654 1785 et
665 1749 742 1784 Art.
763 1763 790 1783 1.
799 1765 846 1775 ·-

161 1803 342 1847 Mopsopia
348 1804 438 1837 urbe.
445 1801 607 1846 Athenis,
617 1814 694 1848 quae
704 1801 752 1837 sic
759 1801 845 1836 olim

163 1853 276 1898 dicte,
289 1866 310 1888 a
319 1855 443 1899 Mopso
458 1853 625 1900 quodam,
642 1854 702 1899 qui
717 1853 764 1888 ibi
779 1866 845 1888 re·-

164 1913 352 1953 gnaverat3
376 1905 474 1943 unde
493 1907 700 1952 frequenter
723 1905 845 1940 Athe-

162 1958 315 2002 nienses,
324 1959 503 2007 Hopsopii.
518 1977 563 1985 —
581 1960 735 1994 Tartar-125
744 1970 846 1992 soror.

164 2009 344 2050 Helenam
361 2022 500 2058 quoque
529 2013 718 2046 Taenan‘am
743 2013 848 2044 mari-

163 2065 254 2104 tam,
271 2062 338 2109 Ep.
352 2072 424 2098 1111
435 2063 504 2108 ,45
516 2089 526 2108 ,
545 2069 643 2098 vocat
660 2073 668 2095 :

164 2116 224 2142 Aut
234 2122 261 2143 to
273 2117 410 2144 Τεκνία
419 2115 513 2143 faciem
529 2118 648 2151 culpasse
664 2117 780 2143 marim.

204 2165 273 2212 73.
269 2167 380 2201 Trans
387 2179 528 2212 equora,
533 2167 630 2202 Vett.
638 2166 744 2213 Lege,
754 2170 850 2201 trans

167 2230 286 2263 equor.
302 2218 437 2254 Hnms.

212 2283 266 2317 77.
287 2271 411 2311 nent
422 2283 538 2311 avus,
559 2272 733 2317 flebatque
749 2283 850 2306 soror.

169 2323 359 2367 Pha-aeque
387 2333 493 2358 κων.
522 2322 733 2370 Euripides,
758 2323 850 2369 apud

170 2373 282 2433 Iphig.
296 2373 335 2408 in
349 2371 469 2410 Aulid.
485 2375 547 2422 49.

167 2419 311 2472 Εγένονιξο
327 2429 421 2471 Λῆὢι
436 2427 573 2469 Ore-toi&
594 2432 671 2475 τρεῖς
687 2430 824 2471 παρθένοι
837 2454 849 2474 ,

167 2483 277 2522 Μέθη,
295 2481 468 2523 Κλυταιμνέ
456 2477 559 2528 ε’ςροιτ
573 2481 631 2525 lp»)
650 2480 805 2530 ξυνάορθς,

103 2563 105 2565 .
167 2540 195 2569 Ε
198 2533 312 2573 λένῃ-τε.

169 2583 302 2620 Phoebe
321 2596 406 2630 ergo
421 2595 522 2618 soror
537 2581 706 2618 Helenae·
698 2597 708 2626 ;
723 2583 851 2630 legen-

168 2635 326 2682 dumque
341 2637 468 2671 Phaebe
479 2648 580 2677 soror,
599 2647 673 2670 non
678 2637 853 2682 flebatque

168 2700 279 2732 somr,·
296 2687 391 2734 quod
404 2695 440 2724 et
449 2689 522 2734 jam
532 2687 763 2723 subodoratus
774 2689 854 2723 Me-

172 2743 289 2776 aet'n‘ac.
315 2741 450 2777 Hssms.
475 2759 519 2769 —··
543 2740 693 2788 Egregie
710 2740 853 2786 quidem

173 2790 358 2839 Heinsius5
375 2793 437 2829 sed
453 2793 510 2829 alii
528 2806 602 2830 non
618 2793 772 2830 Helenes
788 2806 853 2830 so—

510 257 886 305 HERMIONE
931 257 1228 305 ORESTAE.

192 393 199 398 .
225 352 423 404 Reddita
436 352 679 420 Mopsopia
694 352 893 402 Taenaris
913 352 1027 401 urbe
1050 370 1190 401 soror.

161 431 376 491 Taenaris,
400 430 518 482 ldaeo
543 443 663 480 trans
685 449 837 498 aequor
860 431 916 480 ab
940 430 1119 497 hospite
1141 440 1293 497 rapta;

225 510 458 575 Argolicas
479 529 563 578 pro
587 528 633 559 se
656 503 790 559 vertit
809 509 858 557 in
881 527 1000 557 arma
1018 526 1189 556 manus.

162 588 251 637 Vix
272 587 476 655 equidem
497 587 697 645 memini3
725 585 906 635 memini
925 596 1071 633 tamen
1089 603 1100 632 :
1120 584 1269 633 omnia
1288 581 1456 642 luctus,
1540 597 1584 642 75

229 665 396 715 Omnia
415 663 594 715 solliciti
611 663 745 731 plena
767 663 940 711 timoris
963 673 1102 711 erant.

162 742 322 792 Flebat
343 762 471 802 avus,
496 742 753 808 Phoebeque
777 759 926 798 soror,
950 738 1196 805 fratresque
1222 737 1419 801 gemelli:

227 821 401 871 Orabat
423 838 608 887 superos
626 818 770 876 Leda,
794 836 1014 884 suumque
1037 818 1067 864 J
1069 834 1208 864 ovem.

160 897 267 964 Ipsa
288 916 393 960 ego,
417 915 510 945 non
532 895 694 959 longos
718 894 850 942 etiam
870 911 991 942 nunc
1015 892 1150 941 scissa
1173 890 1380 958 capillos,

227 972 511 1022 Clamabam:
532 972 626 1021 sine
648 991 741 1030 me,
765 989 835 1019 me
858 970 973 1029 sine,
995 980 1155 1028 mater,
1181 969 1300 1017 abis!
1545 982 1589 1015 ευ

160 1051 276 1102 Nam
297 1050 460 1115 conjux
481 1049 645 1098 aberat.
666 1050 734 1098 Ne
753 1066 849 1096 non
871 1046 1086 1113 Pelopeia
1107 1045 1278 1104 credar,

226 1129 340 1177 Ecce
361 1125 659 1194 Neoptolemo
682 1125 833 1192 praeda
853 1136 1008 1191 parata
1029 1123 1109 1173 fui.

159 1203 338 1254 Pelides
359 1204 531 1254 utinam
552 1204 735 1252 vitasset
753 1201 979 1269 Apollinis
1003 1220 1129 1250 arcus
1147 1202 1157 1248 ἱ

181 1311 186 1316 ·
227 1283 472 1332 Damnaret
490 1282 586 1331 nati
606 1280 721 1330 facta
742 1291 950 1347 proterva
967 1290 1106 1346 pater.

162 1582 264 1628 somn'
277 1593 479 1629 Puteanens
490 1595 664 1634 Ῑσιιὰηὶτ,
681 1600 756 1628 tam
765 1592 822 1627 hic
831 1618 842 1636 ,
860 1613 862 1615 -

1499 260 1581 320 169

906 1447 1027 1470 rorem
1037 1433 1210 1477 Phoeben,
1227 1432 1289 1468 sed
1304 1431 1470 1478 Leucippi
1484 1429 1591 1466 filiam

906 1487 1039 1523 faciunt
1048 1513 1057 1531 ,
1074 1493 1110 1521 et
1122 1499 1268 1521 uxorem
1279 1485 1440 1520 Pollucis.
1456 1484 1537 1518 Vid.
1550 1483 1594 1518 ad

907 1539 1070 1585 Propert.
1092 1549 1108 1573 1
1119 1565 1128 1583 ,
1159 1538 1257 1584 Eleg.
1283 1549 1332 1581 11,
1364 1539 1402 1571 15
1418 1563 1427 1581 ,
1461 1543 1497 1571 et
1513 1535 1595 1571 insr.

909 1590 1020 1637 Epist.
1042 1602 1126 1635 xvr,
1145 1590 1219 1638 327.

952 1643 1006 1677 82.
1021 1644 1145 1677 Proeda
1153 1646 1290 1687 parata.
1305 1644 1423 1677 Penta
1436 1639 1568 1675 Moreti
1582 1654 1591 1681 ;

909 1694 1004 1741 quod
1013 1694 1154 1730 defendi
1164 1702 1335 1741 posset,ex
1342 1693 1551 1737 11,Art.Am.
1559 1706 1594 1735 23

907 1746 969 1783 sed
982 1746 1071 1782 nihil
1087 1747 1311 1782 mutandum.
1340 1747 1472 1781 Bunm.

953 1799 1006 1834 83.
1023 1801 1162 1834 Pelides
1178 1803 1306 1834 utinam
1323 1801 1472 1833 vitasset
1485 1797 1597 1843 Apol-

908 1853 989 1886 linis
1012 1865 1121 1886 arcus.
1143 1851 1295 1887 Achilles
1323 1851 1528 1886 interfectus
1545 1857 1598 1886 est

912 1904 953 1938 ab
971 1903 1132 1949 Apolline
1153 1903 1196 1938 ad
1213 1911 1330 1949 portas
1346 1903 1458 1938 Scaeas
1472 1930 1481 1947 ,
1500 1902 1596 1949 quod

911 1956 1114 1990 vaticinium
1128 1968 1147 1989 a
1164 1963 1276 1990 matre
1293 1969 1354 1990 sua
1369 1955 1520 1990 Thetide
1540 1968 1599 1990 ac-

911 2015 1060 2054 ceperat.
1079 2008 1126 2052 Q.
1145 2006 1307 2051 Calaber,
1325 2007 1475 2054 Paralip.
1487 2007 1598 2042 Hom.

913 2071 977 2104 111,
996 2061 1067 2107 ¹74·
1081 2059 1150 2094 Alii
1163 2059 1287 2095 volunt
1301 2072 1384 2094 eum
1395 2087 1404 2101 ,
1425 2059 1512 2095 dum
1525 2060 1600 2095 Po—

913 2113 1088 2161 lyxenam,
1102 2111 1235 2147 Priami
1251 2125 1293 2146 ex
1310 2112 1458 2147 Hecuba
1475 2111 1599 2155 filiam,

913 2166 1013 2212 cujus
1039 2165 1154 2199 forma
1177 2171 1297 2211 captus
1326 2171 1426 2209 erat,
1452 2177 1599 2199 uxorem

914 2218 978 2253 sibi
1004 2216 1174 2262 duceret,
1203 2217 1242 2253 in
1270 2217 1402 2277 templo
1429 2216 1601 2262 Apollinis

915 2270 1095 2326 Tymbraei
1106 2283 1125 2304 a
1135 2269 1283 2313 Paride,
1304 2269 1362 2316 qui
1377 2268 1443 2303 ab
1434 2282 1508 2330 lpso
1520 2269 1600 2304 Deo

915 2317 1060 2358 edoctus
1092 2328 1167 2357 erat
1178 2349 1188 2367 ‚
1221 2334 1290 2368 qua
1319 2322 1474 2367 corporis
1501 2329 1600 2368 parte

915 2375 1091 2410 vulnerari
1102 2382 1228 2421 posset
1240 2374 1476 2410 intersectum.
1487 2374 1599 2420 quue

916 2427 1070 2463 ostendit
1085 2427 1184 2474 Virg.
1205 2426 1348 2462 AEneid.
1369 2438 1408 2461 Vl
1422 2453 1432 2471 ‚
1453 2428 1515 2472 57:

915 2487 1011 2514 Phoebe
1018 2507 1027 2519 ,
1038 2496 1128 2520 graves
1138 2488 1225 2522 Trojoe
1236 2496 1337 2521 semper
1346 2487 1467 2512 miserate
1476 2486 1577 2512 labores
1584 2504 1598 2517 5

915 2537 1036 2563 Dardana
1046 2536 1092 2570 qui
1102 2536 1205 2562 Paridis
1217 2535 1311 2561 direxti
1320 2535 1371 2561 tela
1379 2554 1389 2567 ‚
1401 2543 1547 2569 manusque

917 2586 1018 2619 Corpus
1030 2586 1057 2610 in
1067 2584 1190 2611 AEucidae.

918 2634 966 2670 Et
979 2635 1035 2671 hic
1047 2635 1177 2671 Noster
1187 2632 1428 2679 Metamorph,
1440 2644 1508 2677 xn,
1520 2633 1607 2677 504:

952 2715 984 2725 ...
997 2699 1031 2723 Et
1040 2698 1177 2723 ostendens
1187 2702 1342 2723 sternentem
1353 2697 1448 2722 Troica
1458 2696 1526 2722 ferro

918 2748 1032 2782 con-pon
1042 2747 1149 2774 Peliden
1158 2765 1167 2778 ,
1178 2755 1322 2781 arcumque
1333 2745 1445 2772 obvertit
1457 2746 1483 2771 in
1496 2746 1571 2771 illum
1583 2765 1593 2778 ,

919 2798 1046 2831 Certaque
1056 2796 1156 2823 letifera
1169 2796 1265 2823 direxit
1277 2795 1377 2832 spicula
1389 2796 1489 2823 dextra.
1509 2796 1589 2821 Cror.
