1884 3112
503 245 904 312 HYPSIPYLE
931 240 1199 306 rAsom.

1485 253 1567 313 139

189 380 191 384 ’
211 361 412 414 Perfidiae
427 361 580 429 >pretio
605 356 693 427 qua
711 377 817 408 nece
841 356 1004 419 dignus
1025 353 1152 402 eras?

147 443 250 510 Ipse
268 439 446 508 quidem
466 457 547 506 per
567 456 638 486 me
656 448 779 485 tutus
803 450 1044 500 sospesque
1061 429 1247 478 fuisses:

211 521 318 568 Non
339 516 443 585 quia
461 527 511 564 tu
532 515 718 578 dignus,
744 511 822 562 sed
843 510 948 578 quia
965 508 1086 557 mitis
1104 525 1201 569 ego.

146 595 325 646 Pellicis
345 595 444 662 ipsa
464 610 588 643 meos
607 589 859 658 implessem
883 584 1096 648 sanguine
1117 580 1288 637 vultus,

214 672 432 739 Quosque
452 669 672 720 veneficiis
690 664 877 715 abstulit
897 662 975 711 illa
997 661 1103 710 suis.

1513 665 1574 700 150

147 750 319 801 Medeae
342 749 502 799 Medea
523 748 676 796 forem.
701 742 840 809 Quod
862 741 900 790 si
924 739 1024 806 quis
1043 737 1099 786 ab
1121 735 1232 793 alto,

213 829 371 877 Justus
391 826 494 875 ades
511 823 650 882 votis,
672 821 869 888 Jupiter,
892 818 988 885 ipse
1009 814 1141 864 meis!
1178 833 1180 836 ·

149 906 288 972 Quod
310 904 446 968 gemit
467 900 736 969 Hypsipyle,
755 898 860 948 lecti
887 913 1067 964 quoque
1090 888 1298 942 subnuba
1318 884 1463 934 nostri

211 984 422 1054 Moereat3
445 992 491 1030 et
509 979 630 1042 leges
653 978 820 1026 sanciat
841 977 939 1044 ipsa
960 992 1074 1023 suas.

185 1127 200 1150 ι
205 1113 258 1160 46.
265 1112 536 1159 PefidIa-paetio
541 1119 607 1155 qua
615 1119 698 1142 nece
709 1107 831 1150 dignus

147 1168 252 1203 ems?
261 1164 408 1212 Optime
417 1178 428 1207 ς
445 1169 486 1198 ut
499 1167 535 1197 et
544 1173 670 1207 parens
680 1170 780 1194 meus
792 1158 831 1191 in

148 1217 242 1254 notis
256 1217 300 1253 ad
313 1217 429 1264 ipsum
445 1215 625 1263 Nasonem
635 1239 645 1257 ,
661 1219 697 1247 et
713 1217 833 1257 postea

149 1269 354 1314 Salmasius,
367 1269 411 1304 de
425 1268 545 1302 Usun‘s
564 1263 832 1300 Commentario

149 1335 224 1369 cap.
238 1333 270 1358 11
279 1348 289 1366 ,
299 1322 540 1357 restituerunt.
550 1317 688 1353 Multus
699 1323 750 1351 est
762 1329 835 1362 pas-

139 1374 218 1410 'sim
227 1373 266 1409 in
275 1373 342 1409 hae
356 1371 533 1408 locutione
547 1370 652 1406 Naso.
677 1369 813 1404 Hmns.

171 1426 174 1429 ’
199 1428 271 1476 149.
298 1427 440 1461 Pellicis
452 1427 530 1469 ipsa
542 1435 634 1458 meos
644 1424 834 1466 implessem

151 1481 316 1524 sanguim
349 1480 472 1513 vultus.
508 1474 690 1511 Didonem
723 1473 835 1519 ipsam

151 1530 364 1566 clamantem
387 1527 549 1564 exaudire
565 1533 601 1562 te
617 1524 805 1562 credideris
821 1550 831 1569 ‚

152 1579 238 1619 AEn.
258 1593 322 1628 1v,
345 1581 435 1626 504,
461 1590 558 1626 ηιμ

221 1668 368 1677 ......
386 1650 468 1676 rnen
479 1650 507 1675 in
521 1654 604 1674 eastra
615 1648 733 1674 tulissem
745 1665 753 1678 ,

150 1700 356 1736 lapion-enque
375 1700 446 1727 foro·
477 1698 590 1725 flammis
599 1717 609 1730 ,
634 1702 777 1730 natumque
790 1715 798 1727 ‚

233 1755 387 1785 putremque
415 1756 419 1760 ’

149 1799 218 1826 cun
239 1807 330 1832 geuene
351 1798 503 1831 extimum
526 1801 622 1823 menet
641 1804 721 1831 snper
743 1795 801 1829 ipso

229 1848 370 1888 dedissem.

149 1905 199 1942 Et
213 1907 347 1943 Medea
371 1907 498 1942 ffidea
512 1906 643 1951 sorem,
667 1902 832 1950 Virgilius

148 1958 221 2005 ipse
235 1985 245 2003 ,
266 1957 392 2003 credo,
414 1971 489 1993 non
505 1958 700 2004 respuisset.

196 2012 270 2046 150.
289 2011 375 2046 Suis.
391 2010 661 2050 Lincolniensis‚
681 2012 766 2043 tuos.

197 2063 270 2097 151.
296 2063 398 2106 Quod
407 2066 527 2108 siquis
543 2064 587 2097 ab
602 2064 691 2102 allo,
710 2062 834 2095 Justus

149 2116 245 2150 ades.
273 2117 374 2159 Quod
385 2118 422 2149 si
431 2117 514 2160 quid
522 2116 624 2149 adest
634 2113 751 2159 scripti
764 2111 833 2158 ple-

149 2167 250 2213 rique
267 2179 349 2202 cum
372 2166 492 2213 priscis
516 2165 746 2200 editionibus:
764 2177 834 2199 ve·-

150 2225 254 2254 nuste
278 2225 314 2254 et
327 2231 409 2254 vere
425 2231 433 2253 ε
449 2218 516 2253 nisi
532 2217 625 2263 quod
643 2217 680 2252 in
693 2218 833 2252 Putea-

151 2285 221 2308 neo
231 2298 240 2316 ,
259 2272 351 2318 quod
356 2274 393 2306 si
398 2272 494 2317 quod.
507 2273 552 2307 To*
563 2271 646 2316 qut'd
656 2269 834 2316 eleganter

151 2323 338 2360 redundat.
376 2323 514 2358 Ennius
552 2322 644 2368 apud
676 2322 832 2356 Lactant.

149 2377 207 2413 lib.
230 2387 265 2421 1,
291 2375 335 2411 de
351 2375 451 2411 Falsa
465 2375 655 2421 religione,
678 2387 751 2419 cap.
773 2374 830 2416 14,

148 2430 187 2466 in
204 2429 350 2464 vetustis
370 2427 544 2463 codicibus
561 2439 569 2462 ε
583 2429 702 2472 Itaque
708 2430 833 2471 pactus

146 2487 204 2519 est
215 2495 290 2518 cum
300 2483 444 2518 Saturno
451 2507 460 2523 ‚
477 2484 517 2516 u!
528 2482 651 2526 siquid
657 2482 832 2514 liberorum

147 2539 259 2572 υἰηῚιὶι·
271 2548 375 2571 setus
388 2539 426 2570 ei
436 2539 552 2570 natum
566 2537 678 2576 esset,
696 2546 739 2568 ne
754 2534 838 2579 quid

146 2590 318 2624 educaret.
340 2587 446 2623 Trist.
462 2597 520 2622 111.
538 2586 636 2634 Eleg.
652 2597 722 2621 111:

148 2649 187 2676 At
201 2649 261 2682 tihi,
269 2650 316 2684 qui
322 2649 427 2680 tramis,
443 2657 475 2674 ne
489 2647 522 2673 sit
530 2647 645 2680 grnve,si
656 2646 720 2681 quid
728 2646 831 2679 amasti,

179 2698 281 2726 Dicere.

150 2756 204 2792 Ita
216 2762 253 2791 et
266 2755 313 2791 ibi
324 2754 549 2792 scribendum
566 2767 606 2789 ex
618 2752 766 2799 vestigiis
776 2765 832 2787 ve-

154 2811 268 2844 terum
294 2808 475 2845 librorum.
502 2807 608 2843 Trist.
623 2817 657 2843 v.
679 2805 775 2852 Eleg.
796 2817 831 2840 1:

910 1112 1026 1138 Delicias
1040 1111 1062 1136 si
1075 1109 1134 1145 quis
1145 1107 1294 1141 lascivaque
1304 1104 1418 1130 earmina
1430 1101 1521 1137 quaerit
1532 1119 1540 1131 ‚

954 1161 1101 1186 Promoneo
1112 1166 1247 1190 nunquam
1259 1155 1355 1188 scripta
1366 1152 1431 1187 quid
1440 1152 1490 1176 ista
1500 1151 1578 1182 legat.

897 1217 957 1253 Sic
971 1223 1006 1251 et
1020 1215 1069 1251 ibi
1083 1212 1332 1259 corrigendum
1345 1208 1519 1256 suspicor3
1533 1206 1582 1242 sic

897 1272 936 1306 in
952 1269 1080 1306 Fastis:

1045 1327 1164 1355 Pacando
1177 1327 1199 1352 si
1212 1326 1278 1361 quid
1291 1325 1323 1350 ab
1338 1324 1412 1350 hoste
1423 1330 1510 1348 vacas.
1530 1320 1569 1345 H.

898 1378 1110 1416 —Francius
1116 1375 1323 1422 corrigebat,
1331 1374 1454 1420 siquid
1458 1373 1501 1406 ab
1507 1372 1584 1404 alta

898 1435 1020 1468 Justus
1033 1433 1118 1465 ades
1138 1432 1228 1463 volis
1240 1429 1381 1472 Jupiter
1391 1437 1470 1460 arce
1488 1425 1583 1458 meis.

900 1482 1064 1527 Ossendit
1072 1483 1163 1517 sorte
1176 1479 1298 1515 vocula
1307 1481 1381 1524 ipse
1390 1504 1399 1519 ‚
1419 1488 1496 1522 quae
1509 1475 1583 1520 iam

896 1537 949 1573 bis
970 1539 1190 1583 praecesserat
1204 1558 1214 1576 ,
1241 1538 1277 1567 et
1299 1543 1382 1565 mox
1397 1528 1583 1574 sequitur;

896 1589 958 1626 sed
969 1587 1057 1624 nihil
1067 1592 1167 1621 muta
1180 1596 1188 1618 :
1200 1586 1245 1619 ab
1257 1586 1330 1618 alto
1340 1609 1349 1625 ,
1368 1588 1419 1617 est
1431 1593 1477 1616 cx
1489 1582 1582 1620 alto,

897 1642 1026 1679 scilicet
1040 1640 1138 1676 coelo.
1155 1637 1233 1673 Art.
1247 1636 1329 1672 Am.
1347 1635 1406 1670 lib.
1423 1645 1437 1668 1
1447 1659 1457 1677 ,
1474 1631 1561 1667 633:

897 1703 1020 1738 luppiter
1031 1709 1064 1728 ex
1075 1701 1129 1726 nlto
1142 1698 1259 1733 perjuria
1272 1696 1340 1722 ridet
1351 1699 1495 1720 amantum.

897 1752 996 1788 Ades
998 1751 1167 1796 precibus,
1180 1745 1320 1782 Colinei
1328 1751 1364 1780 et
1370 1740 1582 1779 Bersmanni

898 1803 1080 1840 editiones.
1103 1801 1235 1836 BURM.

945 1857 1018 1892 153.
1037 1856 1142 1890 Lecti
1157 1864 1283 1899 quoque
1299 1850 1451 1886 subnuba
1465 1849 1583 1882 nosln‘.

899 1908 1031 1944 Glossae
1053 1907 1101 1942 H.
1122 1903 1244 1951 steph.
1266 1907 1408 1942 Παλλακὴ
1423 1927 1432 1944 ,
1452 1901 1584 1934 Concu-

897 1963 989 2002 bina,
1004 1960 1162 1999 succuba,
1175 1959 1303 2003 pellex.
1315 1952 1461 1989 Eaedem
1470 1953 1583 1985 unicu-

897 2017 943 2049 ba
954 2015 1130 2058 μονολεχῆς.
1147 2011 1261 2045 Vetus
1277 2007 1425 2052 scriptor
1438 2003 1481 2039 de
1495 2003 1584 2049 Bap-

898 2067 1002 2101 tismo
1018 2062 1194 2106 Baebiani,
1209 2063 1304 2096 inter
1320 2061 1448 2095 Poetas
1466 2056 1585 2092 Chris·

898 2119 1011 2154 tianos
1027 2130 1046 2152 a
1063 2114 1218 2161 Georgio
1234 2112 1394 2149 Fabricio
1409 2109 1543 2146 editus:

897 2180 974 2205 Felix
986 2178 1059 2211 Apro
1068 2196 1077 2210 ,
1096 2176 1140 2202 cui
1156 2173 1232 2200 licuit
1244 2179 1364 2207 terraque
1376 2171 1490 2206 poloque

928 2227 1053 2261 Coniugis
1068 2224 1188 2250 unicubae
1204 2224 1265 2258 juge
1276 2227 1363 2248 tenere
1379 2220 1489 2247 bonum.

898 2277 1022 2324 Papias
1036 2303 1045 2320 ,
1066 2276 1214 2310 succuba
1225 2300 1234 2314 ‚
1254 2273 1388 2317 pellex,
1408 2273 1542 2311 amica5
1560 2281 1584 2303 a

897 2329 1157 2368 succumbendo,
1175 2329 1326 2360 latenter
1326 2324 1493 2369 jacendo.
1510 2321 1584 2356 Ta-

898 2396 981 2418 men
993 2383 1177 2417 Puteaneo
1189 2385 1224 2413 et
1237 2376 1439 2412 melioribus
1449 2373 1583 2420 scriptis

898 2434 1024 2472 accedo
1034 2460 1044 2478 ,
1066 2433 1103 2468 in
1129 2432 1253 2478 quibus
1272 2431 1434 2464 subnuba.
1460 2428 1584 2461 Subnu-

897 2491 958 2530 ba,
983 2494 1022 2521 ut
1036 2488 1204 2531 pronuba,
1224 2485 1366 2522 innuba,
1394 2487 1430 2515 et
1449 2478 1582 2514 similia.

899 2542 1033 2576 Hiems.
1072 2537 1164 2572 Vide
1197 2534 1367 2570 Munkeri
1397 2538 1499 2567 notas
1539 2529 1581 2565 ad

899 2594 1034 2642 Hygin.
1051 2591 1135 2626 Fab.
1153 2599 1312 2624 chxvn.

945 2661 957 2681 1
966 2647 1017 2689 54.
1042 2645 1152 2688 leges
1168 2643 1306 2676 sanciat
1317 2642 1395 2684 tJosa
1405 2649 1497 2672 suas.
1524 2633 1583 2669 Sic

895 2695 1121 2743 scribendum
1132 2706 1270 2736 censeo,
1282 2704 1356 2726 non
1372 2697 1490 2724 autem
1501 2699 1582 2721 sen—

897 2754 973 2792 tiat,
982 2757 1021 2785 ut
1029 2748 1185 2795 quidam,
1195 2758 1282 2792 quos
1289 2745 1324 2778 in
1329 2750 1382 2778 ter
1392 2742 1479 2777 liber
1487 2741 1582 2775 Vos-

896 2804 1012 2838 sianus
1029 2809 1064 2837 et
1080 2800 1166 2836 alter
1180 2797 1429 2834 Mentelianus.
1444 2795 1582 2829 Sanc-ire
