1884 3112
611 255 798 303 HERO
837 255 1184 329 LEANDRO.

1525 260 1606 304 351

183 348 295 411 nic,
316 361 429 419 puto
442 387 454 410 ,
481 349 748 418 deprensus,
770 350 836 399 nil
858 349 981 418 quod
1005 349 1250 417 querereris
1272 348 1484 410 haberes;

248 431 416 497 Meque
441 429 527 478 tibi
551 428 753 497 amplexo
777 429 901 478 nulla
923 440 1104 478 noceret
1123 428 1279 478 hiems.
1572 445 1617 479 80

187 508 316 558 Certe
341 526 426 570 ego
451 519 548 556 tum
567 518 725 556 ventos
749 506 948 555 audirem
971 505 1072 554 laeta
1095 506 1306 555 sonantes
1321 543 1332 565 ‚

250 587 312 635 Et
335 605 564 654 nunquam
587 585 785 653 placidas
809 603 903 634 esse
926 602 1301 652 precareraquas.

187 663 485 729 Quid-tamen
507 663 674 722 evenit,
700 682 780 711 cur
800 662 862 711 sis
883 661 1155 710 metuentior
1173 662 1340 710 undae?

254 743 630 810 Contemtumque
651 741 804 808 prius,
829 748 951 788 nun'c
973 758 1148 789 vereare
1172 739 1366 788 fretum?

185 819 302 869 Nam
323 819 532 877 memini,
559 837 698 886 quum
720 829 764 866 te
789 835 952 866 saevum
970 816 1173 866 veniente
1193 816 1431 883 minaxque
1576 832 1619 868 85

250 896 356 944 Non
379 895 554 953 minus,
581 906 660 943 aut
680 892 824 942 multo
844 897 942 941 'non
964 893 1137 952 minus,
1164 911 1319 960 aequor
1341 905 1445 942 erat.

189 971 346 1038 Quum
369 971 455 1020 tibi
480 971 724 1021 clamabam
745 990 755 1019 ε
776 970 840 1019 sic
864 982 915 1019 tu
940 970 1197 1020 temerarius
1221 982 1342 1030 esto,

249 1049 320 1099 Ne
342 1048 515 1098 miserae
536 1048 679 1097 virtus
703 1048 764 1096 sit
787 1060 865 1096 tua
886 1047 1033 1096 flenda
1052 1047 1177 1096 mihi.

187 1127 322 1176 Unde
339 1146 484 1176 novus
507 1127 640 1175 timor
659 1126 764 1174 hie?
792 1145 972 1193 quoque
994 1125 1072 1175 illa
1095 1126 1277 1176 audacia
1298 1127 1444 1192 fugit?

251 1206 451 1270 Magnus
470 1205 553 1254 ubi
577 1216 644 1254 est
668 1204 830 1272 spretis
854 1203 928 1253 ille
951 1216 1129 1254 natator
1151 1205 1310 1272 aquis?
1579 1235 1625 1269 9⁰

189 1285 263 1334 Sis
288 1296 436 1334 tamen
458 1283 546 1332 hoc
570 1283 749 1351 potius,
777 1287 910 1350 quam
933 1283 1056 1351 quod
1077 1284 1204 1351 prius
1225 1303 1319 1333 esse
1344 1284 1545 1334 solebas:

234 1401 288 1438 79.
294 1390 373 1427 Hic,
379 1392 475 1434 puto,
486 1389 668 1433 deprensus
676 1394 741 1423 etc.
750 1387 782 1422 A
790 1393 878 1422 tem·

189 1447 322 1488 pestate
332 1441 473 1484 scilicet,
487 1453 564 1486 quae
577 1454 623 1475 ne
639 1439 807 1488 Abydum
818 1453 878 1474 re—

190 1493 284 1529 dires
294 1501 442 1538 vetaret,
450 1507 526 1529 non
537 1494 771 1531 haberesideo
782 1493 876 1528 unde

188 1550 382 1592 querererIs,
397 1559 508 1592 quum
518 1546 619 1582 solito
631 1545 768 1592 longius
785 1544 878 1591 apud

190 1598 340 1633 amicam
350 1624 360 1643 ,
379 1605 415 1634 et
426 1598 516 1633 illius
526 1598 563 1633 in
580 1598 793 1644 amplexibus
808 1598 878 1632 im-

189 1651 331 1686 morari·
341 1657 375 1685 te
392 1657 534 1697 cogeret
549 1650 671 1685 hiems.

234 1702 288 1737 81.
314 1704 442 1738 Ventos
451 1703 603 1737 audirem
616 1705 697 1736 loela
705 1705 878 1736 sonantes.

188 1754 393 1795 Puteaneus
425 1761 461 1789 et
493 1753 672 1789 Leidensis
697 1780 706 1798 ,
750 1756 844 1788 lenta
867 1763 878 1785 .·

189 1813 295 1843 recte.
331 1801 510 1843 Sonontes.
548 1807 714 1842 Scriverii
741 1806 849 1842 codex
867 1833 877 1851 ,

189 1863 349 1894 tonantes
372 1872 382 1894 .-
408 1858 503 1905 quod
526 1872 652 1894 verum
677 1866 774 1905 puto.
793 1859 880 1893 Mox

191 1911 337 1947 mallem
346 1938 356 1956 ,
364 1914 528 1957 placidas
538 1914 586 1946 ire
591 1914 753 1956 'precarer
762 1924 880 1956 aquas.

192 1967 248 2000 Ire·
269 1964 367 2000 enim
383 1963 524 2010 proprie
543 1976 648 2009 aquas
671 1963 737 1998 dici
763 1962 882 1997 docuit

194 2017 333 2064 egregie
356 2015 600 2053 Broukhusius
629 2015 674 2050 ad
701 2015 819 2049 Tibul.
837 2026 852 2048 1
869 2041 880 2059 ,

197 2069 296 2116 Eleg.
323 2080 369 2113 x,
391 2069 436 2104 38
457 2081 466 2103 :
492 2068 553 2103 ubi
573 2067 686 2103 simile
707 2066 881 2102 mendum

194 2122 344 2164 sustulit.
370 2120 474 2156 Adde
494 2128 531 2156 et
550 2133 629 2166 quae
653 2120 818 2155 Barthius
839 2120 883 2156 ad

198 2173 322 2219 statii,
338 2173 397 2210 lib.
412 2184 474 2217 tv,
489 2172 602 2211 Theb.
623 2173 686 2220 778
699 2199 708 2217 ‚
727 2172 883 2208 adnota-

196 2226 256 2261 vit.
272 2226 404 2262 Bolus.
432 2243 478 2253 ·—
493 2225 618 2261 Minus
632 2231 726 2260 recte
744 2231 784 2259 ut
799 2226 883 2271 opi-

197 2290 267 2315 nor
292 2290 419 2323 zuzim,
441 2277 537 2323 quod
567 2280 616 2312 ine
645 2278 786 2323 proprie
816 2277 884 2313 dici

197 2342 307 2381 aquas
314 2330 432 2366 scribit
447 2330 617 2364 Burman.
630 2328 735 2374 idque
745 2329 883 2376 egregie

196 2382 371 2419 ‹locuissse
385 2381 544 2421 Broukb.
556 2381 601 2416 ad
612 2381 740 2417 Tibull.
758 2395 884 2417 verum

197 2442 250 2471 est
263 2434 407 2481 quidem
423 2433 468 2468 de
489 2433 587 2479 aquis
605 2432 797 2469 fluminum
810 2460 820 2478 ,
842 2435 884 2470 ab

197 2487 301 2523 editis
319 2487 403 2523 locis
417 2499 536 2522 versus
555 2485 723 2520 inferiora
741 2499 882 2532 semper

197 2539 466 2574 decurrentibus
481 2552 491 2580 ς
506 2543 543 2573 at
552 2550 626 2572 non
637 2550 763 2573 verum
775 2546 827 2574 est
840 2539 883 2574 de

199 2591 298 2637 aquis
316 2590 424 2626 modo
440 2590 512 2626 huc
534 2589 643 2624 modo
664 2589 746 2626 illuc
767 2591 885 2637 agitati

199 2644 316 2683 maris.
335 2644 498 2678 Lenze.
644 2675 646 2678 .

244 2695 299 2731 83.
325 2697 396 2731 Cur
405 2698 455 2730 sis
470 2698 678 2730 metuentior.
697 2695 752 2738 Ita
773 2695 885 2731 Taci-

201 2755 276 2793 tus,
295 2759 385 2793 xu1‚
404 2749 500 2784 Anu.
519 2750 572 2783 25.
588 2750 680 2784 Nero
690 2751 892 2784 metuentior

202 2805 419 2847 inposterum
437 2814 449 2847 ,-
471 2800 567 2848 quod
582 2813 646 2838 cur
663 2801 701 2837 in
721 2805 812 2837 metu
831 2804 887 2837 ia-

944 1387 1287 1423 tenttbrmutandum
1299 1396 1464 1424 censeant
1475 1390 1538 1424 viri
1548 1403 1626 1426 eru-

944 1439 1027 1490 diti,
1046 1440 1109 1486 ipsi
1124 1440 1286 1476 viderint.
1314 1441 1392 1487 Ipse
1407 1441 1555 1478 Ovidius
1566 1470 1576 1488 ,
1592 1455 1605 1478 1
1617 1471 1628 1488 ,

944 1492 1094 1528 Metam.
1111 1494 1175 1528 323
1193 1504 1201 1526 ε

978 1548 1073 1575 ...Aut
1083 1550 1128 1575 illa
1141 1551 1300 1575 metuentior
1307 1550 1361 1576 ulla
1371 1552 1495 1577 Deorum.
1514 1552 1625 1578 Hume-

988 1599 1041 1634 88.
1071 1599 1146 1634 Tua
1165 1602 1283 1634 virtus.
1306 1600 1511 1646 Propertius
1521 1627 1533 1646 ‚
1560 1613 1605 1636 111
1615 1628 1625 1645 ‚

944 1650 1042 1697 Eleg.
1061 1663 1083 1685 x
1095 1678 1104 1696 ‚
1123 1665 1144 1700 9
1161 1662 1168 1684 :

943 1711 994 1737 Illa
1006 1712 1115 1745 quidem
1129 1712 1225 1738 interea
1238 1712 1308 1738 sama
1321 1713 1434 1738 tabescet
1450 1712 1520 1739 {niani
1527 1733 1537 1746 ,

976 1762 1040 1786 Hmc
1055 1766 1103 1787 tua
1114 1770 1146 1786 ne
1156 1762 1239 1787 virtus
1249 1762 1295 1787 fiat
1311 1771 1398 1787 amara
1411 1763 1470 1788 tibi.

945 1810 1018 1845 Ubi
1037 1810 1203 1845 Heinsius
1220 1811 1340 1846 mallet
1355 1814 1440 1853 sibi,
1457 1819 1497 1846 ut
1513 1811 1548 1846 in
1567 1825 1629 1848 ora

944 1858 1070 1899 codicis
1077 1863 1221 1898 notavit.
1231 1863 1370 1898 Eodem
1377 1864 1450 1898 sere
1458 1865 1632 1900 sensuTe-

945 1923 1036 1951 rent.
1047 1916 1192 1950 Phorm.
1205 1927 1251 1950 111
1263 1930 1272 1958 ς
1293 1930 1322 1958 1;
1334 1929 1365 1951 v.
1382 1930 1395 1950 1
1404 1931 1431 1952 1.
1451 1919 1578 1952 Vereor
1588 1931 1632 1952 ne

945 1968 1238 2012 istboecfortiludo
1254 1971 1290 2002 ia
1313 1982 1446 2003 nervum
1460 1975 1632 2014 erumpat:

946 2021 1180 2065 ubisortit‘udo
1186 2021 1291 2055 etiam
1298 2021 1335 2056 in
1344 2021 1473 2056 malam
1480 2030 1614 2068 partem
1620 2049 1632 2065 ‚

947 2085 1012 2118 pro
1036 2071 1252 2121 confidentia
1271 2099 1282 2117 ,
1309 2073 1450 2109 audacia
1469 2099 1480 2118 ,
1512 2081 1552 2108 ut
1577 2074 1634 2109 hic

946 2128 1064 2159 virtus.
1080 2124 1212 2160 BURM.

991 2178 1045 2224 89.
1067 2177 1165 2211 Unde
1177 2190 1282 2212 novus
1293 2180 1394 2212 timor
1402 2179 1468 2212 hic.
1481 2177 1524 2213 In
1542 2176 1633 2213 Scri-

948 2229 1035 2264 verii
1049 2228 1167 2264 codice
1180 2237 1255 2265 erat
1269 2256 1279 2274 ‚
1297 2232 1386 2266 unde
1400 2234 1502 2265 timor
1511 2232 1633 2266 nothus

947 2284 1004 2318 hic
1020 2296 1031 2317 0·
1047 2293 1124 2328 quae
1140 2282 1243 2318 lectio
1257 2309 1267 2326 ,
1284 2283 1312 2318 si
1329 2296 1411 2318 vera
1422 2309 1431 2327 ,
1449 2295 1514 2328 pro
1530 2285 1634 2328 dege-

948 2340 1026 2371 neri
1045 2335 1217 2370 sumenda
1236 2342 1298 2370 est.
1323 2335 1378 2370 Eo
1393 2336 1501 2371 verbo
1518 2343 1553 2370 et
1570 2335 1634 2370 uti-

949 2395 1008 2423 tur
1023 2390 1061 2423 in
1077 2388 1233 2434 Epistola
1248 2398 1289 2422 1v
1301 2415 1311 2431 ,
1335 2402 1394 2422 122
1409 2398 1418 2420 ε

981 2444 1086 2471 Scilicet
1099 2448 1129 2469 ut
1140 2451 1244 2477 caperes
1257 2452 1335 2476 regna
1346 2448 1451 2476 patema
1464 2443 1568 2469 nothus.
1594 2443 1633 2479 Η.Δ

950 2494 1003 2528 Ex
1029 2493 1177 2539 Virgilio
1204 2500 1319 2539 posset
1345 2492 1508 2527 illustrari
1527 2519 1538 2537 ,
1575 2493 1635 2539 qui

949 2546 1038 2581 libro
1053 2556 1112 2589 lv,
1135 2545 1192 2580 13:

949 2601 1099 2633 Degeneres
1110 2599 1210 2624 animo·
1222 2598 1302 2624 timor
1309 2599 1405 2632 arguit.

950 2644 1022 2680 Sed
1036 2656 1111 2678 non
1123 2650 1208 2690 puto
1227 2643 1399 2679 Ovidium
1410 2646 1561 2678 timonem
1571 2656 1636 2678 no-

951 2699 1043 2732 thum
1054 2696 1175 2731 dixisse
1187 2722 1196 2740 ,
1210 2696 1366 2741 quamvis
1375 2696 1511 2736 nothum
1523 2698 1635 2729 lumen

950 2751 1055 2785 Luna
1065 2747 1223 2783 Catullus
1230 2755 1265 2783 et
1272 2748 1411 2783 Lucret.
1420 2747 1584 2783 tribuant.
1594 2748 1638 2786 Β.

994 2815 1049 2849 91.
1072 2802 1149 2837 Hoc
1170 2803 1302 2846 patros,
1333 2813 1433 2846 quam
1453 2802 1550 2847 quod.
1566 2801 1637 2835 Hic
