1884 3112
680 274 831 341 Nux
866 277 1149 323 ELEGIA.

193 413 219 423 ,,
260 362 400 429 Quod
423 364 574 414 timeat
594 384 604 414 :
631 377 778 416 tutum
801 369 943 436 carpit
963 370 1108 419 inanis
1131 370 1228 420 iter.
1270 379 1276 384 ”

193 439 268 490 Sic
291 459 375 506 ego
397 441 493 492 sola
514 455 663 510 petor,
689 445 775 495 soli
800 447 905 513 quia
928 466 1059 497 causa
1075 448 1264 515 petendi
1282 461 1380 499 est:
1578 468 1622 513 45

257 520 515 573 Frondibus
538 522 715 572 intactis
739 536 882 585 cetera
900 525 1034 574 turba
1055 527 1212 576 virent.
1314 534 1318 538 ’

193 598 308 647 Nam
331 599 454 665 quod
475 599 643 649 habent
664 601 846 652 frutices
863 602 1104 671 aliquando
1124 604 1328 672 proxima
1349 607 1485 656 nobis

258 675 516 740 Fragmina,
543 699 641 747 quae
663 679 768 730 laeso
791 681 953 731 vimine
975 681 1116 747 multa
1134 684 1300 749 jacent3

188 754 300 813 „Non
323 754 421 805 istis
445 775 524 806 sua
546 757 661 807 facta
682 771 847 808 nocent
866 777 876 806 :
902 761 1063 810 vicinia
1087 760 1253 811 damno
1272 775 1372 812 est.·

259 833 503 901 Excipiunt
525 835 616 884 ictu
639 855 742 885 saxa
764 837 944 905 repulsa
965 858 1080 887 meo.
1584 856 1626 890 50

194 910 444 978 quue‘fide
466 926 631 974 careat3
652 914 692 963 si
714 934 810 964 non
823 954 836 975 ‚
863 936 962 984 quae
981 916 1163 981 longius
1187 919 1373 977 absunt,

259 989 469 1040 Nativum
487 992 682 1042 retinent
698 994 911 1044 inviolata
935 995 1082 1045 decus.

192 1068 339 1131 Erg0‚
365 1069 404 1117 si
427 1070 623 1137 sapiant,
649 1084 694 1121 et
715 1085 910 1130 mentem
932 1075 1067 1124 verba
1090 1088 1356 1143 sequantur,

259 1146 519 1198 Devoveant
536 1149 719 1201 umbras
742 1153 946 1219 proxima
970 1172 1156 1221 quaeque
1180 1174 1313 1204 meas.

197 1223 346 1289 Quam
367 1227 578 1278 miserum
601 1241 689 1289 est,
715 1231 869 1280 odium
891 1232 1063 1282 damnis
1088 1233 1293 1283 accedere
1311 1233 1503 1294 nostris;
1586 1248 1629 1282 55

262 1304 429 1372 Meque
451 1325 570 1356 ream
593 1308 742 1358 nimiae
761 1311 1061 1378 proximitatis
1085 1312 1180 1375 agi!

196 1380 310 1441 Sed,
334 1395 470 1450 puto,
494 1405 655 1450 magna
677 1388 764 1437 mei
787 1400 855 1437 est
879 1409 1071 1456 operoso
1096 1409 1201 1438 cura
1221 1388 1397 1438 colono.

261 1461 466 1512 Invenias
480 1501 493 1522 ‚
521 1465 599 1531 qui
624 1465 699 1514 det
721 1465 787 1514 nil
809 1467 942 1526 mihi,
966 1479 1127 1534 praeter
1147 1467 1346 1516 humum.

197 1536 371 1606 Sponte
392 1559 490 1591 mea
510 1541 654 1592 facilis
678 1556 905 1594 contemto
926 1565 1085 1594 nascor
1108 1546 1157 1595 in
1180 1565 1286 1610 agro
1311 1566 1322 1595 ε

241 1700 294 1744 44.
309 1699 435 1735 Tutum
439 1704 554 1745 carpit
559 1703 674 1735 inanis
678 1704 752 1736 ilet.
763 1703 884 1736 Inanis

197 1752 311 1788 viator
322 1780 331 1794 ,
350 1753 411 1799 qui
420 1752 508 1788 nihil
519 1753 588 1788 sert
600 1767 720 1789 secum
732 1781 742 1798 ,
756 1754 851 1789 unde
863 1768 883 1790 a

195 1805 391 1842 latronibus
403 1805 604 1852 impetatur.
622 1806 761 1842 Eodem
778 1819 883 1843 sensu

197 1871 348 1901 vacuus,
367 1859 459 1904 apud
470 1859 552 1894 Juv.
570 1859 643 1895 Sat.
660 1871 682 1894 x
696 1886 706 1903 ‚
730 1873 762 1894 v.
778 1872 840 1895 22:

198 1915 320 1941 cant-bit
331 1924 431 1941 vacuus
441 1924 529 1940 comm
544 1916 643 1940 lau-one
658 1915 752 1941 viator.

244 1965 297 2008 45.
311 1964 468 2009 Soliquia
474 1977 592 1999 causa.
606 1966 884 2000 Solimihicausa

200 2017 345 2062 Neapol.
358 2015 579 2061 quiasructus
592 2030 699 2051 causa
708 2044 716 2058 ‚
735 2017 829 2052 alius.
840 2037 885 2044 —

201 2070 352 2104 Pelendi
373 2069 503 2115 passive
533 2068 619 2105 dixit
646 2082 655 2104 :
691 2082 793 2105 causa
820 2083 885 2105 cur

195 2126 305 2166 petar.
322 2121 436 2157 Emis.

245 2174 302 2218 46.
330 2175 433 2210 Viret.
458 2175 590 2215 Vitenl,
620 2174 884 2210 Ambrosianus.

246 2230 298 2274 47.
322 2229 412 2264 Nam
421 2230 514 2274 quod
523 2230 651 2263 habent
653 2228 805 2274 frutices
815 2232 885 2263 ali-

200 2282 336 2326 quando
355 2283 515 2325 pmxima
537 2285 661 2315 nostro.
707 2282 780 2317 Pro
808 2281 885 2316 all-

203 2334 352 2379 quando,
369 2332 559 2379 legendum
570 2336 786 2379 aHiquoquc,
803 2347 886 2369 cum

205 2385 339 2420 Mon-eti
353 2385 482 2420 codice.
497 2386 722 2422 Lovaniensis
739 2400 780 2422 ex
795 2400 886 2423 nos-

205 2439 267 2474 tris
276 2465 286 2483 ,
304 2446 341 2474 et
353 2439 502 2475 Fabricii
512 2440 621 2475 codex
633 2467 643 2484 ,
659 2443 819 2486 alioquin.
837 2441 885 2476 H.

248 2492 301 2535 48.
317 2494 514 2537 Fmgmina,
533 2506 621 2538 quoe,
639 2495 722 2528 laeso
731 2500 797 2528 etc.
813 2493 888 2529 Ra-

205 2556 283 2579 mos
304 2544 458 2591 intellige
472 2571 482 2589 ,
504 2546 567 2591 qui
590 2546 675 2582 saxis
697 2547 822 2592 petiti,
848 2547 904 2582 inv

204 2596 281 2632 illos
296 2609 337 2632 ex
351 2597 476 2632 arbore
493 2598 605 2633 vicina
619 2599 866 2635 resultantibus
876 2627 885 2645 ,

196 2649 315 2694 sracti
326 2650 415 2685 circa
425 2645 564 2686 Nucem
579 2651 689 2697 ipsam
706 2652 804 2697 jacen
810 2660 833 2687 t.
844 2672 889 2679 —

207 2703 306 2737 Laeso
334 2706 469 2737 vimine.
509 2704 553 2738 ln
579 2703 698 2740 codice
727 2705 859 2740 Mureti
876 2732 886 2749 ‚

205 2756 297 2799 quod
301 2757 405 2789 mullo
416 2758 540 2790 vimine
551 2758 634 2791 laesa
635 2756 763 2801 jacent
773 2769 782 2791 :
794 2756 889 2792 unde

192 2807 396 2851 ‘Heinsius‚
411 2810 555 2846 -mulilo.
586 2809 627 2845 ln
655 2809 786 2846 Lovan.
808 2812 889 2844 laeso

947 1705 1073 1737 vimine
1082 1702 1211 1741 juncta
1226 1715 1237 1737 .·
1252 1703 1344 1737 sorte
1354 1730 1362 1743 ‚
1381 1714 1446 1748 pro
1457 1728 1467 1746 ,
1484 1704 1564 1736 laeso
1579 1705 1634 1736 vi-

948 1759 1037 1790 mine
1052 1759 1172 1790 trunca
1174 1756 1303 1801 jacent
1317 1769 1327 1790 :
1344 1756 1399 1791 vel
1413 1783 1423 1800 ‚
1441 1757 1532 1801 quod
1539 1758 1634 1790 lasa·

947 1812 1077 1843 vimina
1082 1809 1346 1854 junctajaccnl
1357 1821 1370 1853 ‚·
1392 1811 1482 1843 laesoe
1504 1808 1633 1843 scilicet

949 1861 1048 1896 mihi.
1065 1861 1198 1896 Bmuu.

993 1914 1046 1947 53.
1069 1915 1162 1957 Ergo
1183 1915 1221 1947 si
1235 1916 1376 1957 sapiant
1395 1919 1460 1947 etc.
1487 1913 1528 1947 Se·
1540 1926 1635 1947 mens

947 1966 1055 2012 igitur
1067 1966 1250 2000 arboribus
1259 1965 1324 2000 illis
1335 1980 1343 2006 ;
1359 1965 1387 2000 si
1400 1964 1483 2010 quid
1496 1972 1636 2011 possent

947 2030 1072 2063 capere
1098 2025 1221 2053 mente
1246 2045 1255 2059 ‚
1300 2024 1336 2052 et
1366 2022 1511 2052 mentem
1541 2017 1633 2052 hanc

948 2071 1053 2105 verba
1068 2097 1077 2114 ,
1101 2070 1226 2115 quibus
1238 2095 1248 2113 ‚
1274 2069 1359 2116 quid
1375 2069 1527 2104 sentiant
1544 2096 1553 2114 ,
1572 2083 1635 2104 ex-

949 2124 1163 2170 primerent,
1182 2130 1416 2168 sequerentur
1428 2149 1437 2166 ‚
1458 2122 1634 2168 sapienter

948 2177 1076 2211 saciant
1089 2203 1099 2219 ‚
1126 2175 1268 2211 fatalem
1289 2175 1381 2210 hanc
1403 2175 1483 2221 ipsis
1503 2174 1635 2210 vicini-

950 2236 1060 2264 tatem
1077 2228 1173 2263 Diris
1187 2227 1406 2263 devovendo,

995 2284 1049 2316 55.
1060 2283 1182 2316 Odium
1190 2283 1324 2315 damnis
1332 2282 1494 2315 accedere
1500 2283 1635 2314 nostrek.

951 2334 1143 2380 Eleganter
1165 2334 1202 2368 in
1230 2346 1304 2368 uno
1325 2332 1443 2368 codice
1457 2360 1466 2378 ,
1492 2346 1635 2368 accres-

950 2400 1026 2422 cem
1043 2397 1053 2418 ·'
1079 2386 1124 2422 de
1142 2399 1211 2432 qua
1227 2399 1310 2421 voce
1324 2413 1334 2430 ,
1360 2398 1443 2420 cum
1471 2393 1513 2432 τῷ
1535 2399 1637 2420 acce-

951 2443 1030 2475 dere
1051 2440 1196 2475 confusa
1210 2466 1219 2484 ,
1246 2439 1326 2474 vide
1348 2439 1473 2474 Heins.
1493 2438 1537 2474 ad
1560 2439 1640 2473 val.

953 2493 1046 2529 Flac.
1076 2492 1132 2528 lib.
1153 2505 1165 2527 1
1181 2519 1190 2536 ,
1220 2494 1290 2539 178.

998 2547 1050 2581 58.
1074 2548 1242 2580 Invenias.
1266 2547 1413 2580 Vetusta
1430 2544 1538 2580 editio
1556 2557 1638 2579 cum

952 2598 1119 2634 Medieeo
1138 2597 1255 2633 codice
1270 2624 1279 2641 ,
1305 2599 1460 2632 Invenies
1475 2598 1566 2642 quod
1580 2598 1643 2630 det
1706 2630 1710 2632 ,

952 2655 1008 2687 nil
1030 2654 1137 2686 mihi:
1166 2651 1230 2686 alia
1248 2664 1330 2686 cum
1359 2651 1468 2685 tribus
1483 2650 1616 2695 scriptis
1628 2677 1637 2693 ‚

953 2708 1114 2741 Invenias
1139 2707 1271 2739 dederit
1288 2706 1370 2750 quid
1390 2706 1478 2738 mihi
1492 2714 1502 2734 .’
1521 2716 1612 2737 unus
1627 2729 1637 2745 ‚

954 2760 1110 2792 Invenies
1133 2758 1264 2791 dederit
1284 2758 1367 2801 quid
1387 2758 1474 2791 mihi
1494 2769 1503 2789 ,·
1528 2755 1611 2789 alius
1628 2781 1637 2796 ,

954 2811 1112 2846 Inveniat
1121 2822 1131 2844 :
1151 2808 1223 2844 duo
1240 2834 1249 2853 ,
1274 2810 1433 2845 lmentat
1444 2809 1569 2853 siquid
1582 2808 1642 2841 det
