1884 3112
404 791 835 849 EPISTOLAE
886 793 1629 851 DEfflMAE—oc'rAVAE
1711 836 1714 842 .

756 922 1276 984 ARGUMENTUM.
1662 919 1665 921 ’

359 1062 491 1111 Quum
513 1062 675 1115 puellam
698 1062 857 1102 Sestiam
876 1063 983 1104 Hero
1006 1063 1177 1104 Leander
1197 1062 1406 1118 Abydenus
1434 1063 1570 1103 misere
1599 1062 1721 1119 depe-

305 1133 419 1182 riret,
443 1132 510 1185 qui
532 1132 768 1173 interfluebat
784 1164 796 1184 ‚
823 1134 1118 1189 Hellespontum*
1132 1141 1360 1175 transnatare
1381 1141 1649 1189 consueverat,
1675 1140 1722 1172 ut

305 1203 398 1242 clam
414 1232 425 1252 ‚
454 1210 493 1242 et
507 1211 626 1243 noctu
646 1203 797 1257 quidem
811 1205 856 1244 ad
878 1205 1030 1245 amicam
1054 1211 1298 1259 properaret,
1326 1212 1411 1257 q'uae
1427 1201 1720 1262 dneenr'it'ineris

305 1273 498 1313 ardentem
514 1273 631 1313 facem
644 1287 664 1313 e
678 1289 819 1314 summa
832 1285 936 1315 turre
952 1275 1215 1330 praetendebat.
1237 1276 1377 1315 Exorta
1393 1289 1484 1316 vero
1503 1282 1721 1327 tempestate

304 1351 382 1382 tam
407 1357 558 1397 aspera,
578 1352 624 1383 ut
655 1344 766 1384 undis
791 1345 962 1385 Leander
988 1360 1068 1385 non
1095 1346 1248 1385 auderet
1265 1359 1344 1385 sese
1365 1344 1598 1385 committere
1614 1373 1628 1394 ‚
1653 1356 1722 1398 per

307 1413 544 1453 audaciorem
564 1423 712 1454 nautam
734 1416 828 1455 hanc
856 1418 1004 1456 Heroni
1032 1416 1242 1470 Epistolam
1271 1415 1409 1466 mittit,
1436 1429 1510 1469 qua
1535 1414 1658 1470 pelagi
1683 1419 1729 1454 et'

306 1491 511 1523 ventorum
521 1485 697 1527 saevitiam
713 1486 870 1536 incusat,
886 1495 1086 1543 rogatque,
1098 1495 1142 1526 ut
1155 1494 1299 1541 ponant
1309 1485 1472 1536 tandem,
1485 1484 1546 1527 vel
1560 1477 1723 1540 spatium

305 1552 434 1592 saltem
443 1554 651 1594 concedant
659 1554 797 1595 fretum
807 1557 1026 1609 traiicien‘di,
1039 1558 1145 1609 quod
1158 1571 1237 1596 non
1249 1556 1407 1610 amplius
1422 1555 1640 1596 stadiorum
1656 1565 1722 1594 vu

307 1622 504 1663 intervallo
536 1625 731 1678 Europam
757 1626 803 1664 ab
829 1626 917 1666 Asia
946 1626 1247 1677 discriminabat,
1274 1627 1437 1680 ideoque
1461 1624 1722 1680 Hepstadmm

309 1692 523 1734 vocabatur.
540 1717 592 1723 -—-
607 1695 737 1750 Virgil.
759 1696 904 1752 Georg.
919 1708 989 1746 111,
1007 1695 1084 1737 258
1096 1726 1107 1746 ‚
1127 1712 1210 1749 sqq.
1231 1719 1284 1726 —
1303 1698 1397 1736 Stat.
1414 1695 1535 1736 Theb.
1552 1707 1614 1747 Vl,
1629 1686 1722 1745 522.

311 1785 364 1791 --
379 1764 515 1804 Musaei
535 1765 740 1805 Grammat.
759 1765 917 1805 Carmen
942 1766 987 1806 de
1005 1768 1161 1806 Herone
1178 1775 1216 1806 et
1229 1767 1416 1813 Leandro.
