1884 3112
261 273 343 316 136
647 294 652 298 ’
713 271 1070 319 EPISTO'LA
1102 277 1189 322 VI.

253 364 451 429 Bacchus
479 383 604 422 avus;
629 365 791 414 Bacchi
813 365 991 431 conjux,
1016 366 1216 416 redimita
1239 380 1425 426 corona,
1602 385 1662 418 ηε

318 441 557 503 Praeradiat
577 441 714 490 stellis
738 442 864 506 signa
883 432 1055 492 minora
1079 443 1182 492 suis.

253 519 349 567 Dos
373 519 455 566 tibi
477 520 668 567 Lemnos
691 519 796 579 erit,
821 532 934 574 terra
957 521 1185 584 ingeniosa
1204 519 1364 569 colenti
1384 540 1395 569 :

319 596 394 643 Me
418 615 593 661 quoque
615 615 686 645 res
710 595 820 645 tales
835 597 949 646 inter
971 597 1131 646 habere
1157 608 1297 664 potes.

255 673 383 720 Nunc
406 673 534 733 etiam
558 673 708 739 peperi
728 693 738 721 ε
761 686 928 736 gratare
952 676 1191 734 ambobuS‚
1223 677 1381 723 Iason:

319 747 459 796 Dulce
481 748 589 796 mihi
613 749 799 812 gravidae
822 750 980 799 fecerat
1003 764 1154 800 auctor
1171 770 1305 809 onus3
1334 772 1336 774 ’
1606 778 1665 801 120

251 824 373 873 Felix
394 825 440 872 in
463 845 646 875 numero
672 846 848 894 quoque
873 847 990 886 sum;
1015 826 1273 894 prolemque
1295 826 1523 891 gemellam

316 903 510 966 Pignora
531 904 698 952 Lucina
718 905 823 952 hina
844 905 1012 954 favente
1027 899 1151 953 dedi.

254 1045 377 1080 melius
396 1045 585 1090 respondet
599 1051 642 1093 τῷ
658 1050 803 1090 tangunt
817 1058 826 1080 .-
841 1058 905 1092 ego
915 1072 924 1090 ,

251 1098 308 1132 illa
323 1097 446 1132 nobilis
461 1097 651 1144 Hypsipyle
664 1124 673 1141 ,
690 1098 831 1143 supplex
846 1111 927 1143 pre-

254 1163 313 1184 cor
323 1175 332 1193 ,
349 1155 388 1184 ut
402 1162 504 1194 supra
519 1148 668 1184 Phaedra
684 1150 748 1195 Ep.
761 1161 819 1184 1v:

255 1211 330 1235 Victa
346 1219 452 1243 precor,
468 1209 626 1244 genibusque
640 1210 691 1235 tuis
704 1210 798 1243 regalia
810 1210 886 1236 tendo

287 1258 404 1284 Brachia.
767 1259 866 1285 Btnut.

301 1321 314 1341 1
324 1321 336 1341 1
343 1308 372 1341 5.
381 1308 642 1353 Bacchiconjux
647 1308 801 1342 redimita
807 1319 930 1342 corona

249 1359 436 1402 proeradiat
449 1363 513 1393 etc.
540 1359 595 1394 De
612 1372 742 1395 corona
759 1358 929 1395 Ariadnes

254 1409 292 1443 in
314 1416 445 1444 astrum
459 1410 643 1446 immutata
656 1437 665 1455 ,
681 1411 729 1446 sic
739 1411 869 1458 Hygin.
882 1422 906 1445 v
917 1436 927 1454 ,

254 1461 337 1495 Fab.
359 1461 500 1496 Astron.
516 1478 534 1493 «
549 1463 635 1508 Quo
648 1471 804 1509 ternpore
823 1463 928 1499 Liber

254 1512 297 1546 ad
307 1512 431 1547 Minoa
445 1514 542 1549 venit
553 1540 562 1558 ‚
583 1515 735 1560 cogitans
747 1515 927 1550 Ariadnen

254 1564 485 1609 comprimere
496 1591 506 1609 ,
525 1565 615 1602 hanc
626 1579 793 1603 coronam
809 1566 842 1602 ei
853 1579 928 1601 mu-

254 1615 332 1649 neri
343 1615 438 1649 dedit
448 1642 457 1658 ,
475 1629 542 1661 qua
558 1617 726 1653 delectata
741 1630 814 1652 non
833 1630 928 1652 recu-

254 1667 339 1701 savit
363 1666 602 1701 conditionem
629 1670 748 1713 stupri.
791 1669 928 1704 Dicitur

255 1718 361 1752 etiam
391 1730 411 1752 a
436 1717 595 1752 Vulcano
618 1719 706 1753 sacta
721 1734 767 1755 *ex
791 1734 875 1756 auro
893 1729 930 1762 et

258 1769 384 1804 Indicis
401 1769 546 1815 gemmis
558 1796 567 1813 ,
588 1782 651 1815 per
674 1783 757 1815 quas
775 1772 929 1808 Theseus

256 1821 468 1856 existimatur
478 1821 520 1856 de
530 1822 681 1857 tenebris
690 1822 875 1870 labyrinthi
884 1825 928 1859 ad

255 1873 370 1909 lucem
379 1873 511 1908 venisse
523 1899 532 1916 ,
550 1873 644 1918 quod
657 1886 783 1908 aurum
794 1880 828 1909 et
838 1888 930 1921 gem-

258 1938 325 1960 mae
340 1925 377 1959 in
388 1924 533 1959 obscuro
544 1923 718 1971 fulgorem
729 1925 869 1961 luminis
880 1928 933 1961 es-

257 1977 428 2013 ficiebant.
446 1977 533 2012 Haec
554 1977 767 2012 existimatur
786 1979 888 2014 fuisse
911 1992 931 2013 a

258 2030 384 2064 Libero
395 2036 491 2074 patre
504 2029 598 2064 inter
608 2029 720 2064 sidera
730 2030 891 2065 collocata
902 2044 931 2064 »-

304 2096 317 2116 1
326 2079 338 2115 i
347 2095 375 2127 7.
390 2082 471 2115 >Dos
487 2083 554 2114 tibi
568 2081 712 2115 Lemnos
725 2084 799 2116 en‘t.
819 2082 878 2117 Sic
893 2082 930 2116 in

258 2133 352 2168 libris
364 2133 539 2167 Vaticanis
552 2145 559 2166 ε
570 2145 707 2178 sequor.
724 2132 829 2169 Clor.
845 2133 932 2168 Edi-

258 2186 371 2220 tiones
387 2184 596 2224 Bersrnanni
614 2191 648 2218 et
660 2184 731 2219 aliae
743 2187 819 2220 Dos
833 2188 932 2220 mibi:

258 2236 321 2272 sed
336 2236 464 2271 arridet
479 2237 646 2282 scriptura
662 2238 785 2283 optimi
807 2238 931 2273 codicis

259 2288 558 2323 Francofurtensis
576 2302 584 2323 :
602 2290 679 2323 Dos
705 2292 772 2323 tibi
789 2291 932 2324 Lemnos

262 2345 346 2376 erat.
355 2343 443 2375 Emt
448 2348 500 2375 est
509 2342 544 2375 in
558 2341 795 2376 Gronoviano.
803 2342 933 2377 BURM.

262 2414 306 2421 —-
327 2397 515 2439 Ingeniosa.
536 2394 632 2439 Quia
658 2394 727 2429 scil.
757 2395 850 2429 serax
871 2395 934 2430 soli

259 2450 427 2491 ingenium
443 2473 451 2487 ‚
483 2446 598 2481 coloni
625 2446 712 2481 votis
737 2446 934 2492 respondet.

262 2496 320 2531 Sic
332 2500 523 2540 ingeniosus
540 2509 635 2541 ager,
653 2497 743 2532 Fast.
758 2508 816 2540 lv,
832 2496 906 2540 684.

307 2562 320 2581 1
330 2548 378 2582 18.
396 2549 456 2582 Me
469 2561 593 2594 qnoque
608 2561 662 2583 res
678 2551 765 2582 tales
781 2549 935 2582 Interka-

262 2600 337 2631 bere
356 2604 464 2642 poles.
485 2601 615 2646 Magna
634 2600 691 2635 hic
707 2601 800 2635 inter
818 2600 935 2635 doctos

263 2656 380 2683 exorta
397 2652 576 2687 contentio
590 2659 654 2695 est,
666 2651 842 2697 quomodo
849 2658 937 2687 esset

261 2700 428 2745 legendus
442 2727 451 2744 ,
476 2702 612 2746 quinos
629 2702 786 2746 detinet,
809 2715 936 2737 versus.

262 2751 425 2797 lesebure
439 2753 541 2787 enim
562 2755 682 2797 (Notis
708 2755 751 2788 ad
774 2754 936 2796 Lucret.)

990 1046 1144 1080 tentabat
1157 1058 1165 1080 :
1181 1047 1241 1080 Me
1255 1059 1380 1091 quoque
1384 1046 1464 1090 jam
1480 1049 1605 1080 malt-es
1619 1049 1668 1080 in-

990 1099 1282 1142 lerhaberepotes.
1297 1097 1432 1132 Contra
1445 1097 1668 1135 Meziriacus:

991 1150 1051 1183 Me
1065 1162 1119 1187 res
1138 1151 1271 1184 dotales
1286 1155 1350 1184 etc.
1377 1148 1563 1184 Salmasius
1581 1161 1589 1183 :
1608 1150 1669 1183 Me

992 1213 1116 1245 quoqne
1138 1203 1273 1235 dotales
1291 1203 1384 1234 ιἠΙεν
1396 1207 1462 1236 etc.
1488 1199 1668 1238 Scribebat

988 1264 1077 1286 vero
1093 1251 1147 1296 Cl.
1162 1251 1348 1289 Heinsius:
1362 1254 1421 1287 Me
1434 1255 1672 1298 quonamque!

994 1306 1082 1338 tales
1091 1306 1411 1350 interhabempotes
1424 1303 1433 1339 l
1447 1304 1540 1348 Qun
1549 1310 1669 1339 tamen

992 1355 1193 1400 conjectura
1215 1356 1382 1390 siminus
1407 1355 1590 1399 arrisisset,
1609 1354 1668 1390 le·—

995 1406 1149 1452 gendum
1161 1407 1312 1453 denique
1327 1407 1562 1453 proponebat:

1027 1467 1073 1492 Me
1085 1476 1189 1501 quoquo
1200 1468 1306 1493 dotum
1320 1467 1387 1493 inter
1398 1466 1492 1496 hebere
1499 1471 1583 1500 potet.

994 1515 1066 1550 Sed
1081 1516 1118 1550 in
1135 1522 1233 1550 tanto
1252 1515 1319 1550 hoc
1334 1514 1489 1553 tumultu
1507 1514 1669 1550 redeun—

981 1567 1081 1602 -dum
1090 1575 1159 1611 est,
1173 1568 1260 1603 duce
1274 1568 1434 1615 Mycillo,
1449 1568 1492 1602 ad
1506 1567 1671 1602 Aldinam

980 1619 1179 1654 lectionem
1190 1646 1200 1663 ‚
1225 1633 1330 1664 quam
1341 1646 1350 1664 ,
1369 1620 1450 1664 quia
1467 1619 1602 1664 planior
1616 1617 1671 1653 si·-

994 1671 1068 1705 mul
1084 1678 1120 1706 et
1128 1671 1314 1717 simplicior
1326 1695 1336 1715 ,
1352 1670 1579 1705 retinuerunt
1591 1681 1672 1703 om-

993 1736 1056 1758 nes
1081 1724 1141 1769 qui
1164 1723 1302 1768 sequuti
1322 1729 1426 1765 sunt,
1458 1727 1495 1756 et
1521 1733 1585 1755 nos
1607 1719 1672 1765 ipsi

993 1776 1153 1822 religiose
1170 1774 1391 1810 servavimus.
1407 1774 1540 1808 Sensus
1555 1772 1670 1807 enim:

980 1855 983 1857 .
995 1840 1106 1872 quum
1113 1840 1153 1863 ea
1159 1828 1202 1862 sit
1210 1827 1368 1862 nobilitas
1378 1838 1554 1870 meorum,
1562 1830 1674 1859 tanta-

995 1879 1131 1925 quedos
1138 1891 1229 1922 mea,
1239 1877 1344 1924 possis
1353 1890 1427 1912 non
1436 1875 1615 1911 immerito
1620 1888 1675 1909 me

995 1943 1118 1975 quoque
1130 1958 1138 1972 ,
1157 1934 1218 1972 ob·‚v
1240 1930 1295 1964 vel
1308 1929 1485 1964 mles-talia
1501 1941 1540 1964 ac
1554 1933 1649 1963 tanta
1660 1952 1671 1969 ,

996 1987 1031 2015 te
1047 1980 1188 2026 dignam
1207 1982 1412 2016 existimare.

1053 2047 1066 2067 1
1076 2046 1125 2081 19.
1167 2034 1312 2067 Graiam
1341 2033 1503 2079 nmbobus
1516 2057 1527 2072 ,
1558 2031 1670 2064 Iason.

995 2084 1116 2119 Barth.
1139 2084 1183 2119 ad
1212 2084 1298 2119 Stat.
1322 2094 1356 2118 v.
1381 2081 1491 2117 Theb.
1521 2082 1603 2129 7133
1623 2082 1672 2116 ita

997 2136 1194 2181 distinguit:
1480 2160 1482 2162 -

1256 2187 1362 2212 Gratnre
1373 2185 1506 2210 ambobus.
1524 2185 1602 2218 Iason

1011 2237 1095 2262 Dulce
1107 2235 1171 2261 mihi
1185 2235 1294 2268 gravidae
1307 2234 1402 2259 secem
1418 2239 1507 2260 auctm-
1518 2242 1594 2258 onus.

1045 2299 1115 2320 122.
1137 2286 1284 2328 Pignora
1301 2284 1432 2318 lucina
1445 2278 1674 2326 bt'nasauenle

997 2339 1086 2372 dedi.
1103 2336 1224 2381 Quam
1240 2335 1353 2370 Graeci
1363 2336 1537 2381 Ilt'thsiam
1551 2333 1673 2378 (Ἐιλεί-

998 2397 1082 2425 eum
1097 2389 1110 2431 )
1124 2414 1134 2432 ,
1161 2387 1276 2423 Latini
1304 2387 1466 2421 Lucinam
1495 2385 1672 2421 vocabant.

998 2441 1122 2476 Plures
1145 2439 1274 2475 indicat
1303 2437 1457 2485 Ilithyias
1473 2438 1650 2473 Homerus
1661 2461 1671 2479 ,

1000 2494 1040 2528 ΙΙ.
1057 2499 1086 2529 Α
1098 2519 1107 2537 ,
1135 2505 1200 2539 270
1211 2518 1220 2535 ,
1238 2491 1389 2526 Junonis
1406 2490 1500 2526 filias.
1517 2487 1672 2523 Eustath.

1000 2545 1042 2580 ad
1059 2544 1153 2579 hunc
1162 2544 1278 2578 locum
1288 2542 1383 2578 verbi
1394 2541 1564 2587 originem
1578 2538 1673 2573 ducit

1000 2597 1042 2630 ab
1053 2598 1171 2639 ε’λεύθω,
1181 2595 1275 2640 quasi
1286 2607 1362 2639 quae
1371 2588 1673 2636 adveniantpropi-

1001 2649 1055 2682 tiae
1063 2648 1231 2693 parituris.
1239 2645 1411 2680 Eamdem
1424 2656 1494 2678 esse
1503 2641 1672 2680 Lucinam

1001 2708 1036 2735 et
1050 2701 1201 2736 Dianam
1217 2700 1332 2735 innuit
1344 2696 1572 2733 Callimachus
1582 2720 1591 2738 ‚
1612 2696 1625 2738 (
1633 2694 1672 2728 in

1000 2753 1134 2800 hymno
1149 2756 1160 2787 ε’
1165 2769 1190 2792 ις
1201 2749 1373 2797 Ἄρτεμιν)
1386 2748 1444 2784 ubi
1455 2747 1546 2783 canit
1557 2746 1669 2781 Deam

1868 1773 1884 2014 Ξ
