1884 3112
323 245 411 302 4'14

606 247 697 293 AD
742 248 1009 296 LIVIAM
1045 246 1441 297 AUGUSTAM

385 338 458 386 Sic
480 356 561 401 ego
586 350 627 387 te
646 339 850 388 reducem
871 340 1003 403 digna
1025 339 1172 390 videre
1193 340 1291 390 fui?

321 415 502 465 Caesaris
522 416 650 463 uxori
674 416 712 464 si
736 416 839 466 talia
862 417 1005 467 dicere
1028 418 1094 466 fas
1117 429 1207 476 est;

382 494 480 540 Jam
503 492 682 550 dubito,
708 513 894 557 magnos
917 514 973 544 an
994 513 1091 543 rear
1115 513 1208 543 esse
1229 494 1362 543 Deos.
1672 507 1731 548 iso

318 571 430 618 Nam
454 569 561 635 quid
584 589 666 633 ego
691 570 876 621 admisi?
899 591 995 639 quae
1017 571 1110 635 non
1135 591 1218 636 ego
1238 573 1421 623 numina
1443 573 1593 633 cultu,
1614 603 1619 609 ·

383 646 511 709 Quos
535 665 617 708 ego
641 665 733 694 non
755 648 884 714 potui
904 648 1168 714 demeruisse
1188 650 1347 700 Deos?

316 721 402 769 Hic
426 722 601 788 pietatis
623 723 799 773 honos?
819 736 941 773 artus
960 724 1202 791 amplector
1224 725 1390 775 inanes.
1408 770 1410 773 ,
1615 778 1618 780 ,

315 866 318 868 v
380 801 441 847 Et
461 812 585 848 vorat
607 800 692 849 hos
715 801 838 868 ipsos
863 801 1035 850 flamma
1057 821 1280 868 rogusque
1305 803 1463 859 sinus.>
1529 832 1532 835 >
1707 813 1715 836 ¹

314 879 434 926 Tene
456 897 538 941 ego
564 880 761 927 sustineo
782 880 980 945 positum
1003 878 1212 928 scelerata
1234 879 1416 929 videre?
1673 896 1734 932 135

377 957 497 1004 Tene
522 975 626 1005 meae
649 969 864 1023 poterunt
886 976 1105 1019 unguere,
1130 968 1251 1015 nate,
1277 959 1463 1007 manus?

315 1035 444 1083 Nunc
469 1053 551 1096 ego
575 1045 617 1081 te
638 1028 795 1082 infelix*
813 1053 1033 1082 summum
1058 1045 1273 1100 teneoque
1298 1036 1519 1101 tuorque?

377 1111 643 1178 Effingoque
666 1112 854 1160 manus?
877 1130 1041 1177 oraque
1066 1111 1118 1160 ad
1146 1131 1224 1160 ora
1244 1111 1369 1160 fero?

313 1190 443 1237 Nunc
466 1188 659 1254 primum
681 1187 920 1253 adspiceris
941 1187 1098 1236 consul
1121 1189 1349 1255 victorque
1372 1188 1573 1254 parenti?

377 1267 450 1315 Sic
474 1266 607 1324 mihi,
634 1266 696 1314 sic
718 1265 888 1314 miserae
911 1266 1094 1314 nomina
1118 1277 1239 1314 tanta
1261 1265 1430 1314 refers?

312 1411 470 1451 respectu
498 1416 580 1439 cum
611 1405 720 1447 gloria
752 1402 815 1437 filii
839 1429 849 1447 ‚
895 1402 990 1438 unde

312 1457 423 1491 multo
454 1456 562 1502 magis
597 1457 836 1500 conspicienda
865 1461 990 1489 mater.

312 1512 436 1545 Venus
454 1509 599 1555 quidem
618 1508 662 1543 ad
680 1508 876 1552 Amorem,
905 1507 989 1542 AEn.

313 1563 401 1601 libro
418 1573 432 1596 1
443 1588 452 1605 ,
470 1562 535 1596 568
551 1571 560 1592 x

311 1619 379 1644 Nate
388 1638 396 1650 ,
406 1627 468 1643 ηις-ω
479 1618 548 1643 vires
556 1637 564 1649 ‚
579 1626 635 1642 mea
645 1624 735 1650 magn·
746 1617 860 1650 potentin
874 1616 954 1641 solus.

358 1677 428 1711 129.
455 1665 596 1698 Casan's
613 1666 715 1697 uxori
725 1665 762 1697 si
774 1664 862 1696 talia
877 1663 989 1696 dttem

300 1716 366 1761 sas
390 1719 452 1750 est.
487 1715 596 1750 Recte
628 1714 768 1760 corrigit
801 1726 878 1759 quae
907 1726 989 1747 mox

310 1767 445 1802 dictura
459 1777 466 1799 τ
481 1778 554 1800 non
572 1766 668 1801 enim
683 1765 829 1801 decebat
844 1765 988 1801 Caesaris

311 1832 479 1861 uxorem,
504 1819 563 1863 qui
581 1825 619 1852 ut
634 1818 738 1853 rebus
754 1817 917 1863 politicis,
941 1818 989 1853 sic

309 1878 345 1906 et
371 1870 536 1917 religiosis
561 1877 737 1916 praeerat‚
767 1871 920 1904 dubitare
942 1882 989 1903 an

310 1925 378 1956 Dii
392 1926 534 1962 essent,
564 1922 643 1956 licet
673 1933 715 1955 eo
740 1920 989 1966 desperationis

311 1975 495 2009 adductam
520 1980 555 2008 et
579 1973 764 2016 amentiae,
799 1979 838 2007 ut
858 1972 989 2007 furenti

311 2026 479 2072 quidquid
503 2025 688 2069 exciderit,
711 2025 774 2071 ipsi
793 2023 853 2059 Dii
874 2024 988 2060 faciles

310 2079 522 2125 ignovissent
544 2090 552 2113 :
577 2077 638 2112 sed
658 2078 875 2113 occasionem
904 2091 988 2113 nac-

310 2138 364 2165 tus
387 2130 534 2166 Ovidius
557 2142 656 2165 suam
674 2129 833 2175 Augusto
854 2130 988 2175 pietatis

310 2184 440 2217 samam
454 2181 669 2228 gratulandi,
685 2194 760 2216 non
775 2181 883 2217 voluit
899 2194 989 2227 prae-

310 2234 515 2269 termittere.

360 2278 430 2320 1⁴32.
447 2287 538 2329 Quos
546 2298 607 2329 ego
618 2299 684 2320 non
690 2289 791 2330 potui
793 2298 810 2320 e
815 2292 856 2320 tc.
866 2284 987 2330 Quem

311 2338 444 2384 inquit,
461 2337 626 2372 Deorum
636 2337 793 2382 neglexi,
810 2343 850 2371 ut
863 2334 988 2372 adver-

310 2403 388 2425 sum
401 2402 541 2435 sperare
554 2393 725 2424 meruerim
735 2391 754 2425 ?

358 2442 429 2485 134.
452 2444 504 2475 Et
524 2445 624 2476 vorat
646 2443 708 2475 hos
734 2443 827 2485 ipsos
843 2442 986 2486 stamma

309 2506 468 2538 rogasque
482 2496 584 2528 sinus.
602 2492 697 2527 Libri
710 2500 843 2528 veteres
859 2507 868 2529 ε

311 2554 408 2578 Evocat
421 2553 605 2586 (velEtvoiat)
615 2552 662 2578 hos
672 2553 742 2586 ipsos
751 2552 987 2599 ssammnrogusque

410 2611 475 2627 sssss

313 2650 388 2695 Qui
403 2664 521 2686 versus
544 2650 686 2696 quidem
700 2677 711 2694 ‚
744 2651 828 2696 quin
846 2664 928 2686 vera
942 2651 986 2687 sit

311 2703 412 2737 lectio
426 2726 436 2743 ‚
453 2704 600 2738 minime
621 2702 763 2745 dubito;
789 2717 856 2739 nec
868 2708 962 2739 sinus
972 2730 982 2748 ,

311 2767 375 2806 pro
389 2768 469 2790 suus
486 2755 678 2801 legentibus
696 2757 783 2792 ullus
798 2756 983 2793 adsentior.

1617 1297 1620 1299 “
1670 1279 1733 1326 140

1057 1404 1140 1450 Agit
1156 1404 1252 1440 enim
1266 1403 1309 1439 de
1326 1403 1486 1447 artubus,
1505 1415 1591 1450 quos
1613 1406 1733 1441 manau

1057 1456 1277 1502 amplectitur
1295 1482 1305 1500 ,
1345 1468 1501 1501 quosque
1527 1456 1601 1501 jam
1636 1459 1738 1490 vom!

1055 1522 1160 1555 rogus
1180 1521 1282 1549 suus,
1314 1508 1350 1544 id
1378 1515 1452 1552 est,
1479 1507 1539 1553 qui
1561 1507 1607 1543 ad
1626 1520 1733 1543 com-

1054 1561 1232 1597 burendos
1253 1568 1405 1606 paratur.
1442 1560 1525 1596 Fuit
1548 1560 1608 1606 qui
1630 1560 1734 1595 vellet

1054 1626 1134 1648 suos
1152 1640 1162 1654 ,
1203 1613 1300 1657 quasi
1329 1608 1404 1647 illos
1435 1618 1528 1647 artus
1562 1611 1641 1657 iure
1669 1623 1733 1646 suo

1054 1677 1158 1710 rogus
1179 1664 1243 1699 sibi
1270 1665 1342 1709 jam
1366 1663 1579 1705 vindicarem
1607 1675 1733 1697 verum

1054 1717 1121 1752 hoc
1146 1716 1311 1763 argutius.
1341 1716 1464 1761 Quam
1487 1715 1584 1750 sacile
1613 1721 1731 1750 autem

1051 1770 1089 1805 in
1105 1773 1226 1804 evocat
1239 1768 1361 1803 abierit
1375 1772 1414 1802 et
1425 1770 1529 1802 vorat
1541 1793 1551 1810 ,
1576 1777 1650 1801 non
1667 1765 1732 1802 dis-

1053 1823 1159 1857 tincte
1170 1819 1249 1855 satis
1259 1826 1438 1854 exaratum
1446 1845 1455 1862 ‚
1469 1818 1524 1853 vix
1531 1817 1729 1853 dicendum.

1101 1874 1172 1908 135.
1207 1874 1296 1907 Tene
1322 1885 1385 1916 ego
1407 1873 1557 1905 sustineo
1583 1873 1730 1914 positum

1052 1927 1219 1960 scelerata
1234 1925 1356 1959 videre.
1381 1924 1534 1958 sustineo
1558 1934 1623 1968 pro
1641 1934 1730 1968 po&-

1052 1990 1150 2021 sum,
1169 1975 1309 2022 vulgare
1322 1989 1331 2018 ;
1346 1981 1382 2010 et
1389 1978 1554 2019 positum,
1571 1973 1731 2010 solemne

1053 2029 1090 2064 in
1107 2028 1267 2074 exequiis.
1282 2045 1328 2054 —-
1342 2028 1525 2062 Scelerata.
1552 2025 1728 2063 Pollutam

1051 2094 1087 2117 se
1102 2081 1217 2126 aliquo
1229 2082 1354 2115 scelere
1366 2079 1567 2124 suspicatur,
1578 2077 1728 2123 ideoque

1053 2133 1129 2180 Diis
1144 2133 1290 2168 invisam
1303 2158 1312 2176 ,
1330 2132 1390 2177 qui
1403 2131 1470 2167 tale
1480 2132 1624 2175 ριἐίαίιῖι·
1636 2141 1729 2175 ρη-

1051 2186 1164 2220 mium
1202 2183 1448 2230 rependerent.
1496 2181 1598 2217 Idem
1629 2182 1728 2217 enim

1051 2250 1140 2283 saepe
1147 2239 1332 2272 sceleratus
1342 2247 1380 2270 ac
1391 2234 1548 2280 impurus
1561 2258 1571 2278 ,
1590 2234 1706 2274 ἀνόσιος
1718 2243 1728 2265 t

1051 2290 1099 2325 sic
1114 2291 1300 2323 sceleratus
1315 2298 1452 2330 campus
1471 2285 1650 2320 dicebatur
1659 2311 1671 2329 ‚
1687 2285 1726 2319 in

1051 2354 1121 2386 quo
1138 2339 1295 2375 Vestales
1308 2365 1318 2384 ,
1348 2350 1426 2384 quae
1440 2338 1614 2373 incestum
1633 2337 1727 2373 sece-

1050 2400 1154 2437 rant,
1184 2390 1474 2430 defodiebantur;
1498 2396 1534 2424 et
1562 2390 1728 2423 scelerata

1051 2447 1159 2481 Porta
1173 2443 1405 2480 Carmentalis
1414 2469 1424 2486 ,
1440 2441 1533 2477 unde
1543 2455 1601 2477 sex
1615 2449 1650 2476 et
1660 2448 1728 2477 tre-

1050 2497 1144 2533 centi
1154 2497 1251 2532 Fabii
1261 2523 1271 2540 ‚
1289 2508 1372 2531 cum
1381 2494 1561 2530 clientium
1576 2493 1727 2528 millibus

1051 2549 1225 2594 quinque,
1238 2546 1400 2582 adversus
1410 2547 1601 2581 Hetruscos
1609 2557 1726 2591 egres-

1050 2600 1096 2642 si,
1123 2598 1312 2645 pugnando
1336 2597 1510 2648 interfecti
1526 2603 1618 2633 sunt.
1644 2595 1724 2631 Vid-

1051 2652 1121 2686 Tit.
1137 2651 1209 2686 Liv.
1226 2662 1255 2685 11
1266 2653 1347 2699 ‚.49

1097 2705 1168 2746 140.
1190 2705 1336 2738 Nomina
1350 2706 1448 2736 lanta
1462 2700 1587 2746 refers!
1614 2688 1720 2734 Con-

1048 2756 1177 2792 sulatus
1199 2756 1344 2803 quippe,
1369 2762 1404 2791 et
1427 2752 1627 2791 Germanici
1651 2764 1718 2788 co-
