1884 3112
349 265 434 309 310

758 265 1110 312 EPISTOLA
1152 268 1327 318 XVII„

411 356 503 420 Qui
527 356 588 405 sic
610 355 829 415 intrabas,
856 357 1044 424 hospes,
1065 377 1121 406 an
1142 358 1306 417 hostis,
1331 360 1460 409 eras?
1706 387 1746 410 m

345 434 436 481 Nec
458 433 631 490 dubito,
657 434 765 500 quin
787 435 900 492 haec,
928 453 1063 501 quum
1086 435 1144 482 sit
1167 446 1255 483 tam
1274 434 1414 500 justa,
1438 446 1618 485 vocetur

407 509 589 558 Rustica
608 510 773 574 judicio
798 523 948 560 nostra
972 511 1146 578 querela
1167 523 1258 560 tuo.

344 586 525 635 Rustica
549 587 631 635 sim
654 606 777 646 sane,
805 588 909 637 dum
931 608 1024 637 non
1042 588 1181 637 oblita
1203 589 1386 656 pudoris
1406 608 1418 647 ;

405 665 611 731 Dumque
636 676 763 713 tenor
783 666 881 714 vitae
904 666 962 714 sit
984 667 1077 714 sine
1100 665 1198 714 labe
1215 667 1345 737 meae!

342 738 391 788 Si
411 760 504 789 non
527 753 594 789 est
613 742 716 790 ficto
739 742 887 791 vultus
907 743 1015 790 mihi
1040 742 1178 790 tristis
1201 743 1248 790 in
1270 760 1372 801 ore;
1706 758 1745 791 15

403 817 495 865 Nec
518 817 647 866 sedeo
673 818 794 866 duris
814 830 937 866 torva
959 817 1232 884 superciliis;

339 893 471 941 Fama
494 888 637 942 tamen
660 892 772 942 clara
795 905 887 942 est:
908 905 952 942 et
974 894 1116 942 adhuc
1139 895 1232 943 sine
1257 894 1435 943 crimine
1453 894 1540 942 vixi
1557 913 1587 941 :-

405 971 464 1017 Et
486 968 660 1017 laudem
684 970 736 1018 de
759 989 828 1019 me
852 970 1001 1019 nullus
1024 969 1194 1019 adulter
1215 970 1363 1019 habet.

342 1047 446 1109 Quo
469 1047 607 1108 magis
631 1047 842 1111 admiror,
868 1066 963 1113 quae
987 1047 1045 1095 sit
1065 1048 1224 1096 fiducia
1246 1048 1403 1114 coepti;

403 1123 623 1189 Spemque
648 1114 737 1171 tori
760 1123 926 1172 dederit
950 1143 1045 1190 quae
1069 1124 1154 1171 tibi
1178 1142 1307 1172 causa
1328 1123 1427 1172 mei.
1701 1150 1743 1172 20

337 1200 430 1255 An,
458 1201 561 1266 quia
582 1201 669 1249 vim
694 1201 826 1249 nobis
847 1201 1100 1268 Neptunius
1123 1200 1271 1250 attulit
1292 1201 1444 1260 heros,

402 1278 547 1344 Rapta
570 1278 720 1337 semel,
746 1278 897 1328 videor
919 1278 991 1329 bis
1017 1287 1193 1346 quoque
1218 1278 1351 1343 digna
1373 1279 1468 1346 rapi
1483 1280 1508 1345 i*>

379 1435 391 1456 1
398 1422 428 1457 3.
445 1424 588 1458 Rustica
598 1427 662 1458 sim
671 1436 753 1459 sane
763 1431 826 1460 etc.
843 1425 1005 1471 Ineptam

333 1487 367 1508 se
378 1500 387 1517 ‚
411 1481 445 1508 et
463 1475 556 1519 quasi
575 1476 726 1511 tironem
742 1477 842 1523 fingit
858 1479 894 1512 in
910 1485 982 1513 arte
992 1504 1003 1522 ,

333 1526 431 1570 cujus
446 1527 644 1572 magistram
659 1542 694 1563 se
707 1555 716 1572 ‚
731 1535 766 1563 et
781 1529 922 1574 quidem
937 1543 1002 1564 ex—

330 1578 558 1622 pertissimam
569 1605 578 1622 ‚
591 1592 671 1613 mox
685 1579 911 1625 profitebitur.
929 1582 1002 1617 Nec

331 1629 530 1663 innotatum
571 1637 721 1665 transeat
751 1631 844 1676 quod
876 1632 971 1667 addit
989 1659 999 1677 ,

329 1683 406 1715 dum
421 1694 486 1715 non
500 1684 605 1716 oblita
614 1684 752 1725 pudoris·
765 1683 774 1716 ‚¹

381 1733 429 1767 16.
440 1735 511 1768 Nec
520 1736 629 1768 sedeo.
648 1735 774 1775 Vidcor‘,
789 1735 998 1780 Puteaneus‚

330 1797 394 1830 pro
418 1784 550 1819 diversa
576 1785 722 1820 lectione
738 1812 747 1830 ,
776 1793 810 1820 et
835 1800 891 1821 sex
921 1788 975 1822 alii
989 1802 998 1830 ;

329 1836 423 1880 quod
430 1837 537 1881 magis
546 1837 671 1881 placet:
680 1850 763 1871 nam
771 1840 886 1873 sedere
894 1853 1000 1884 quem

328 1887 384 1922 hic
407 1888 523 1922 locum
545 1888 667 1923 habeat
692 1902 766 1923 non
788 1890 911 1934 video,
934 1892 999 1926 nisi

324 1940 466 1975 sortasse
483 1940 654 1985 scripserit
670 1942 761 1977 Naso
777 1954 784 1976 :
802 1956 864 1977 nec
886 1948 976 1988 rtgreo
988 1972 996 1985 ,

326 1993 418 2026 dunb-
432 1996 522 2026 torva
534 1996 720 2037 supercffi'is
732 2007 741 2028 .·
754 1994 858 2040 idque
875 1996 999 2042 opinor

324 2056 447 2078 verum
469 2057 550 2079 esse.
574 2047 684 2079 Rideo
700 2059 763 2091 pro
778 2050 868 2091 n‘geo
883 2049 998 2094 scrip-

324 2103 415 2130 serat
430 2096 556 2130 librarii
572 2109 696 2132 manus
713 2098 873 2134 aberrans
888 2114 897 2141 ;
916 2100 998 2135 hinc

323 2149 423 2181 sedeo
449 2148 490 2181 ab
513 2148 584 2182 aliis
608 2149 731 2184 criticis
743 2175 752 2193 ‚
776 2151 818 2184 ab
843 2151 914 2186 aliis
937 2155 996 2186 vi·-

322 2201 405 2232 dcor
415 2199 553 2233 sactum.
572 2200 705 2236 HEINS.
713 2202 857 2237 —Nulli
873 2203 997 2238 harum

324 2251 613 2286 emendationum
643 2253 812 2288 calculum
848 2254 994 2300 adjicere

322 2316 471 2347 possum.
479 2304 570 2338 Nam
580 2311 738 2339 constans
748 2305 914 2340 librorum
923 2306 996 2352 plu-

321 2354 494 2388 rimorum
517 2362 552 2389 et
574 2356 788 2400 optimorum
812 2358 912 2392 lectio
928 2384 937 2401 ,
959 2365 994 2393 et

321 2405 423 2439 simul
442 2407 531 2440 ratio
547 2410 580 2442 τὸ
596 2409 695 2441 sedeo
710 2414 828 2442 tuetur
841 2410 995 2454 :aptissi-

322 2469 421 2490 mum
444 2458 539 2491 enim
563 2459 752 2493 castitatem
767 2460 928 2504 jactanti,
957 2468 992 2495 et

320 2508 487 2552 matronis
500 2509 629 2554 pudicis
649 2523 684 2545 se
705 2513 897 2547 accensenti
915 2513 993 2547 He-

317 2558 418 2603 lenae,
431 2567 482 2594 est
492 2561 646 2596 verbum.
657 2563 816 2608 Propert.
830 2575 876 2608 11,
895 2564 990 2611 Eleg.

320 2621 377 2652 xx,
400 2612 437 2645 13
455 2625 463 2646 :

317 2669 374 2695 Nec
386 2669 449 2694 mihi
463 2671 515 2703 jam
527 2670 609 2696 fastus
623 2681 750 2706 opponere
761 2674 852 2708 qumrit
867 2674 969 2708 iniquos
980 2694 989 2705 ,

347 2718 403 2743 Nee
415 2718 478 2743 mihi
489 2720 599 2751 ploranti
607 2721 675 2746 lenta
686 2723 774 2747 sedere
785 2728 877 2756 potest.
888 2723 986 2748 Bonu-

362 2779 374 2800 ι
381 2766 410 2801 8.
426 2768 475 2801 Et
481 2770 612 2803 laudem
626 2771 667 2805 de
678 2783 729 2805 me
738 2774 848 2806 nullus
857 2773 993 2806 adulter

1068 1428 1178 1464 habet.
1199 1426 1231 1460 A
1248 1426 1407 1462 castitatis
1425 1423 1526 1462 laude
1540 1425 1695 1472 primum
1705 1439 1745 1469 se

1068 1477 1291 1512 commendat
1308 1504 1319 1522 ‚
1346 1490 1420 1513 non
1446 1478 1567 1524 ignara
1593 1478 1742 1522 scilicet,

1067 1543 1173 1574 quam
1197 1537 1321 1575 potens
1350 1530 1432 1566 inde
1458 1530 1550 1576 apud
1578 1530 1743 1578 Paridem

1066 1580 1343 1626 irritamentum,
1364 1583 1423 1627 qui
1443 1582 1576 1628 primus
1599 1582 1743 1618 illaesum

1065 1631 1177 1668 adhuc
1192 1633 1335 1678 pudoris
1349 1633 1475 1668 florem
1491 1633 1670 1669 delibaret.

1111 1697 1160 1731 ¹9·
1183 1686 1324 1733 Fiducia
1333 1690 1449 1730 coepto.
1470 1687 1582 1730 Caepti
1591 1686 1742 1720 maxima

1063 1747 1141 1780 pars
1167 1735 1325 1771 codicum
1347 1750 1359 1771 t
1378 1736 1439 1772 sed
1473 1741 1582 1782 carpto
1607 1737 1740 1771 firmari

1063 1795 1201 1833 posset,
1230 1789 1322 1834 quod
1348 1789 1507 1825 videatur
1533 1789 1589 1825 hic
1619 1796 1740 1825 auctor

1064 1839 1228 1884 Epistolae
1253 1841 1406 1876 imitatus
1432 1842 1623 1875 Maronem
1643 1867 1654 1885 ‚
1679 1841 1740 1886 qui

1062 1890 1118 1925 lib.
1140 1903 1170 1926 11
1181 1918 1192 1936 ,
1207 1892 1348 1927 AEneid.
1368 1895 1408 1939 75
1424 1904 1432 1927 :
1454 1894 1534 1937 Qua
1549 1894 1740 1945 sitfiducia

1062 1948 1181 1988 capto,
1203 1952 1243 1979 ut
1267 1944 1409 1990 quidam
1426 1945 1484 1980 illo
1500 1946 1576 1980 loeo
1597 1945 1741 1991 legunt:

1061 1995 1122 2030 sed
1149 1996 1272 2031 melius
1298 2004 1350 2032 est
1374 2001 1497 2042 caepti‚·
1526 2005 1562 2032 et
1571 1999 1738 2043 fiduci-am

1060 2061 1143 2082 cum
1161 2049 1313 2095 genitivo
1332 2050 1500 2084 construit
1512 2050 1641 2085 Noster
1659 2061 1739 2095 pas-

1061 2100 1149 2143 sim3
1167 2108 1202 2136 et
1217 2100 1311 2135 idem
1326 2101 1448 2146 virgil.
1463 2101 1519 2136 lib.
1536 2112 1572 2146 1,
1592 2102 1651 2136 132
1662 2113 1673 2135 ε

1059 2155 1176 2180 Tantane
1187 2163 1233 2180 vos
1245 2155 1342 2188 generis
1355 2155 1439 2180 tenuit
1442 2156 1552 2191 fiducia
1563 2157 1653 2182 ventri.
1669 2157 1703 2183 B.

1103 2217 1156 2237 21.
1177 2205 1365 2247 Neptunius
1375 2206 1478 2239 hams.
1490 2204 1663 2250 Theseus,
1676 2205 1739 2252 qui*

1058 2254 1214 2300 Neptuni
1229 2269 1265 2291 se
1281 2256 1393 2291 filium
1407 2256 1622 2302 praedicabat.
1648 2258 1736 2297 He,-

1058 2306 1174 2342 lenam
1197 2307 1338 2353 quidem
1354 2316 1515 2355 rapuerat
1526 2335 1536 2353 ,
1553 2310 1666 2355 prima
1679 2309 1735 2344 vix

1058 2366 1156 2394 aetate
1179 2359 1365 2395 florentem
1378 2374 1386 2402 ;
1401 2361 1463 2396 sed
1483 2373 1530 2395 ne
1546 2361 1627 2407 quid
1649 2361 1733 2395 inde

1059 2411 1141 2445 mali
1167 2412 1265 2447 Paris
1279 2412 1493 2458 suspicetur,
1510 2426 1547 2448 se
1570 2415 1732 2453 rediisse,

1056 2463 1159 2504 nibil,
1176 2468 1315 2508 excepto
1339 2467 1472 2506 timore,
1484 2476 1639 2509 passam,
1660 2463 1731 2498 ad-

1055 2513 1107 2548 dit
1131 2515 1288 2560 protinus
1305 2516 1422 2550 :sama
1454 2516 1580 2561 quippe
1606 2516 1730 2550 fratres

1054 2565 1130 2611 ejus
1140 2569 1303 2601 intactam
1317 2566 1566 2602 Lacaedemona
1575 2566 1731 2601 reduxis-

1053 2630 1089 2651 se
1104 2631 1113 2659 ;
1132 2619 1271 2653 testibus
1285 2618 1430 2653 Diodor.
1447 2626 1483 2653 et
1500 2617 1671 2653 Plutarch.
1689 2618 1727 2652 iu

1054 2669 1158 2704 Thes.
1182 2670 1263 2706 Non
1288 2670 1475 2705 defuerunt
1499 2676 1617 2703 tamen
1631 2695 1640 2713 ,
1666 2669 1727 2714 qui

1053 2720 1270 2766 Iphigeniam
1292 2735 1331 2755 ex
1361 2722 1498 2756 Helena
1523 2728 1559 2755 ct
1588 2721 1726 2755 Theseo

1050 2780 1255 2818 prognatam
1267 2773 1542 2809 asseveraverint.
1552 2772 1631 2808 Vid.
1640 2771 1724 2806 Aut.
