1884 3112
347 253 406 298 36

804 218 1155 300 Ems'roLA
1194 258 1265 302 11.

407 342 572 408 Oscula
594 362 672 411 per
692 342 848 406 longas
867 345 1048 409 jungere
1071 365 1221 412 pressa
1242 366 1385 397 moras
1411 368 1422 397 :

343 424 542 487 Cumque
565 420 652 468 tuis
675 419 861 467 lacrimis
883 419 1078 469 lacrimas
1101 423 1366 473 confundere
1388 437 1580 486 nostras;
1700 444 1744 488 95

406 497 628 562 Quodque
651 495 766 544 foret
787 494 892 544 velis
915 515 1018 545 aura
1040 498 1249 555 secunda,
1275 502 1398 566 queri
1423 523 1435 551 :

340 575 400 623 Et
421 573 530 622 mihi
553 572 776 621 discedens
800 591 1002 639 suprema
1024 573 1164 622 dicere
1187 594 1312 634 voce,

403 650 570 717 Phylli,
594 650 684 699 face
708 661 928 716 exspectes
952 650 1293 716 Demophoonta
1318 663 1454 700 tuum.

340 731 617 795 Exspectem,
644 727 722 793 qui
743 745 812 775 me
835 745 1061 793 nunquam
1082 727 1254 785 visurus
1278 729 1440 778 abisti?

402 807 662 870 Exspectem
683 801 840 869 pelago
863 802 957 851 vela
978 815 1133 866 negata
1155 806 1286 854 meo?

1684 833 1745 860 100

336 882 397 929 Et
418 892 562 929 tamen
585 890 801 945 exspecto.
829 878 997 928 Redeas
1019 880 1153 928 modo
1177 900 1298 930 serus
1321 883 1481 931 amanti
1506 902 1517 930 ε

402 959 467 1005 Ut
489 968 565 1005 tua
586 956 644 1004 sit
667 955 763 1004 solo
788 967 982 1022 tempore
1005 955 1128 1023 lapsa
1148 956 1269 1005 fides.

339 1032 462 1098 Quid
484 1051 639 1098 precor
661 1030 842 1079 infelix?
861 1032 949 1096 jam
973 1044 1015 1081 te
1039 1045 1158 1081 tenet
1181 1033 1313 1082 altera
1339 1034 1502 1099 conjux

399 1107 623 1167 Forsitan,
650 1119 715 1166 et,
738 1108 869 1156 nobis
894 1108 971 1175 qui
991 1108 1102 1159 male
1126 1109 1249 1168 favit,
1276 1128 1410 1158 amor.

379 1223 432 1270 94.
459 1223 593 1257 Oscula.
614 1221 745 1256 Mureti
762 1233 771 1256 ε
791 1222 937 1265 Jungere
948 1234 1015 1265 per

335 1275 456 1317 longas
483 1275 582 1307 basia
605 1285 727 1317 pressa
749 1285 868 1306 moras.
891 1270 962 1306 Sed
990 1284 1010 1306 a

334 1337 418 1359 voce
441 1327 538 1359 basia
561 1323 710 1359 studiose
736 1323 898 1358 abstinuit
920 1322 1011 1358 Ovi-

335 1376 429 1420 dius,
446 1388 561 1421 neque
577 1375 615 1410 in
631 1375 791 1410 omnibus
807 1375 882 1420 ejus
895 1374 1010 1420 operi-

334 1427 399 1463 bus
414 1427 469 1462 vel
483 1427 590 1462 semel
606 1426 754 1461 occurrit
771 1452 780 1470 ,
803 1425 869 1460 nisi
884 1425 1011 1471 nequi-

333 1479 381 1515 tia
411 1478 630 1513 librariorum
647 1503 657 1520 ,
690 1476 750 1522 qui
779 1489 857 1511 eam
886 1479 1011 1511 osculis

335 1542 424 1576 saepe
454 1529 571 1575 ejectis
592 1528 852 1563 substituerunt.
878 1527 1009 1562 Romu.

335 1599 379 1611 ν-
398 1583 524 1616 Oscula
540 1598 584 1607 —-
595 1591 725 1624 pressa.
741 1579 862 1613 Presse
877 1577 982 1612 infixa
997 1603 1008 1621 ‚

336 1632 448 1679 qualia
462 1631 574 1667 solent
595 1643 666 1665 esse
683 1630 876 1665 amantium
892 1655 902 1674 ,
933 1641 1010 1674 quae

336 1697 409 1719 non
417 1686 545 1728 pressis
561 1689 698 1717 tantum
715 1681 828 1725 labiis,
843 1681 904 1715 sed
921 1681 1010 1714 den-

334 1736 426 1770 tibus
435 1761 444 1778 ,
457 1734 661 1780 plerumque
672 1759 681 1776 ,
699 1739 734 1768 et
743 1732 797 1767 vel
805 1732 878 1778 ipso
890 1744 1010 1767 morsu

334 1787 543 1823 inseruntur.
559 1786 647 1820 Hor.
661 1796 675 1818 1
687 1811 696 1829 ,
715 1783 786 1819 od.
806 1784 844 1818 13
855 1810 864 1827 ‚
881 1797 912 1818 v.
933 1797 968 1818 11
984 1796 994 1819 z

623 1863 630 1870 .
638 1862 646 1870 .
655 1862 662 1869 .
681 1845 740 1870 Sive
751 1852 816 1877 puer
823 1843 911 1868 furens

369 1887 653 1922 Impressitmemorem
669 1885 744 1909 deme
757 1884 835 1909 labris
846 1889 942 1909 notam.

377 1936 431 1984 98.
454 1938 554 1970 Face.
581 1936 652 1968 Fac
667 1932 771 1967 editio
788 1945 839 1978 pr.
858 1939 894 1967 et
909 1930 1011 1966 multi

335 1987 469 2034 scripti;
486 1986 546 2022 sed
562 1985 661 2020 male.
678 1985 767 2019 Fast.
783 1995 817 2028 1,
835 1984 915 2030 287:

336 2048 400 2075 June
413 2066 422 2078 ,
437 2047 493 2072 sace
500 2052 605 2072 aeternos
616 2053 705 2078 pacem
714 2062 723 2074 ‚
739 2044 861 2078 pacisque
869 2043 1008 2069 ministros.

335 2109 368 2133 v.
382 2095 466 2143 590:

359 2149 393 2174 Et
400 2147 456 2172 sace
465 2151 493 2170 ut
501 2145 593 2170 emtori
601 2145 679 2170 verba
688 2145 788 2170 dedisse
799 2145 881 2177 juvet.
901 2145 1007 2170 Hnms.

383 2207 457 2230 100.
471 2196 672 2238 Ele-spectem
686 2200 748 2228 etc.
759 2219 768 2237 ,
783 2191 894 2227 vivida
909 2199 943 2227 et
959 2192 1009 2226 in-

337 2246 510 2293 dignantis
520 2245 656 2279 iteratio
666 2271 675 2288 ,
693 2244 748 2279 cui
756 2256 889 2278 novum
903 2244 1007 2278 etiam

335 2299 445 2333 robur
460 2296 615 2331 additum
633 2308 674 2330 ex
687 2296 757 2341 ipsa
772 2295 1008 2340 interrogandi

337 2351 458 2386 forma.
470 2347 540 2384 Sed
553 2360 656 2392 quam
671 2350 796 2381 varium
807 2351 844 2380 et
851 2348 1010 2380 mulathe

336 2413 467 2445 semper
467 2398 618 2444 fi’mina!
635 2399 686 2433 Ut
701 2411 810 2444 prona
824 2410 904 2431 mox
917 2397 1009 2432 redit

339 2453 380 2488 ad
397 2452 552 2486 mitiores
567 2450 673 2485 animi
687 2450 820 2485 sensus!
838 2451 888 2483 Et
898 2453 1008 2483 lamen

335 2502 514 2548 exspecto!
530 2501 534 2503 ⁴

385 2568 456 2589 102.
479 2556 634 2599 Tempore
644 2555 742 2597 lapsa
737 2555 840 2598 fides.
855 2551 908 2586 Ut
922 2551 1008 2586 fides

337 2613 397 2641 tua
419 2606 551 2639 labatur
564 2632 573 2648 ‚
602 2604 637 2639 id
659 2610 709 2639 est
724 2630 733 2647 ‚
759 2602 910 2646 deficiat,
934 2602 1006 2637 solo

338 2657 502 2702 temporis
531 2656 710 2690 intervallo
730 2681 739 2698 ,
788 2667 860 2688 non
891 2661 1007 2688 autem

335 2709 457 2753 reipsa.
479 2707 596 2742 Serius
611 2706 731 2740 redeas
747 2712 851 2750 quani
867 2717 885 2739 a
900 2712 933 2739 te
950 2705 1008 2749 ju—

337 2766 453 2795 ratum
467 2758 549 2803 fuit,
566 2757 626 2793 sed
641 2757 747 2793 serius
760 2757 870 2802 ocius,
888 2756 1006 2793 redeas

1073 1228 1201 1257 tamen.
1214 1240 1257 1249 —
1269 1223 1393 1267 Lapsa.
1403 1221 1507 1257 Unus
1515 1221 1621 1258 codex
1630 1228 1742 1267 lassa,

1074 1273 1157 1308 alius
1172 1276 1272 1314 laxa,
1295 1273 1350 1307 vel
1370 1276 1463 1308 loesa.
1479 1273 1651 1323 Porphyr.
1667 1275 1743 1311 Pa·—

1073 1336 1150 1370 neg.
1168 1323 1210 1359 ad
1229 1322 1409 1360 Constant.

1240 1402 1247 1408 .
1255 1402 1262 1409 .
1275 1402 1282 1408 .
1295 1385 1371 1410 Curis
1383 1384 1431 1409 sub
1442 1384 1536 1410 Martis
1549 1384 1647 1419 iniqui,

1167 1430 1256 1456 Nauis
1267 1431 1331 1456 Ioeta
1342 1430 1414 1456 fides.
1586 1431 1689 1458 Heum-

1071 1477 1129 1512 Sic
1145 1486 1179 1512 et
1198 1479 1323 1513 Horat.
1343 1493 1368 1513 1.
1383 1478 1454 1515 Od.
1470 1478 1512 1514 33
1524 1505 1534 1524 ,
1550 1492 1581 1515 v.
1596 1479 1639 1515 3:

1275 1556 1282 1564 .
1291 1556 1297 1563 .
1307 1557 1314 1563 .
1335 1539 1388 1564 Cur
1399 1538 1447 1564 tibi
1454 1539 1543 1571 junior

1136 1577 1213 1604 Loexa
1226 1579 1357 1612 praeuiteat
1367 1579 1425 1604 fide.

1071 1625 1236 1661 Francius
1254 1627 1358 1661 etiam
1375 1626 1511 1670 mallet,
1533 1632 1572 1662 et
1582 1630 1641 1663 lita
1656 1635 1719 1665 etc.
1732 1656 1743 1674 ‚

1073 1684 1113 1712 ut
1126 1684 1177 1712 est
1193 1678 1229 1712 in
1243 1678 1447 1723 quibusdam
1461 1679 1603 1725 scriptis.
1616 1680 1746 1716 Bunm.

1118 1729 1190 1763 103.
1204 1731 1284 1763 Jam
1301 1734 1334 1764 te
1350 1734 1451 1765 tenet.
1467 1730 1576 1766 Solita
1589 1731 1747 1766 mulieri-

1071 1779 1135 1814 bus
1148 1779 1292 1826 loquela.
1309 1781 1367 1816 Sic
1378 1782 1554 1828 Penelope
1567 1795 1580 1816 1
1593 1808 1602 1826 ,
1619 1782 1683 1829 Ep.
1695 1784 1747 1829 75.

1072 1831 1277 1867 Notandum
1285 1840 1401 1867 autem
1412 1840 1463 1868 est
1472 1846 1540 1879 qua
1550 1841 1621 1869 arte
1633 1847 1746 1870 unum

1071 1896 1210 1928 semper
1220 1885 1440 1929 querelarum
1451 1898 1559 1931 genus
1566 1886 1749 1921 variaverit

1073 1933 1220 1970 Ovidius
1237 1949 1246 1978 ;
1280 1935 1457 1980 quomodo
1480 1936 1559 1972 alias
1580 1936 1748 1982 loquendi

1070 1986 1199 2021 formas
1213 2012 1222 2030 ,
1253 1987 1333 2022 alios
1355 1987 1484 2022 colores
1506 2000 1573 2023 nec
1595 1988 1746 2024 diversos

1072 2043 1190 2071 tamen
1213 2037 1255 2072 ad
1278 2038 1400 2073 eadem
1419 2051 1507 2084 saepe
1530 2039 1652 2085 sepius
1671 2039 1745 2074 ite-

1070 2089 1180 2123 randa
1191 2115 1200 2133 ‚
1219 2089 1431 2133 adhibuerit,
1449 2090 1672 2136 praestigiator
1683 2092 1745 2127 mi-

1071 2139 1196 2174 rificus.
1222 2157 1266 2167 ·—
1288 2141 1411 2175 Altera
1433 2142 1566 2186 conjux.
1595 2141 1746 2177 Videtur

1071 2190 1221 2225 alludere
1260 2191 1303 2226 ad
1341 2191 1513 2227 Laodicen
1544 2193 1715 2239 virginem
1731 2220 1743 2239 ‚

1071 2255 1176 2287 quam
1187 2242 1392 2278 Plutarchus
1404 2243 1508 2278 tradit
1522 2245 1610 2279 clam
1623 2245 1747 2292 cogni-

1071 2301 1143 2328 tam
1159 2294 1440 2340 Demophoonti,
1465 2295 1675 2331 Munichum
1693 2296 1744 2331 fi·-

1069 2344 1156 2379 lium
1171 2346 1325 2391 genuisse
1341 2360 1349 2382 :
1366 2347 1420 2382 alii
1435 2346 1629 2382 Gallionem
1641 2348 1743 2383 fuisse

1069 2396 1233 2431 scribunt.
1250 2398 1427 2433 Vorscus.
1453 2398 1545 2443 Quae
1561 2398 1616 2434 hic
1639 2399 1745 2434 Vols-

1070 2461 1129 2482 cus
1151 2447 1202 2482 ‘de
1236 2448 1382 2484 Laodice
1401 2475 1411 2492 ,
1443 2456 1479 2484 et
1509 2449 1580 2484 filio
1613 2450 1743 2485 Demo-

1070 2499 1231 2545 phoontis
1255 2500 1424 2535 Municho
1446 2514 1486 2535 ex
1507 2501 1562 2535 illa
1585 2508 1669 2536 nato
1683 2515 1743 2536 re—

1070 2552 1156 2594 sert,
1179 2564 1218 2586 ea
1234 2559 1420 2596 antequam
1441 2552 1478 2586 in
1498 2551 1683 2587 Thraciam
1708 2561 1745 2589 et

1071 2601 1113 2635 ad
1132 2602 1314 2649 Phylliden
1330 2602 1476 2637 venisset
1487 2602 1721 2649 Demophoon
1732 2630 1742 2648 ,

1071 2653 1279 2687 acciderant.
1302 2653 1422 2697 Quam
1443 2650 1593 2689 fabulam
1614 2655 1744 2702 prolixe

1070 2704 1174 2739 tradit
1192 2705 1397 2739 Parthenius
1421 2705 1457 2739 in
1482 2706 1627 2742 Eroticis
1649 2719 1658 2742 t
1678 2707 1743 2742 nisi

1071 2756 1164 2801 quod
1187 2756 1214 2791 is
1237 2756 1466 2794 Acamantem
1489 2758 1649 2795 nominat
1664 2759 1741 2795 sra-
