1884 3112
325 232 410 276 382

756 233 1110 278 EPISTOLA
1146 216 1320 279 xx1.‘

386 322 555 381 Pallida
578 323 647 371 vix
672 310 824 373 cub-ito
849 326 1044 374 membra
1067 325 1208 374 levare
1233 327 1396 392 putas?

323 402 423 449 Huc
448 402 581 449 timor
603 401 790 461 accedit,
814 421 869 450 ne
895 404 1019 469 quis,
1043 403 1130 451 nisi
1156 403 1329 452 conscia
1349 405 1498 454 nutrix
1512 417 1529 464 ,⁴

389 476 616 543 Colloquii
640 478 772 526 nobis
797 480 957 528 sentiat
980 499 1071 528 esse
1094 481 1220 530 vices.

324 554 441 602 Ante
465 553 582 601 fores
606 553 728 602 sedet
749 547 868 613 haim
896 556 1004 622 quid
1028 576 1240 624 agamque
1263 558 1525 620 rogantibus
1543 558 1684 616 intus,

387 631 451 689 Ut
473 630 641 696 possim
664 643 761 679 tuto
784 632 992 689 scribere,
1014 633 1198 691 dormit,
1222 634 1295 682 ait.
1692 660 1735 684 20

324 705 434 754 Mox
455 705 555 764 ubi,
582 708 734 755 secreti
755 707 876 772 longi
899 727 1027 758 causa
1052 710 1239 776 optima,
1267 728 1446 758 somnus

387 783 624 834 Credibilis
648 786 772 835 tarda
793 786 954 835 desinit
975 805 1067 835 esse
1091 806 1235 845 mora,

319 864 506 930 Jamque
529 864 674 913 venire
697 864 835 923 videt,
861 883 973 932 quos
993 884 1087 912 non
1110 863 1337 912 admittere
1362 863 1521 912 durum
1541 875 1608 912 est
1623 899 1636 923 ,
1668 922 1670 925 f

384 941 612 998 Exscreat;
634 952 680 989 et
699 940 800 989 ficta
822 941 898 990 dat
914 941 1024 989 mihi
1046 941 1172 1003 signa
1193 952 1312 988 nota.

319 1017 446 1066 Sicut
467 1036 605 1074 eram,
629 1036 874 1084 properans
898 1017 1032 1065 verba
1052 1016 1306 1083 imperfecta
1325 1015 1528 1083 relinquo
1547 1053 1561 1074 ,
1693 1029 1735 1065 25

382 1095 444 1142 Et
462 1093 625 1155 tegitur
645 1093 822 1159 trepido
843 1093 969 1142 litera
991 1105 1116 1142 cauta
1137 1093 1251 1141 sinu.

366 1249 414 1280 ¹7·
439 1236 537 1269 Nunc
555 1238 661 1269 timor.
680 1234 806 1269 Malim
829 1236 929 1277 Huc‚·
953 1241 994 1268 ut

318 1287 374 1322 lib.
386 1298 443 1330 111,
457 1286 580 1320 Amor.
592 1286 688 1332 Eleg.
698 1297 766 1330 vn,
779 1287 818 1332 37
830 1287 995 1331 :Hucpu-

317 1341 382 1374 dor
396 1342 553 1373 accessit.
571 1339 704 1373 HEINs.

366 1405 378 1425 1
385 1405 416 1439 9.
431 1392 524 1434 Quid
529 1403 690 1435 agamque
699 1391 890 1435 rogantibus
898 1392 993 1423 iuter.

319 1443 390 1477 Hic
400 1455 518 1477 versus
534 1442 704 1487 praecipue
720 1455 759 1476 ex
770 1441 810 1476 iis
822 1453 912 1475 unus
923 1446 993 1484 est,

319 1494 413 1529 unde
431 1494 601 1538 colligitur
612 1520 622 1536 ,
638 1492 702 1528 hos
712 1505 786 1527 non
799 1505 870 1527 esse
883 1499 994 1538 poetae

317 1547 475 1592 proprios
497 1558 535 1580 ac
564 1551 714 1590 γνησίους.
747 1545 871 1589 Neque
897 1544 995 1578 enim

317 1599 408 1633 hanc
429 1598 579 1644 figuram
602 1597 691 1642 apud
710 1595 879 1631 Ovidium
897 1595 993 1629 facile

319 1650 397 1685 alibi
413 1649 574 1695 reperias.
590 1648 653 1683 Est
670 1648 766 1682 enim
781 1649 995 1691 Bagautt'bus

316 1705 418 1741 iuter,
435 1700 565 1735 dictum
576 1725 585 1742 ,
613 1712 677 1744 pro
695 1699 972 1741 iaterrvgautibus
981 1709 995 1739 ,-

318 1752 412 1798 quod
441 1751 532 1786 haud
559 1751 628 1785 scio
642 1776 651 1794 ,
690 1763 734 1784 an
766 1748 857 1795 apud
882 1748 993 1782 ullum

317 1805 423 1839 alium
461 1810 601 1849 poetam
631 1801 782 1847 reperias
810 1811 818 1832 :
858 1799 993 1834 nedum

317 1856 408 1902 apud
435 1855 604 1890 Ovidium
618 1881 626 1894 ‚
664 1854 723 1898 qui
749 1853 878 1896 ubique
906 1864 993 1885 ora-

315 1909 404 1943 tioni
420 1907 576 1952 aequabili
588 1919 626 1940 ac
636 1906 747 1951 planae
762 1903 904 1939 studuit.
922 1902 994 1938 Sed

315 1968 435 1995 tamen
453 1959 529 1994 fieri
545 1965 658 2004 potest
671 1984 680 2001 ,
700 1963 740 1991 ut
754 1955 809 1990 vel
830 1955 993 1990 insititius

315 2025 433 2046 versus
454 2012 510 2046 hic
527 2010 622 2044 idem
643 2010 707 2053 sit,
731 2008 785 2042 vel
803 2007 884 2042 alias
906 2020 991 2042 cor-

314 2071 436 2109 ruptus
450 2078 458 2105 ;
491 2068 694 2108 poteratque
726 2059 823 2094 nullo
849 2059 992 2094 incom-

314 2115 424 2150 modo
436 2115 503 2161 legi
517 2128 524 2149 :

474 2173 547 2206 Quid
557 2181 683 2206 agamque
693 2172 842 2205 rogantibus
851 2190 860 2204 ‚
872 2172 927 2205 ipso
933 2190 944 2205 ,

345 2225 384 2249 Ut
394 2224 492 2258 possim
502 2227 560 2247 tuto
570 2222 682 2246 seribere
689 2241 698 2253 ,
715 2221 827 2252 dormit,
845 2221 891 2245 nit.

312 2272 387 2308 Nisi
417 2270 510 2316 quod
535 2269 634 2304 nobis
662 2269 750 2303 nihil
776 2269 962 2303 immutare
977 2293 988 2312 ‚

313 2323 408 2369 quod
438 2322 480 2356 ab
513 2321 585 2355 aliis
625 2321 796 2355 intactum
823 2319 989 2354 haetenus

312 2374 502 2418 manserit,
527 2372 757 2408 constitutum
774 2378 834 2406 est.
852 2371 989 2406 MICYL.

311 2428 434 2462 Scribo
451 2453 460 2470 ‚
494 2430 596 2461 intus.
630 2423 825 2459 Columella
851 2423 988 2458 Praesa—

311 2480 406 2513 tione
427 2477 494 2513 Rei
512 2477 681 2520 Rusticae‚
700 2478 815 2521 Neque
829 2479 917 2510 enim
932 2488 988 2509 ro·-

306 2535 409 2575 ganti
427 2532 510 2575 quid
531 2533 657 2573 agatur
670 2532 763 2562 Intus
775 2555 783 2569 ‚
809 2530 900 2561 servi
915 2539 988 2560 res-

303 2585 451 2626 pondere
471 2584 660 2626 dignantur.
677 2580 723 2614 H.
749 2579 844 2614 Male
865 2578 987 2613 Douza

310 2641 345 2668 et
373 2634 428 2668 alii
455 2632 636 2678 capiebant
658 2634 851 2676 rogantibus
874 2634 982 2672 inter,

309 2697 373 2730 pro
397 2686 674 2728 interrogantibus
696 2697 707 2717 .-
731 2690 825 2719 certa
847 2681 985 2717 Heinsii

309 2743 361 2770 est
377 2735 585 2770 emendatio.
603 2735 733 2770 BURM.

1102 1249 1119 1271 2
1128 1248 1153 1268 1.
1176 1234 1262 1268 Mox
1273 1236 1335 1268 ubi
1344 1236 1469 1268 secreti
1479 1235 1585 1279 louge.
1605 1234 1732 1278 longi,

1058 1284 1239 1320 Mediceus
1246 1296 1327 1319 cum
1335 1282 1601 1330 priscaeditione
1611 1298 1620 1326 ς
1631 1284 1731 1319 bene.

1103 1338 1156 1372 23.
1177 1339 1269 1380 Quos
1283 1350 1350 1372 nou
1360 1339 1537 1371 admittam
1543 1338 1658 1373 durum
1668 1340 1733 1370 est.

1063 1387 1156 1423 Cave
1165 1393 1271 1423 tutum
1279 1393 1335 1423 est
1340 1400 1498 1434 reponas.
1507 1387 1584 1423 Tib.
1597 1398 1625 1432 1,
1634 1387 1687 1425 El.
1697 1387 1732 1421 6:

1059 1446 1109 1471 Illa
1125 1446 1231 1480 quidem
1254 1451 1308 1471 tam
1330 1445 1412 1471 mult·
1434 1450 1509 1479 negat
1532 1454 1540 1471 :
1563 1445 1609 1470 sed
1631 1445 1733 1471 crudete

1156 1496 1253 1520 durum
1265 1501 1310 1520 est.

1091 1545 1133 1569 Sic
1143 1544 1220 1569 etiam
1231 1545 1262 1569 de
1272 1553 1313 1569 me
1323 1531 1536 1578 pei-negatumque
1550 1543 1617 1569 viro.
1642 1542 1681 1568 H.

1089 1594 1154 1635 ⁷24.
1187 1594 1287 1627 Flr'cta
1322 1594 1387 1627 dat
1411 1593 1498 1626 mibi
1518 1595 1618 1636 signa
1641 1595 1732 1626 uota.

1059 1644 1184 1678 Malim
1200 1648 1292 1678 tecta
1304 1671 1312 1685 ,
1336 1651 1376 1678 ut
1393 1643 1500 1689 Epist.
1517 1654 1596 1678 xvu
1608 1669 1619 1687 ‚
1635 1643 1700 1678 81⁴:

1295 1703 1403 1735 Quoties
1416 1712 1461 1735 ego
1472 1708 1537 1727 tecta
1546 1703 1636 1728 notavi

1090 1752 1166 1785 Signa
1178 1752 1316 1785 supercilio
1327 1760 1400 1785 pane
1409 1752 1530 1785 loquente
1539 1751 1608 1776 duri!

1057 1802 1213 1834 Furtivus
1225 1804 1325 1834 notas
1338 1799 1421 1838 dixit
1432 1825 1442 1843 ‚
1470 1798 1594 1835 Amor.
1611 1798 1669 1835 lib.
1689 1813 1702 1834 1
1719 1825 1729 1843 ‚

1059 1851 1155 1898 Eleg.
1172 1862 1221 1886 1v.
1240 1852 1399 1897 Propert.
1414 1862 1460 1885 111
1473 1877 1483 1895 ,
1500 1850 1596 1897 Eleg.
1615 1864 1632 1897 7
1646 1863 1656 1886 ε

1056 1909 1136 1934 'reeta
1149 1908 1293 1943 superciliis
1304 1909 1326 1933 si
1337 1908 1440 1942 quumdo
1449 1907 1529 1933 verbi
1539 1907 1660 1933 remittit.

1057 1957 1162 1992 Forte
1175 1984 1184 2001 ,
1212 1959 1306 1991 dicta
1327 1960 1428 1997 nota,
1452 1967 1529 2001 quae
1551 1956 1646 1992 inter
1666 1965 1729 1991 nos

1056 2009 1242 2045 convenit:
1266 2007 1334 2042 vid.
1350 2008 1393 2042 ad
1410 2020 1449 2043 lv
1460 2035 1470 2052 ,
1496 2009 1644 2043 Metam.
1661 2010 1704 2056 95
1717 2034 1728 2052 ,

1055 2069 1091 2096 et
1107 2074 1210 2106 supra
1225 2060 1267 2095 ad
1286 2060 1394 2106 Epist.
1410 2072 1464 2095 ΧΗ
1475 2086 1485 2104 ,
1506 2062 1580 2108 ι94.,
1597 2061 1728 2095 ΒυΜνι.

1054 2132 1098 2139 -
1107 2113 1282 2158 Equidem
1298 2112 1472 2158 vulgatam
1483 2113 1635 2147 retinere
1649 2125 1726 2146 ma-

1053 2165 1125 2199 lim.
1133 2167 1250 2200 Ft'ctus
1255 2169 1414 2209 screatus,
1425 2164 1555 2210 optime
1565 2164 1727 2199 dicimihi

1053 2217 1191 2251 videtur
1202 2216 1257 2251 ille
1271 2243 1280 2260 ‚
1308 2216 1366 2261 qui
1382 2229 1454 2251 non
1472 2230 1514 2259 ex
1526 2230 1608 2251 vera
1624 2217 1725 2259 tussi,

1052 2268 1113 2304 sed
1141 2268 1182 2302 ad
1214 2273 1327 2303 notam
1359 2262 1459 2303 alicui
1480 2267 1632 2303 dandam
1644 2295 1654 2313 ‚
1682 2268 1726 2303 de

1052 2319 1222 2355 industria
1237 2321 1422 2366 profertur.
1440 2321 1532 2355 Eum
1548 2328 1668 2356 autem
1683 2320 1726 2363 ad

1052 2379 1174 2407 notam
1196 2371 1364 2419 Cydippae
1390 2372 1542 2407 dandam
1560 2372 1681 2408 fictum
1707 2385 1730 2409 a

1051 2426 1186 2460 nutrice
1203 2432 1376 2459 screatum
1395 2425 1533 2460 brevius
1554 2424 1609 2460 hic
1624 2430 1726 2470 poeta

1037 2477 1161 2520 fictam
1176 2480 1290 2509 notam
1307 2474 1399 2508 dixit.
1415 2474 1577 2509 LENNEP.

1095 2528 1146 2561 26.
1175 2529 1326 2572 Trepido.
1351 2527 1457 2560 Forte
1479 2552 1489 2571 ,
1524 2526 1654 2571 tepido,
1685 2533 1724 2559 ut

1050 2589 1116 2622 111,
1141 2578 1217 2613 Art.
1239 2579 1326 2613 622:

1081 2635 1153 2665 Quos
1165 2634 1229 2666 tegit
1242 2634 1268 2657 in
1279 2634 1370 2668 tepido
1379 2632 1458 2658 fascia
1469 2633 1519 2657 Ιιιι
1533 2632 1601 2657 sinu.
1635 2632 1673 2656 Η.

1049 2682 1157 2717 Recte
1183 2684 1309 2726 trepido
1332 2695 1342 2715 .·
1374 2695 1414 2716 ea
1437 2677 1533 2716 enim
1550 2675 1720 2727 *Cydippae

1047 2733 1220 2779 conditio,
1240 2741 1278 2768 ut
1295 2733 1379 2768 nihil
1396 2746 1468 2767 non
1485 2731 1696 2767 reformidet.
1753 2732 1764 2739 ”
