1884 3112
314 233 400 276 218

759 235 1107 281 EPISTOLA
1147 239 1268 284 XII.

376 324 563 382 Insolito
587 342 806 393 premeres
827 346 1000 396 vomere
1020 327 1138 378 colla
1160 329 1310 379 boum.
1423 331 1429 339 ’
1528 370 1530 373 .
1675 353 1719 398 4⁰

309 402 467 450 Martis
489 414 632 460 erant;
659 402 772 451 tauri
793 402 916 490 plus,
943 423 1074 492 quam
1095 424 1174 471 per
1198 426 1386 469 cornua,
1412 410 1543 461 saevi·
1533 449 1544 471 ‚
1608 420 1610 423 ’

374 477 577 540 Quorum
601 477 809 528 terribilis
834 480 1018 546 spiritus
1035 481 1152 545 ignis
1176 496 1280 533 erat.

311 553 415 601 AEre
437 554 570 619 pedes
594 554 747 615 solidi,
773 569 1072 625 praetentaque
1096 560 1279 609 naribus
1304 580 1410 610 aera:

323 629 509 692 Nigra
529 650 610 697 per
631 632 813 682 adflatus
836 633 928 682 haec
954 654 1131 702 quoque
1154 637 1267 686 facta
1290 657 1407 687 suos.
1530 690 1538 693 Α

309 706 484 754 Semina
506 720 732 773 praeterea,
757 709 954 776 populos
979 713 1197 775 genitura,
1220 714 1390 779 juberis
1677 731 1720 777 45

370 782 582 848 Spargere
608 784 763 834 devota
780 785 867 835 lata
887 806 968 854 per
989 807 1088 837 arva
1110 808 1266 849 manu,

307 858 398 923 Qui
421 871 620 926 peterent
642 880 789 911 secum
811 865 926 913 natis
950 877 1025 914 tua
1047 885 1234 933 corpora
1257 867 1368 917 telis.

267 1002 270 1007 ⁴
369 936 451 985 Illa
474 950 541 986 est
563 939 763 1002 agricolae
785 942 939 990 messis
962 942 1115 1009 iniqua
1138 962 1234 992 suo.

303 1015 491 1064 Lumina
512 1017 730 1075 custodis,
755 1019 1037 1069 succumbere
1060 1021 1206 1069 nescia
1227 1040 1409 1079 somn0‚

367 1090 561 1141 Ultimus
586 1105 651 1142 est
673 1092 819 1160 aliqua
841 1095 1039 1163 decipere
1063 1109 1155 1146 arte
1179 1096 1320 1146 labor.
1676 1114 1719 1148 50

303 1238 459 1284 gendum
477 1240 623 1274 omnino
640 1241 773 1276 censuit
790 1241 975 1288 Heinsius:

300 1294 406 1319 Ducitur
418 1293 514 1318 interea
525 1294 573 1319 tibi
586 1294 637 1320 lex.

301 1342 407 1377 Initio
422 1342 478 1377 lib.
494 1354 548 1378 vn
559 1369 569 1387 ,
595 1343 703 1388 Met.,
720 1344 757 1379 in
776 1344 840 1380 hac
852 1345 975 1380 eadem

301 1395 500 1429 narratione
517 1409 525 1437 ;
552 1408 583 1430 v.
599 1396 642 1431 8:

298 1455 405 1488 Lexque
423 1454 500 1479 datur
516 1456 630 1480 numeris

378 1498 505 1524 laborum.

298 1547 351 1582 Ita
368 1548 464 1581 enim
475 1548 604 1594 optime
619 1550 797 1584 veterrimi
812 1550 899 1586 libri.
910 1553 972 1586 Le-

294 1612 370 1642 gem
385 1601 510 1640 dicere,
529 1601 665 1646 elegans
682 1608 716 1635 et
728 1601 875 1636 latinum
891 1609 952 1637 est.

339 1652 392 1694 4ο.
421 1653 566 1686 Vomere.
577 1654 728 1687 Pondere
738 1653 949 1688 Barberinus
960 1668 969 1696 ;

299 1702 393 1746 quod
404 1703 520 1737 nescio
532 1716 575 1737 an
586 1704 712 1738 rectius
725 1716 732 1738 :
750 1706 869 1739 Vomer
875 1706 971 1739 enim

295 1761 330 1788 et
356 1762 510 1789 aratrum
529 1759 642 1800 premi
661 1756 790 1790 centies
812 1769 831 1790 a
854 1757 970 1792 Poetis

295 1805 420 1840 dicitur
432 1833 442 1850 ,
472 1820 545 1841 non
554 1820 708 1851 premere.
728 1808 809 1843 Vid.
829 1808 872 1843 ad
893 1809 969 1843 Val.

296 1857 387 1892 Flac.
416 1868 493 1902 vlt,
519 1859 585 1893 63:
608 1860 668 1894 sed
686 1861 818 1904 pondus
840 1867 891 1895 est
914 1860 970 1895 hic

653 1465 806 1489 magnorum
816 1457 943 1484 horrenda

293 1909 417 1955 jugum
431 1924 438 1950 ;
462 1917 502 1944 ut
518 1910 595 1945 alibi
610 1924 618 1945 z
634 1913 809 1957 pressique
813 1912 901 1957 jugo
909 1925 970 1956 ge-

292 1975 402 1996 muere
410 1962 558 2006 juvenci.
580 1963 712 1998 BURM.

336 2016 388 2057 41.
410 2015 535 2048 Martis
557 2020 673 2056 erant,
705 2018 870 2051 taun'etc.
888 2016 968 2051 Hoc

294 2067 464 2102 distichon
491 2068 568 2112 jure
598 2068 763 2102 Heinsius
787 2067 969 2103 Ovidianae

292 2132 416 2163 parum
431 2119 608 2165 elegantiae
624 2120 839 2165 pronuntiat.

336 2172 389 2214 43.
407 2173 636 2217 Fra-lentaque
653 2175 790 2206 naribus
805 2185 881 2206 ενα.
901 2174 970 2206 Ora

291 2222 452 2257 Scriverii
480 2230 515 2257 et
550 2224 744 2265 Palatinus;
771 2231 809 2257 ut
836 2237 939 2269 supra
956 2250 966 2268 ,

289 2275 423 2308 adunca
431 2287 490 2308 ora
502 2275 585 2309 dixit
599 2287 606 2309 ι
619 2275 679 2310 sed
695 2275 842 2320 vulgata,
855 2289 895 2309 ex
905 2275 968 2311 illis

291 2326 486 2371 Apollonii,
501 2327 558 2361 lib.
567 2338 611 2360 111
623 2353 632 2371 ‚
651 2327 731 2371 230,
747 2327 966 2362 defenditur:

289 2385 352 2416 Καὶ
369 2383 397 2414 οἱ
413 2382 600 2423 χαλκόποδας
613 2381 735 2428 ταύρους
751 2380 838 2423 κάμε·
854 2380 967 2423 χάλκεα

380 2435 410 2465 ΟΞ
425 2447 521 2498 σξξων

290 2482 330 2520 Ην
351 2483 476 2527 ςέματ’,
506 2485 535 2518 ἔκ
564 2488 594 2518 of*
629 2486 715 2533 πυρὸς
745 2486 838 2518 οεινόν
866 2499 897 2519 σε
892 2485 952 2522 ’.ὶας

376 2536 471 2579 &faa-:vt
476 2541 580 2571 ιἐσκον.

287 2587 420 2622 ΗΕΙΝε.
449 2590 679 2633 Proeleaetaque
710 2587 827 2622 mallet
854 2588 967 2621 Fran-

286 2639 357 2673 cius
385 2653 392 2674 :
416 2641 528 2682 ma1e;
551 2647 609 2681 ,est
636 2653 654 2674 a
673 2640 911 2687 geographicae
932 2646 966 2673 et

282 2691 437 2726 militaris
473 2693 523 2725 rei
561 2692 784 2738 scriptoribus
810 2698 965 2727 sumtum

287 2743 442 2779 verbum.
465 2743 595 2779 Euam.

1087 1243 1138 1287 46.
1156 1244 1256 1278 Lala.
1271 1243 1366 1278 Male
1379 1242 1549 1279 editiones
1561 1243 1719 1290 quaedam

1039 1295 1159 1340 priscae
1185 1303 1222 1331 et
1249 1295 1384 1330 codices
1400 1321 1409 1339 ‚
1443 1298 1524 1330 laeta
1546 1308 1557 1330 .·
1575 1308 1716 1342 campus

1040 1347 1137 1382 enim
1160 1347 1215 1382 ille
1239 1350 1350 1391 longis·
1370 1350 1471 1382 amnti·
1488 1348 1639 1382 homffus
1655 1346 1717 1382 di·-

1039 1399 1130 1433 citur
1152 1398 1294 1434 Valerio
1321 1399 1465 1443 Flacco,
1488 1397 1545 1434 lib.
1572 1408 1648 1442 vn,
1663 1398 1718 1433 62.

1039 1451 1189 1485 Horatio
1205 1451 1311 1485 etiam
1335 1452 1427 1485 latos
1441 1462 1578 1494 campos
1595 1455 1719 1488 contra

1038 1502 1273 1537 temeritatem
1287 1501 1426 1537 Dacerii
1441 1501 1627 1537 vindicavit
1639 1513 1717 1536 eru-

1037 1553 1222 1588 ditissimus
1239 1553 1421 1598 Bentlejus
1431 1580 1441 1597 ,
1455 1552 1499 1588 ad
1510 1552 1639 1588 librum
1647 1563 1694 1589 111
1704 1578 1715 1596 ‚
1738 1582 1746 1587 .
1760 1585 1763 1591 .

1038 1603 1109 1639 Od.
1123 1616 1152 1639 Π
1165 1631 1174 1648 ,
1198 1618 1228 1639 v.
1243 1618 1275 1651 9.
1292 1606 1405 1648 Larga
1423 1604 1480 1642 hic
1498 1603 1603 1640 habet
1624 1610 1716 1639 imus

1038 1655 1168 1701 Regius
1185 1663 1220 1690 et
1236 1656 1323 1691 alter
1341 1655 1489 1691 Heinsii.
1505 1655 1637 1691 Bmui.

1078 1708 1132 1751 48.
1150 1709 1218 1742 Illa
1232 1712 1287 1742 est
1297 1708 1453 1751 agricole
1466 1709 1586 1742 messtlr
1599 1709 1715 1751 iniqua

1033 1772 1103 1794 suo.
1119 1759 1280 1794 Vidimus
1295 1759 1368 1804 jam
1381 1771 1413 1795 v.
1434 1759 1473 1793 18
1487 1783 1496 1802 ,
1526 1762 1566 1792 ut
1574 1759 1718 1792 caderet

1034 1813 1126 1845 cultu
1141 1813 1251 1845 cultor
1257 1813 1302 1844 ab
1314 1813 1386 1855 quse
1402 1823 1472 1846 suo.
1495 1810 1713 1854 Frequentes

1035 1862 1122 1897 adeo
1137 1868 1324 1897 recurrunt
1346 1861 1438 1907 apud
1453 1862 1624 1896 Nostrum
1644 1873 1714 1896 εε-

1035 1914 1117 1949 dem
1127 1914 1327 1958 sententiae,
1345 1912 1492 1948 totidem
1499 1913 1621 1958 saepius
1629 1925 1709 1947 ver-

1033 1966 1084 2001 bis
1108 1978 1274 2012 expressae
1286 1992 1296 2009 ‚
1324 1977 1398 2000 non
1430 1963 1537 1999 modo
1568 1964 1605 1998 in
1636 1976 1708 2000 una

1035 2018 1270 2064 Epistolarum
1286 2030 1420 2062 quaque
1433 2043 1442 2060 ‚
1461 2016 1522 2051 sed
1539 2023 1575 2051 et
1590 2016 1628 2051 in
1644 2029 1712 2051 ea·-

1034 2070 1116 2104 dem
1128 2096 1137 2114 ,
1161 2076 1200 2105 ut
1219 2083 1293 2104 non
1309 2082 1388 2103 raro
1409 2069 1606 2104 ubertatem
1621 2067 1712 2103 hanc

1034 2129 1214 2167 tantopere
1229 2120 1414 2162 laudatam,
1425 2122 1563 2155 dt'm'lias
1571 2124 1711 2162 miseras

1033 2173 1146 2208 dicere
1174 2174 1229 2207 vix
1259 2172 1406 2208 dubites.
1449 2171 1710 2217 Circumspecto

1032 2232 1150 2260 tamen
1169 2224 1296 2269 judicio
1317 2223 1359 2258 de
1378 2230 1476 2258 tanto
1493 2230 1595 2269 poeta
1611 2222 1710 2258 nobis

1031 2275 1333 2322 pronuntiandum
1343 2282 1394 2311 est
1407 2290 1415 2317 ;
1434 2283 1469 2310 et
1482 2274 1642 2310 miranda
1652 2286 1710 2320 po-

1031 2329 1098 2363 tius
1109 2355 1118 2372 ,
1138 2341 1243 2373 quam
1259 2326 1448 2362 incusanda
1461 2327 1622 2370 felicitas,
1642 2337 1709 2372 qua

1031 2394 1086 2416 res
1093 2382 1164 2415 sere
1174 2393 1312 2426 semper
1321 2379 1474 2423 easdem,
1485 2379 1583 2414 novis
1591 2377 1707 2417 adum-

1030 2433 1108 2467 brat
1124 2433 1304 2468 coloribus.

1075 2486 1127 2519 50.
1160 2485 1304 2518 Ultimus
1331 2487 1386 2518 est
1410 2485 1527 2528 aliqua
1557 2482 1707 2524 decipere

1030 2541 1103 2570 arte
1125 2538 1228 2570 labor.
1265 2535 1411 2570 Summa
1438 2535 1511 2574 haec
1545 2531 1707 2567 orationis

1032 2601 1137 2633 quam
1162 2587 1267 2622 habet
1295 2587 1416 2621 AEetes
1438 2585 1482 2620 ad
1508 2585 1677 2619 Jasonem
1693 2608 1703 2625 ,

1031 2639 1120 2685 apud
1148 2638 1309 2684 Apollon.
1328 2637 1440 2673 Rhod.
1465 2647 1532 2680 111,
1559 2636 1644 2679 4⁰¹3
1670 2640 1705 2668 et

1032 2691 1148 2726 Valer.
1165 2691 1275 2726 Flacc.
1291 2701 1346 2726 v11
1357 2716 1366 2734 ,
1386 2690 1446 2734 35,
1464 2694 1500 2723 et
1514 2699 1576 2732 sqq
1590 2699 1599 2721 :

1030 2746 1100 2771 Orbe
1112 2751 1179 2771 satos
1191 2746 1242 2771 alio
1253 2751 1300 2771 etc.
