1884 3112
356 260 436 302 118

890 257 948 301 A.
989 258 1221 303 SABINI

407 348 495 414 ‘Illa
520 348 724 397 Cleonaeo
751 359 864 396 tecta
886 347 1012 397 leone
1036 347 1145 396 fuit.·

328 427 407 485 ‘Te
429 426 607 473 memini
630 425 869 483 Phoebum,
897 417 1086 472 OEnone
1100 461 1112 482 ‚
1137 442 1233 473 mea
1256 424 1438 474 crimina
1459 426 1583 486 dico,

410 502 612 564 Fugisse‚
639 514 682 551 et
705 513 884 550 nostros
906 502 1198 569 praeposuisse
1223 513 1358 550 toros.

345 581 447 628 Non
471 599 553 642 ego
577 580 839 647 praestabam
863 579 1034 629 Phoebo
1055 599 1064 628 :
1085 579 1162 629 sed
1182 579 1267 629 tela
1290 580 1466 647 Cupido
1504 624 1506 633 ,,

409 656 492 703 His
515 656 561 703 in
586 668 628 704 te
652 654 793 704 voluit
815 655 989 718 legibus
1013 657 1074 705 ire
1097 675 1188 705 sua.
1712 673 1755 707 50

343 728 583 780 Consolare
608 743 753 781 tamen
777 732 911 794 digna
935 744 1010 781 tua
1032 732 1190 799 pellice
1209 733 1400 781 damna:

410 810 557 873 Quam
581 810 664 859 tibi
687 809 988 877 praetulimus,
1011 822 1114 858 nata
1134 809 1281 876 puella
1303 811 1413 858 Jove
1437 820 1516 858 est.

340 885 428 934 Sed
452 886 572 952 quod
593 898 697 935 nata
717 888 828 939 Jove
853 899 940 945 est,
964 886 1196 935 minimum
1217 905 1293 934 me·
1311 886 1454 949 tangit
1476 886 1523 934 in
1546 884 1646 934 illa:

405 962 541 1025 Quod
563 982 654 1011 non
676 975 743 1012 est
765 963 895 1012 facies
918 963 1150 1030 pulchrior
1171 962 1286 1021 ulla,
1311 974 1456 1012 nocet.

337 1038 486 1104 Atque
508 1039 678 1087 utinam
701 1039 851 1087 formae
872 1040 1006 1105 judex
1027 1039 1259 1089 incallidus
1282 1058 1421 1088 essem
1710 1053 1753 1088 55

403 1114 608 1163 Creditus
632 1115 785 1173 Idaeis,
810 1116 968 1178 Pegasi
989 1117 1215 1183 Nympha,
1238 1117 1381 1181 jugis!

336 1190 441 1238 Non
463 1189 572 1237 mihi
595 1191 786 1237 Juuonis
801 1228 813 1245 ‚
837 1209 919 1236 nec
945 1192 1122 1241 obesset
1143 1191 1350 1241 Pallados
1374 1193 1460 1251 ira,

401 1264 598 1312 Laudata
620 1276 688 1312 est
711 1263 850 1312 oculis
872 1264 993 1330 quod
1017 1267 1234 1331 Cytherea
1255 1269 1379 1315 meis.

337 1342 509 1390 Dividit
530 1343 623 1390 haec
649 1341 744 1390 aliis
766 1341 960 1390 flammas
985 1341 1232 1408 celeresque
1255 1362 1497 1409 paresque:

403 1420 468 1465 Ut
490 1417 668 1466 libitum
691 1430 777 1476 est,
801 1418 894 1467 nati
917 1429 1131 1484 temperat
1153 1418 1249 1484 ipsa
1271 1417 1399 1467 faces.
1707 1433 1751 1467 60

335 1494 441 1541 Non
466 1505 611 1542 tamen
635 1493 796 1542 evaluit
818 1494 953 1543 vitare
979 1489 1217 1542 domestica
1239 1493 1325 1543 tela
1344 1514 1355 1542 ε

403 1571 534 1633 Quos
556 1570 652 1619 aliis
676 1590 821 1629 arcus,
848 1583 892 1619 et
914 1571 1002 1618 sibi
1026 1571 1135 1619 dura
1157 1571 1272 1619 tulit.

335 1648 609 1713 Deprensam
632 1649 792 1713 conjux
813 1647 933 1695 illam
955 1648 1003 1694 in
1026 1649 1228 1696 Mavorte
1252 1647 1443 1703 dolebat.

399 1723 611 1771 Testibus
632 1723 705 1771 hic
728 1722 1005 1787 Divis‚'cum
1027 1725 1137 1772 Jove
1161 1735 1343 1790 questus
1367 1735 1474 1772 erat.

335 1800 436 1846 Jam
462 1799 583 1847 dolet
606 1811 650 1848 et
672 1801 872 1858 Mavors,
898 1812 1035 1848 terras
1058 1799 1264 1866 ultroque
1288 1798 1496 1864 reliquit:
1703 1812 1748 1846 65

400 1875 604 1924 Praetulit
625 1876 851 1925 Anchisen
873 1877 944 1925 his
967 1876 1174 1924 habitura
1196 1894 1337 1924 suum.

330 1952 556 2002 Anchisen
579 1966 763 2020 propter
785 1953 926 2003 voluit
949 1953 1145 2002 formosa
1167 1953 1332 2001 videri:

329 2066 484 2111 primum
492 2066 661 2101 invenisse
673 2066 857 2101 subtilioris
863 2073 1006 2101 texturae

330 2117 515 2152 artificium
524 2118 705 2163 scriptores
715 2117 868 2152 tradunt.
881 2117 1006 2152 Videa-

329 2175 388 2203 tur
400 2169 541 2204 Salmas.
556 2169 599 2203 ad
613 2169 775 2204 Solinum
786 2195 795 2212 ,
813 2182 887 2214 pag.
912 2182 982 2203 101.

373 2220 426 2263 46.
441 2223 510 2254 Illa
525 2224 678 2255 Cleonoeo
691 2229 755 2255 etc.
773 2220 855 2255 Fuit
872 2219 1004 2255 Cleone

329 2270 497 2316 oppidum
514 2272 690 2317 quoddam
705 2271 901 2315 mediocre,
935 2271 1005 2306 dis-

330 2330 407 2357 tans
424 2323 466 2357 ab
488 2322 584 2369 Argo
603 2324 688 2359 stad.
709 2334 799 2366 cxx;
828 2338 847 2358 a
868 2323 1005 2365 Corin-

329 2374 392 2408 tho
403 2400 413 2419 ,
429 2383 486 2409 xc.
500 2375 596 2410 Hine
614 2378 788 2411 Cleonoeus
799 2378 852 2411 leo
863 2403 873 2418 ‚
892 2375 950 2421 qui
968 2381 1004 2410 et

329 2427 514 2462 Nemeaeus
530 2427 665 2462 dicitur.

372 2479 424 2513 55.
438 2480 554 2513 Judex
566 2482 755 2514 incallidus.
774 2479 977 2515 Praestiterit
991 2505 1001 2523 ,

327 2531 415 2563 male
441 2533 583 2565 callidus
599 2542 612 2573 ,·
645 2544 726 2566 mox
753 2532 858 2566 etiam
889 2531 976 2565 sorte
990 2557 1000 2575 ‚

327 2582 481 2615 blandita
495 2587 550 2616 est
562 2585 686 2626 oculis,
704 2595 767 2628 pro
782 2585 933 2617 laudata.

370 2631 423 2666 65.
449 2635 569 2668 Terras
582 2637 739 2680 ullmque.
763 2636 854 2669 Coelo
871 2639 1001 2668 terras-

326 2696 388 2728 que
397 2686 523 2726 relicto,
532 2687 689 2720 Proelulit
695 2686 762 2721 An.
768 2689 846 2720 hz'nc
856 2688 887 2720 b.
898 2698 999 2720 suum.

329 2734 536 2771 Bersmann.
551 2737 587 2771 in
602 2738 759 2783 margine
771 2738 858 2772 libri.

1115 2066 1167 2101 66.
1186 2067 1343 2100 Pratum
1356 2064 1530 2099 Anchisen
1545 2065 1600 2098 ᾗιῖι·
1613 2065 1747 2098 abilam

1070 2130 1174 2152 suum.
1189 2117 1309 2152 Prima
1324 2116 1430 2151 editio
1440 2142 1450 2159 ,
1468 2118 1632 2150 habitura.
1643 2114 1746 2162 Gry—

1070 2168 1197 2214 phiana
1211 2194 1221 2212 ,
1250 2170 1329 2202 hinc
1353 2169 1497 2202 abitura.
1526 2167 1620 2214 Lego
1631 2193 1641 2211 ,
1668 2169 1745 2202 huic

1069 2222 1234 2255 habitum
1252 2220 1385 2254 HEINS.
1400 2219 1526 2254 Forte:

1068 2281 1127 2305 Jam
1138 2280 1208 2305 dolet
1219 2284 1244 2304 et
1258 2280 1364 2304 Mavors
1370 2298 1380 2310 ‚
1396 2284 1477 2303 tems
1490 2278 1610 2312 ultorque
1619 2277 1742 2311 mliquit3
1806 2303 1817 2313 ,

1099 2328 1217 2354 Praetulit
1231 2326 1362 2353 Anchisen
1377 2326 1431 2352 haec
1446 2326 1566 2352 habitum
1581 2335 1666 2351 suum.

1061 2377 1191 2412 >Doluit
1205 2377 1347 2412 Mavors
1363 2375 1477 2423 primo
1500 2375 1545 2410 ob
1571 2373 1713 2410 Adonin
1729 2398 1740 2417 ‚

1068 2442 1174 2475 quem
1184 2429 1239 2464 ille
1250 2454 1259 2473 ,
1272 2429 1383 2474 figura
1396 2427 1469 2474 apri
1485 2426 1658 2469 adsumta,
1676 2423 1740 2459 ob—

1067 2489 1241 2516 truncasse
1265 2481 1397 2524 fertur,
1416 2485 1452 2514 et
1466 2478 1513 2513 ita
1532 2478 1623 2512 ultus
1637 2476 1740 2522 inju-

1065 2533 1156 2568 riam
1171 2544 1270 2568 suam
1288 2539 1397 2567 terras
1411 2529 1560 2575 reliquit.
1577 2529 1638 2563 Illa
1653 2540 1738 2563 vero

1066 2585 1243 2620 Anchisen
1281 2596 1384 2619 suum
1411 2580 1560 2631 praetulit
1581 2606 1590 2624 ‚
1619 2592 1739 2625 ,quem

1066 2636 1192 2670 deinde
1206 2662 1215 2680 ,
1234 2648 1344 2681 quum
1360 2647 1438 2669 suos
1462 2645 1596 2667 amores
1618 2631 1738 2666 incon-

1064 2689 1171 2723 sultus
1187 2687 1417 2733 praedicasset,
1434 2686 1556 2719 Divum
1570 2687 1675 2728 pater

1064 2748 1192 2774 Fulminis
1204 2747 1297 2774 afflavit
1306 2746 1398 2777 veum,
1412 2750 1438 2771 et
1451 2744 1559 2778 contigit
1572 2743 1633 2776 igni.
1645 2743 1735 2769 Vme-
