1884 3112
4 0 74 177 g

441 235 905 282 H1PPOLYTUS
948 238 1280 286 PHAEDRAE.
1515 248 1574 306 95

150 328 372 387 Peccavit,
399 328 667 397 quicumque
691 330 818 397 cupit
840 350 1019 399 peccare
1041 332 1278 383 :voluntas

215 404 344 465 Sola,
369 426 451 456 nec
475 406 668 457 admisso
694 408 900 467 crimine,
927 409 1093 459 crimen
1115 410 1265 460 habet.
1515 429 1580 463 250

148 482 250 532 Jam
269 483 359 549 jam
386 484 623 552 Cecropias
645 484 739 535 haec
758 485 844 534 ibit
867 485 983 535 fama
1003 506 1085 554 per
1107 487 1265 548 urbes,

214 562 276 610 Et
298 581 386 628 qua
407 562 578 629 spargit
601 582 707 614 avus
731 562 920 622 lumina,
946 583 1101 612 rumor
1118 564 1219 614 eris}

149 639 256 706 Ipsa
278 639 344 688 tui
365 639 443 690 fies
466 641 599 691 index
621 641 853 690 manifesta
876 641 1049 690 doloris
1069 661 1080 690 :

218 717 497 786 Conceptum
518 718 640 768 haud
661 719 832 786 poteris
853 717 1132 769 dissimulare
1155 720 1292 774 nefas,

153 794 246 843 Cur
267 794 331 844 ita
353 795 587 862 vaticiner,
611 796 806 864 quaeris?
830 797 936 864 quia
958 798 1074 847 victa
1097 799 1248 848 furore
1273 817 1332 848 es.
1520 816 1586 853 255

215 870 338 920 Talis
362 892 487 921 amor
507 873 636 922 furor
657 885 746 933 est,
771 873 1075 942 indiciumque
1101 875 1185 924 sui.

151 948 201 997 Si
225 960 369 999 tamen
390 950 477 1000 hoc
499 963 630 1015 urget
652 951 792 1001 fatum
816 951 1066 1012 Minoidas,
1085 965 1131 1002 at
1145 973 1262 1012 nos,

217 1025 408 1090 Sanguis
430 1027 777 1088 Amazonidum,
803 1030 936 1080 turba
958 1030 1123 1098 pudica
1146 1049 1315 1080 sumus.

151 1103 202 1151 Si
222 1103 365 1168 legem
386 1104 477 1170 legi
499 1107 567 1156 vis
591 1106 768 1166 cedere;
795 1107 922 1158 cedat
945 1108 1146 1160 honestae

197 1183 382 1251 ‚Turpis
397 1204 408 1243 ;
425 1185 688 1236 Amazoniae
714 1186 907 1236 Gnossia
931 1199 1077 1236 vestra
1099 1206 1220 1238 meae.
1524 1206 1589 1239 260

152 1260 243 1310 Sed
264 1261 380 1311 bene
404 1263 676 1313 conveniunt
700 1265 942 1323 contraria,
966 1265 1113 1330 judice
1137 1265 1350 1319 Phaedra:

216 1339 332 1388 Nam
354 1339 496 1399 nitor,
523 1352 567 1389 et
583 1352 740 1390 nostro
764 1340 913 1408 pulvis
936 1343 984 1390 in
1010 1362 1085 1393 ore
1111 1343 1260 1404 decet3

153 1419 215 1466 Et
236 1417 382 1481 rigor,
407 1430 453 1467 et
475 1418 645 1478 cultus,
671 1431 717 1468 et
737 1420 875 1469 vincti
898 1420 1008 1470 ssore
1030 1420 1204 1488 capilli,

219 1495 532 1564 Neglectaeque
551 1497 710 1546 decent
733 1509 779 1547 et
801 1498 896 1547 sine
920 1497 1018 1561 lege
1042 1517 1194 1548 comae.

154 1574 350 1623 Horrida
371 1593 490 1623 nunc
510 1573 679 1641 placet,
704 1574 979 1643 hirsutisque
1004 1577 1289 1626 accommoda
1313 1576 1456 1636 silvis;
1526 1594 1591 1626 265

220 1651 334 1716 Quae
356 1652 551 1719 primum
573 1651 763 1720 placuit,
791 1653 977 1703 candida
1001 1654 1137 1703 vestis
1161 1667 1266 1704 erat.

153 1730 214 1778 Et
236 1748 315 1777 cur
337 1748 430 1777 non
453 1749 600 1779 mores
618 1731 773 1798 potius
795 1731 954 1779 mirare
976 1731 1200 1798 pudicos?

221 1808 317 1856 Hac
342 1807 427 1856 tibi
448 1827 543 1856 non
566 1809 719 1857 formae
743 1807 873 1857 laude
896 1809 1161 1876 probandus
1183 1828 1315 1858 eram.

157 1885 311 1949 Quum
333 1883 488 1935 faciem
512 1897 686 1935 tantum
708 1885 884 1945 laudas,
909 1886 1146 1953 cultusque
1161 1925 1173 1946 ,
1199 1906 1458 1955 comasque,

220 1962 435 2011 Ponentis
458 1961 640 2030 laqueos
663 1963 805 2013 uteris
830 1975 922 2012 arte
947 1962 1080 2030 lupae.
1527 1991 1592 2025 270

158 2041 231 2090 Sic
252 2040 470 2091 blandum
495 2043 620 2092 tenui
643 2042 751 2091 dum
774 2041 926 2091 fundit
949 2040 1166 2090 arundine
1191 2060 1391 2101 carmen,

222 2121 404 2188 Decipit
424 2121 623 2170 incautas
645 2121 852 2170 carminis
875 2131 1033 2169 auctor
1057 2138 1169 2168 aves.

161 2197 353 2247 Credula
375 2198 438 2246 sic
463 2210 615 2248 tenero
640 2199 747 2247 dum
768 2199 898 2247 Siren
921 2210 1103 2266 pectora
1126 2209 1259 2246 cantu

225 2274 419 2334 Mulcet,
443 2276 491 2324 in
515 2277 697 2325 exitium
722 2296 921 2344 caecaquc
946 2295 1048 2326 saxa
1072 2276 1220 2325 trahit.

161 2354 356 2413 Scimus,
384 2372 482 2421 quae
504 2353 670 2403 lateant
692 2353 771 2403 illo
797 2355 882 2403 sub
910 2355 1084 2418 gurgite
1109 2354 1263 2422 Syrtes
1283 2356 1294 2402 !
1528 2370 1592 2416 275

225 2433 392 2481 Nostra
414 2451 495 2499 per
516 2432 597 2481 has
619 2451 864 2500 numquam
888 2432 1047 2500 cymba
1069 2431 1236 2482 feretur
1259 2451 1409 2500 aquas.

162 2512 254 2560 Nec
277 2510 507 2578 precibus,
531 2530 614 2559 nec
636 2530 706 2559 me
729 2510 954 2578 lacrymis,
981 2530 1063 2560 nec
1086 2510 1217 2560 laude
1240 2512 1459 2571 movebis;

228 2588 315 2636 Hic
338 2607 519 2656 pergam
543 2588 665 2637 silvis
689 2589 842 2638 durior
859 2608 953 2639 esse
977 2590 1100 2638 meis.

163 2666 264 2715 Hoc
289 2665 500 2733 scopulos
522 2666 716 2726 vincam,
741 2680 1042 2735 montanaque
1054 2686 1171 2723 ,saxa
1192 2667 1339 2733 rigore
1360 2688 1371 2716 ε

228 2745 375 2810 Quem
399 2746 557 2795 melius
573 2745 798 2807 celebres,
823 2766 892 2797 me
917 2748 1044 2797 decet
1067 2747 1150 2796 iste
1174 2746 1309 2810 rigor.
1530 2762 1595 2795 280
