1884 3112
0 227 20 315 f

0 470 14 662 ῖς

487 282 839 328 DEJANIRA
873 282 1199 327 HERCULI.
1486 287 1571 346 '¹79

144 377 250 424 Non
272 374 435 442 puduit
456 374 595 424 fortes
619 394 726 424 auro
751 375 956 424 cohibere
978 374 1167 424 lacertos
1181 412 1194 434 ‚
1460 372 1463 374 ¹

213 453 274 501 Et
297 451 452 501 solidis
476 472 668 516 gemmas
691 453 952 520 adposuisse
976 453 1101 502 toris.
1530 468 1576 503 (30

149 530 318 597 Nempe
343 530 428 579 sub
452 529 524 579 his
548 530 737 580 animam
759 531 900 598 pestis
922 533 1123 580 Nemeaea
1145 530 1318 580 lacertis

214 607 392 667 Edidit;
411 608 530 657 unde
552 608 763 658 humerus
789 609 983 672 tegmina
1005 607 1139 657 laevus
1161 608 1310 658 hahet.

149 686 301 735 Ausus
324 705 371 735 es
392 686 592 735 hirsutos
613 686 745 735 mitra
766 686 971 735 redimire
994 684 1208 752 capillos:

212 762 380 830 Aptior
400 762 626 812 Herculeae
647 763 845 830 populus
869 763 973 812 alba·
994 783 1144 813 comae.

149 841 242 890 Nec
267 852 310 890 te
332 840 548 899 Maeonia,
573 839 744 891 lascivae
766 861 890 891 more
913 841 1072 909 puellae
1086 879 1099 902 ,
1424 835 1426 837 V
1533 857 1578 891 65

215 918 390 982 Incingi
411 937 525 968 zona
548 918 802 969 dedecuisse
826 921 992 987 putas?

150 997 256 1046 Non
278 995 362 1044 tibi
385 996 603 1045 succurrit
626 997 752 1046 crudi
775 998 1008 1047 Diomedis
1031 997 1178 1061 imago
1192 1035 1205 1056 ‚

214 1073 392 1124 Efferus
416 1074 608 1123 humana
633 1075 711 1142 qui
735 1075 847 1143 dape
870 1076 994 1143 pavit
1017 1077 1189 1143 equas?

152 1153 202 1202 Si
225 1164 268 1202 te
289 1152 472 1202 vidisset
495 1152 618 1202 cultu
640 1154 815 1202 Busiris
836 1155 884 1202 in
908 1155 1022 1213 isto,

218 1231 337 1281 Huic
360 1231 502 1281 victor
523 1231 642 1280 victo
666 1251 824 1302 nempe
848 1233 1086 1300 pudendus
1111 1250 1220 1281 eras.
1544 1259 1587 1292 7⁰

154 1309 372 1360 Detrahat
393 1310 577 1359 Antaeus
601 1310 715 1359 duro
740 1310 999 1360 redimicula
1022 1309 1165 1369 eollo,

157 1465 342 1510 Ovidium,
353 1465 390 1500 in
398 1463 627 1500 describendo
638 1463 838 1509 Maeandro,

157 1518 235 1565 qui»
249 1516 440 1554 crediderit
449 1516 466 1551 ἐ’

197 1571 254 1606 60.
273 1571 434 1606 Gemmas
442 1570 641 1614 adposuisse
651 1571 743 1603 ton‘s.
756 1568 842 1603 Per-

154 1635 278 1671 peram
289 1622 489 1659 Putemus
499 1620 644 1657 etmulti
660 1620 728 1665 alii,
743 1633 842 1666 oppo-

152 1679 288 1718 sue‘ssn
307 1687 374 1711 nee
387 1677 587 1720 imposuttese
597 1673 751 1720 probum
763 1681 815 1708 est
828 1699 838 1717 ,

154 1727 251 1776 quod
266 1726 515 1764 3111031111)εο1.
533 1725 704 1773 Vopiscus
713 1726 750 1760 in
764 1725 842 1760 Au-

153 1781 309 1826 reliano,
328 1790 402 1827 cap.
421 1794 439 1827 7
459 1791 468 1814 z
492 1781 651 1826 Tarquen:
675 1781 841 1816 brachia-

153 1837 221 1870 len
234 1836 274 1870 ei
283 1835 445 1869 annulum
465 1829 626 1877 adponat.
657 1831 730 1867 Ubi
746 1844 842 1867 con—

156 1886 264 1922 traria
280 1884 455 1922 sententia
467 1910 478 1928 ,
495 1897 540 1919 ne
559 1886 728 1929 adponat,
755 1890 842 1930 puto

155 1937 391 1976 scribendum.
412 1936 547 1972 Hssms.
711 1945 713 1948 ’

199 1991 255 2027 61.
279 1991 408 2035 Nempe
423 1991 486 2025 sub
499 1991 556 2023 his
567 1991 716 2023 animam
730 1990 844 2032 pestis

159 2043 318 2079 Nemea
323 2039 463 2078 lucedis
470 2043 594 2076 Edidit
601 2039 842 2075 etc.Hereules

158 2096 250 2142 ipse,
268 2093 361 2141 apud
373 2093 537 2140 Sophocl.
553 2091 719 2128 Trachin.
737 2105 750 2126 1
760 2091 844 2126 106:

160 2153 196 2183 Ω,
220 2153 302 2185 νότα
313 2143 368 2183 καὶ
381 2145 478 2192 ςέρν’·
494 2146 518 2181 ὦ
537 2150 618 2192 φίλη
636 2149 796 2194 βραχίςνες
810 2168 820 2187 ,

162 2198 265 2244 ’Υμεῖς
281 2201 386 2235 ἰκτῖνοι
405 2202 442 2240 δὴ
459 2196 623 2241 notak-29²,
643 2200 673 2232 εἳ
687 2212 756 2232 ποτε

163 2253 282 2296 Νεμέας
291 2254 402 2287 ῒνοασν
414 2277 425 2295 ,
454 2253 603 2290 βουκέλων
621 2250 759 2299 ἀλάςορα
768 2274 778 2293 ,

162 2303 282 2347 Aim’,
299 2319 326 2338 κ.
340 2318 370 2339 τ.
381 2307 407 2338 λ.

164 2355 347 2402 Quorum,
356 2361 397 2390 ut
405 2353 607 2401 perelegans
616 2353 673 2388 hic
683 2351 845 2396 imitatio,

161 2408 211 2443 ita
219 2407 334 2443 versio
346 2406 503 2450 liberior,
516 2406 608 2452 apud
622 2405 696 2440 Cic.
706 2404 847 2440 Tuscul.

165 2460 301 2506 Quaest.
318 2470 347 2494 11
361 2485 382 2503 ,>
397 2472 429 2506 9.
454 2457 536 2492 Vid.
562 2470 701 2503 quoque
724 2457 848 2492 Senec-

162 2513 200 2547 in
216 2511 362 2547 Hercul.
378 2510 462 2546 Oet.
478 2510 559 2544 1235
571 2536 580 2553 ‚
598 2516 634 2544 et
644 2522 717 2555 sqq.

206 2563 261 2599 62.
284 2565 415 2598 Edidit.
435 2561 567 2596 Mox-eti
582 2560 711 2605 codex,
732 2562 851 2605 pendi-

162 2617 224 2651 dit.
247 2614 447 2659 hidensis,
472 2615 642 2648 credidit:
659 2613 718 2648 sed
742 2613 851 2648 electa

163 2674 200 2703 et
214 2668 323 2715 proba
346 2667 475 2707 locutio
497 2669 596 2702 edere
615 2670 764 2701 animam
785 2677 851 2712 pro

166 2720 267 2755 mori.
285 2719 412 2755 Cicero
426 2747 435 2764 ,
462 2732 526 2766 pro
544 2719 677 2763 Sestio,
697 2732 768 2765 cap.
785 2719 850 2754 38:

167 2772 225 2808 Ac
244 2777 281 2808 si
299 2777 379 2808 lunc
396 2775 435 2807 P.
452 2773 598 2813 Sestius,
624 2773 785 2813 Iudices,
815 2775 852 2806 ιἰι

173 2828 294 2870 templo
317 2828 468 2862 Castoris·
485 2829 633 2862 animam
643 2853 653 2870 ,
672 2839 769 2871 quam
792 2829 852 2860 vix

904 1468 1060 1506 telinm’l',
1087 1466 1263 1499 edidisset.
1288 1463 1393 1510 Apud
1418 1465 1591 1501 Nostrum

908 1522 1062 1562 quoque,
1077 1517 1135 1551 lib.
1152 1527 1230 1561 xw,
1245 1517 1393 1551 Metam.
1408 1531 1467 1564 777
1482 1530 1490 1552 z
1506 1518 1592 1563 qui-

907 1569 989 1604 dam
1007 1569 1141 1604 codices
1163 1568 1295 1603 habent
1309 1571 1430 1609 edidit,
1450 1569 1511 1604 sed
1527 1582 1592 1604 nos

905 1621 953 1656 ibi
965 1625 1081 1656 exsui!
1091 1621 1286 1656 retinemus
1296 1647 1305 1665 ,
1324 1628 1360 1655 et
1371 1620 1461 1666 apud
1478 1620 1592 1656 Cicer.

906 1687 970 1720 pro
978 1674 1096 1709 Plane.
1108 1700 1117 1718 ,
1133 1674 1173 1718 37
1190 1686 1198 1708 :
1216 1675 1353 1717 Quipro
1361 1675 1471 1717 repub.
1483 1676 1590 1708 vitam

905 1728 1104 1770 ed1'derunt‚·
1130 1725 1188 1760 ubi
1211 1725 1266 1760 alii
1290 1728 1469 1767 dederunt,
1494 1727 1594 1761 dedi-

906 1781 1040 1821 derunt,
1063 1781 1287 1814 reddiderunt.
1304 1773 1435 1813 BiJRM.

950 1833 1004 1877 64.
1033 1834 1182 1876 Populus
1205 1833 1296 1865 alba.
1326 1831 1432 1865 Alma
1458 1830 1593 1864 Putea-

907 1897 1012 1919 neus:
1023 1883 1082 1919 sed
1094 1880 1142 1918 1111
1150 1884 1271 1917 muta:
1286 1882 1457 1928 superiori
1467 1894 1569 1915 versu
1583 1908 1593 1925 ,

907 1941 1014 1984 myrto
1027 1938 1197 1976 redimite,
1215 1947 1280 1980 pro
1291 1938 1392 1968 mitra
1408 1934 1496 1968 liber
1510 1934 1595 1968 Has-

907 1989 1038 2023 niensis
1049 2014 1058 2031 ,
1083 1995 1122 2022 ut
1135 1987 1284 2033 populus
1298 1994 1416 2033 myrto
1428 1998 1594 2031 oppona—

909 2048 977 2076 tur.
1002 2041 1134 2075 Hnms.
1157 2039 1229 2074 Sed
1247 2042 1347 2073 milm
1363 2039 1513 2084 probum
1535 2045 1599 2074 est.

910 2092 992 2127 vid.
1005 2092 1129 2126 Senec.
1147 2091 1255 2125 Herc.
1269 2090 1353 2125 Oet.
1368 2091 1432 2137 375
1444 2117 1453 2135 ‚
1467 2098 1502 2125 et
1514 2091 1596 2125 Fu-

909 2151 999 2179 ren't.
1018 2146 1092 2189 471.
1116 2145 1277 2178 Cohibete
1292 2145 1438 2188 capillos
1454 2156 1594 2189 quoque

911 2195 1147 2235 Lovaniensis,
1161 2194 1255 2240 quod
1267 2195 1333 2230 nisi
1349 2196 1594 2241 praecessisset,

911 2249 1124 2294 reciperem:
1137 2261 1220 2282 nam
1237 2248 1421 2293 proprium
1435 2248 1470 2282 in
1483 2247 1547 2283 hac
1557 2261 1595 2283 re

911 2302 1059 2336 verbum
1093 2315 1164 2336 esse
1192 2300 1346 2336 ostendit
1376 2301 1595 2336 doctissimus

912 2354 1029 2389 Bentl.
1050 2353 1092 2388 ad
1115 2353 1240 2387 Horat.
1258 2364 1324 2397 111,
1348 2352 1418 2388 od.
1441 2354 1488 2397 14.
1511 2349 1571 2388 B.-

955 2407 1009 2440 66.
1032 2407 1168 2450 Incingi
1178 2418 1266 2440 zona
1278 2408 1476 2441 dedecuisse
1480 2404 1596 2450 putas.

912 2460 1018 2493 Putes
1041 2457 1218 2492 Leidensis
1240 2470 1249 2492 ε
1268 2465 1361 2492 certe
1379 2455 1504 2501 pitduit
1522 2458 1596 2502 jam

914 2516 1143 2557 praecesserat.
1164 2510 1312 2544 Remed.
1327 2508 1449 2544 Amor.
1466 2503 1555 2554 4101

946 2567 980 2590 Et
993 2566 1059 2590 nihil
1074 2572 1113 2590 est
1131 2565 1202 2599 qnod
1217 2574 1244 2590 se
1256 2565 1406 2590 dedecuisse
1419 2570 1519 2598 putam.

916 2615 988 2651 Ubi
1018 2614 1175 2650 similiter
1195 2616 1304 2659 pudet¹
1330 2614 1367 2648 111
1388 2613 1597 2659 quibusdam

915 2667 1017 2703 libris.
1032 2669 1206 2702 Praeterea
1214 2668 1396 2701 Maeonmm
1409 2679 1528 2700 zonam
1536 2679 1596 2701 ex-

915 2727 1031 2767 cerpta
1045 2719 1189 2762 Douzae,
1206 2726 1244 2753 ut
1255 2720 1298 2753 sit
1313 2719 1531 2754 Graecismus.
1547 2718 1593 2753 H.

961 2785 1013 2819 70.
1037 2774 1136 2806 Huic.
1156 2772 1383 2806 Sarravianus
1399 2770 1507 2806 codex
1520 2773 1572 2806 sic
1586 2783 1596 2804 .-

916 2826 1006 2860 bene
1025 2838 1033 2860 t
1050 2825 1109 2859 illo
1124 2825 1162 2859 in
1178 2824 1309 2859 habitu.
1333 2824 1462 2860 BURM.
