1884 3112
351 263 438 310 338

755 263 1107 309 EPISTOLA
1147 263 1356 312 XVIII.

349 356 519 405 Invitus
537 355 724 423 patriam
747 368 928 422 repeto;
956 357 1054 423 quis
1078 358 1253 408 credere
1277 360 1459 426 possit?

310 432 315 437 ’
410 433 580 481 Invitus
603 444 717 481 certe
740 451 859 481 nunc
881 452 1032 482 moror
1055 435 1167 484 urbe
1191 455 1299 484 mea.

346 511 433 559 Hei
454 509 586 558 mihi!
613 529 691 558 cur
708 511 853 558 animo
872 511 1013 576 juncti
1037 512 1303 560 secernimur
1323 511 1456 560 undis
1473 513 1493 560 ?

1695 529 1756 563 125

409 591 596 654 Unaque
621 607 765 647 mens,
791 588 920 638 tellu‘s
942 609 1035 638 non
1053 589 1189 638 habet
1211 609 1300 638 una
1321 582 1467 639 duos?

341 664 425 715 Vel
444 677 519 713 tua
539 684 607 714 me
632 665 808 724 Sestos,
833 666 901 715 vel
926 678 967 715 te
990 685 1086 715 mea
1105 678 1250 714 sumat
1267 666 1482 733 Abydos:

403 746 512 793 Tam
537 755 612 791 tua
635 755 749 792 terra
770 744 904 802 mihi,
932 763 1062 810 quam
1086 744 1170 791 tibi
1193 736 1364 801 nostra,
1387 744 1547 810 placen
1569 775 1573 781 ·
1630 778 1634 783 v
1663 784 1664 787 η
1694 767 1696 770 ’
1728 740 1731 745 ’

340 823 433 871 Cur
455 841 536 885 ego
559 820 823 890 confundor,
851 821 1025 887 quoties
1049 821 1340 869 confunditur
1362 824 1543 888 aequor?

404 901 496 949 Cur
518 900 628 948 mihi
650 918 780 948 causa
796 898 904 947 levis
922 910 1078 947 ventus
1099 898 1255 946 obesse
1276 901 1460 964 potest?

1674 915 1751 950 -130

333 978 433 1026 Jam
455 989 635 1025 nostros
660 976 781 1025 curvi
802 988 969 1024 norunt
993 975 1223 1042 delphines
1247 995 1413 1027 amores
1434 997 1445 1026 :

396 1056 612 1117 Ignotum'
629 1072 708 1101 nec
730 1071 798 1101 me
819 1053 1017 1118 piscibus
1037 1072 1129 1101 esse
1151 1073 1265 1102 reor.

328 1134 428 1181 Jam
450 1143 571 1198 patet
592 1130 768 1179 attritus
790 1129 1016 1178 solitarum
1040 1130 1164 1179 limes
1189 1150 1428 1198 aquarum;

393 1211 497 1258 Non
519 1208 666 1267 aliter,
689 1207 829 1256 multa
851 1227 981 1274 quam
1004 1208 1073 1256 via
1096 1226 1246 1274 pressa
1269 1219 1386 1256 rota.-

332 1286 469 1351 Quod
490 1285 600 1334 mihi
622 1304 715 1332 non
737 1295 878 1342 esset,
903 1284 989 1332 nisi
1013 1284 1075 1331 sic
1099 1284 1254 1333 iterare
1281 1284 1519 1351 querebar:

1601 1293 1744 1336 ⁷—135'

393 1365 595 1412 At-nunc
618 1381 698 1428 per
717 1373 872 1410 ventos
895 1361 982 1409 hoc
1007 1381 1186 1428 quoque
1206 1362 1545 1428 deessequeror.

327 1440 558 1491 Fluctibus
576 1439 821 1487 immodicis
844 1438 1185 1487 Athamantidos
1207 1458 1381 1506 aequora
1404 1438 1598 1503 canent,³

390 1517 566 1583 Vixque
585 1527 732 1564 manet
754 1526 889 1581 portu
915 1527 1009 1563 tuta
1032 1516 1176 1565 carina
1199 1535 1294 1564 suo.
1623 1567 1625 1569 ,

322 1594 423 1642 Hoc
443 1612 577 1649 mare,
600 1611 736 1658 quum
758 1592 948 1661 primum
973 1591 1025 1639 de
1046 1592 1212 1654 virgine
1231 1593 1411 1641 nomina
1433 1611 1597 1653 mersa,
1621 1619 1624 1622 *

390 1671 503 1734 Quae
519 1681 666 1726 tenet,
692 1680 759 1716 est
777 1663 980 1726 metum,
1005 1667 1246 1720 talevsuisse
1270 1681 1395 1734 puto.
1418 1713 1422 1717 ,

1678 1664 1739 1730 ,4ο

323 1750 384 1797 Et
404 1748 510 1796 satis
533 1747 690 1794 amissa
711 1744 834 1794 locus
855 1745 929 1792 hic
952 1744 1127 1792 infamis
1151 1746 1206 1793 ab
1230 1745 1358 1794 Helle
1383 1758 1478 1796 est:

387 1828 538 1891 thue
561 1823 670 1871 mihi
692 1834 865 1888 parcat,
892 1821 1072 1870 crimine
1096 1841 1259 1870 nomen
1282 1822 1430 1872 habet.

369 1951 440 1987 125.
461 1951 600 1996 Unaque
614 1960 716 1983 mens.
736 1948 885 1993 Elegans
901 1947 998 1982 locu-

323 2004 393 2049 tio,
411 2003 470 2038 ubi
487 2001 733 2047 compendioso
749 2014 910 2035 sermone
927 2000 997 2035 de·-

322 2057 530 2101 funguntur,
540 2066 604 2099 pro
616 2066 683 2087 una
694 2065 785 2086 mens
795 2054 997 2096 habelduos;

319 2106 382 2142 sed
397 2119 471 2140 non
487 2118 555 2139 una
569 2107 669 2139 tellus
684 2103 797 2138 habet.
813 2103 944 2138 Bunm.

368 2173 378 2193 1
387 2159 438 2203 34.
463 2160 528 2194 Via
542 2170 663 2202 pressa
682 2160 766 2191 mla.
797 2157 893 2190 Trita
918 2156 942 2190 J
945 2168 993 2189 u—

319 2211 443 2246 nianus
457 2225 464 2252 ;
493 2217 532 2244 ut
546 2222 554 2244 :

351 2267 407 2292 Noc
421 2266 502 2298 magis
514 2270 551 2290 est
561 2264 648 2290 ctu-vis
660 2264 747 2297 Appia
758 2263 818 2287 trita
831 2263 903 2288 rotis.
919 2262 959 2287 Η.

365 2315 437 2349 135.
453 2315 555 2357 Quod
561 2315 648 2347 mffli
656 2325 722 2346 non
732 2315 832 2351 esset,
849 2307 989 2350 nisisic,

317 2371 437 2402 iterare
465 2368 632 2410 querebar.
664 2366 757 2398 Ilera
783 2370 882 2397 vetus
906 2362 992 2396 liber

319 2419 531 2460 Puteaneus,
544 2416 684 2461 reliquis
696 2417 770 2460 ejus
779 2415 875 2449 verbi
886 2414 991 2448 literis

317 2462 458 2513 deletis,
484 2476 518 2503 et
534 2468 722 2503 recentiori
741 2480 850 2501 manu
869 2479 991 2511 super-

314 2521 483 2566 scriptum
494 2547 503 2562 ,
522 2533 557 2554 re
574 2534 583 2553 .·
601 2523 667 2554 iter
677 2523 758 2553 ante
773 2519 867 2564 prius
888 2518 989 2553 fuisse

313 2573 490 2618 suspicor:
506 2571 683 2617 quomodo
705 2570 812 2605 codex
835 2570 989 2604 Moreti:

315 2624 421 2670 idque
433 2637 556 2659 verum
567 2636 638 2658 esse
652 2622 818 2657 existimo.
827 2622 991 2667 Quatuor

315 2681 440 2710 intrare
456 2690 465 2710 .·
487 2677 572 2711 alter
589 2675 720 2709 Moreti
731 2701 740 2718 ,
762 2678 886 2709 iterata
901 2686 911 2707 :
926 2677 993 2708 ilet-

313 2742 337 2762 a
362 2733 394 2762 te
422 2728 618 2762 Patavinus.
652 2727 801 2772 Regius,
831 2729 883 2759 ila
904 2738 986 2759 rare.

319 2781 411 2824 Quid
421 2779 489 2824 (vel
509 2779 595 2822 Qm')
606 2782 679 2813 nisi
689 2782 741 2813 sic
754 2782 805 2812 ila
817 2790 890 2812 mre
906 2779 993 2812 mt‘hi

1061 1960 1130 1982 non
1154 1960 1228 1982 esse
1253 1950 1420 1993 querebat.
1447 1949 1568 1986 Posset
1589 1957 1626 1986 et
1639 1950 1706 1998 legi
1723 1978 1734 1996 ,

1059 2004 1130 2035 iter
1139 2003 1210 2042 ire‚·
1230 2007 1268 2035 ut
1284 2001 1359 2035 Art.
1374 2001 1490 2036 Amat.
1509 2012 1574 2046 111,
1591 2003 1631 2048 37
1648 2014 1657 2038 ι
1690 2031 1696 2036 .

1061 2055 1153 2086 Quaere
1167 2064 1260 2080 novem
1272 2065 1318 2080 cur
1332 2064 1382 2080 uua
1391 2056 1460 2089 vices
1472 2055 1520 2082 itm·
1530 2057 1575 2082 irie
1584 2075 1597 2092 ,y
1607 2062 1632 2082 et
1641 2057 1715 2095 padi.

1061 2103 1099 2137 Si
1111 2117 1194 2138 sana
1210 2103 1266 2138 illa
1283 2105 1460 2150 scriptura.
1483 2106 1618 2141 lems.
1642 2107 1732 2146 Illud

1054 2162 1179 2190 ,tamen
1191 2159 1311 2190 iterum
1325 2183 1332 2196 ‚
1356 2156 1451 2201 quod
1465 2157 1501 2193 in
1517 2157 1659 2202 optimis
1671 2171 1733 2198 co-

1057 2206 1188 2242 dicibus
1208 2214 1334 2250 exstat,
1357 2208 1412 2242 vix
1434 2209 1544 2244 ausim
1560 2210 1705 2255 rejicere
1718 2237 1727 2252 ‚

1056 2266 1200 2303 propter
1211 2258 1294 2293 illud
1309 2260 1447 2294 Horatii
1459 2272 1473 2294 1
1486 2288 1494 2300 ,
1508 2260 1586 2299 0⁴1.
1599 2274 1634 2308 7:
1645 2264 1730 2297 Cras

1055 2315 1173 2354 ingens
1181 2314 1374 2346 iterabimus
1379 2323 1501 2356 aquen·
1512 2319 1548 2348 et
1554 2324 1580 2356 ι,
1592 2313 1664 2350 Od.
1673 2314 1731 2358 34:

1056 2365 1182 2397 lteram
1197 2376 1314 2398 cursus
1329 2377 1433 2408 cogor
1440 2366 1585 2400 relictos.
1599 2365 1730 2400 Bunu.

1104 2417 1175 2458 141.
1206 2417 1257 2449 Et
1277 2419 1366 2450 sam·
1383 2420 1520 2451 amissa.
1546 2416 1601 2451 A!
1619 2420 1727 2457 satir,

1055 2466 1092 2502 in
1118 2479 1190 2501 uno
1216 2466 1399 2511 Mediceo,
1418 2475 1457 2501 ut
1485 2467 1550 2512 Ep.
1569 2478 1650 2511 xw,
1667 2467 1727 2513 87:

1054 2518 1193 2553 videtur
1218 2525 1335 2552 autem
1364 2520 1532 2564 respicere
1566 2518 1609 2553 ad
1638 2519 1727 2563 τάφος

1048 2563 1206 2613 Ἐλληνος,
1220 2577 1258 2604 ut
1269 2570 1378 2605 dictus
1391 2571 1456 2605 suit
1467 2570 1725 2615 Hellespontus.

1054 2621 1226 2657 Herodot.
1246 2633 1320 2665 vn,
1340 2623 1391 2657 58.
1406 2623 1534 2657 Euam.

1100 2675 1170 2717 142.
1187 2674 1295 2718 thue
1303 2676 1519 2718 mihiparcal.
1531 2673 1724 2709 Lovanien·

1050 2725 1093 2760 sis
1110 2739 1200 2760 unus
1210 2751 1219 2769 ,
1234 2731 1332 2771 utque
1347 2728 1434 2762 mihi
1438 2730 1568 2770 pateat.
1584 2745 1627 2751 —-
1641 2728 1723 2762 No-

1050 2781 1138 2813 mine
1158 2782 1279 2813 crimen
1293 2779 1403 2813 babet.
1427 2779 1569 2813 Crimine
1585 2791 1721 2821 nomeu,
