1884 3112
522 406 1055 479 EPISTOLA
1118 410 1319 482 XIX.

558 858 792 916 HERO
855 859 1281 918 LEANDRO.

211 1014 410 1098 QUAM
431 1032 543 1082 mihi
564 1034 727 1083 misisti
748 1035 897 1084 verbis
910 1074 922 1094 ‚
946 1036 1147 1086 Leandre
1160 1074 1172 1095 ,
1199 1035 1410 1095 salutem,

270 1112 336 1159 Ut
357 1111 530 1179 possim
553 1112 733 1162 missam
755 1114 893 1163 rebus
914 1113 1080 1163 habere
1093 1152 1106 1173 ‚
1131 1114 1246 1163 veni.

202 1189 363 1254 Longa
383 1209 510 1240 mora
527 1203 597 1240 est
617 1192 754 1241 nobis
779 1192 947 1252 omnis,
974 1212 1072 1260 quae
1095 1193 1255 1257 gaudia
1272 1192 1445 1251 differt3

269 1267 342 1317 Da
362 1268 535 1317 veniam
556 1268 683 1318 sassae
700 1289 711 1329 ;
731 1289 825 1318 non
847 1271 1069 1337 patienter
1090 1290 1205 1320 amo.

204 1344 391 1394 Urimur
413 1346 517 1410 igne
542 1347 664 1414 pari3
691 1348 770 1397 sed
794 1368 893 1398 sum
916 1343 1000 1397 tibi
1027 1348 1200 1398 viribus
1224 1349 1397 1417 impar:
1455 1346 1462 1418 J
1619 1364 1641 1398 5

268 1425 452 1474 Fortius
474 1426 705 1490 ingenium
729 1427 933 1495 suspicor
955 1446 1050 1490 esse
1072 1427 1192 1476 viris.

203 1502 271 1551 Ut
293 1522 480 1571 corpus,
499 1504 663 1554 teneris
686 1504 750 1554 sic
773 1524 899 1554 mens
922 1503 1099 1554 infirma
1122 1503 1310 1572 puellis;

268 1579 504 1641 Deficiam;
529 1582 655 1649 parvi
676 1582 891 1649 temporis
915 1582 1027 1631 adde
1049 1601 1234 1631 moram.

200 1654 318 1717 Vos,
343 1657 479 1708 modo
502 1659 706 1709 venando
722 1697 735 1719 ‚
760 1659 899 1709 modo
922 1678 1000 1708 rus
1027 1658 1196 1723 geniale
1221 1657 1436 1718 colendo,

264 1737 443 1787 Ponitis
465 1738 515 1786 in
533 1738 654 1787 varia
677 1750 880 1807 tempora
902 1738 1039 1802 longa
1061 1757 1200 1787 mora.
1603 1765 1641 1788 10

196 1815 296 1865 Aut
317 1815 416 1866 fora
439 1836 521 1866 vos
545 1817 762 1878 retinent,
787 1830 866 1867 aut
883 1830 1027 1867 unctae
1051 1817 1168 1867 dona
1191 1816 1407 1885 palaestrae
1428 1839 1440 1866 z

247 1960 276 1982 ι.
299 1948 465 1982 Leandm.
480 1947 630 1983 Dubitat
654 1947 825 1994 Egnatius
841 1961 885 1983 an

198 2013 275 2036 non
288 2027 298 2046 ‚
313 2001 428 2047 prima
438 2001 568 2050 syllaba
582 2001 751 2048 producta
763 2028 773 2046 ‚
785 2001 888 2037 Grae-

198 2067 326 2090 corum
347 2066 448 2091 inore
465 2057 634 2091 Lemnum
655 2056 699 2091 sit
723 2055 887 2091 scriben-

200 2109 299 2145 dum.
310 2110 393 2146 Non
408 2117 495 2156 puto
505 2124 513 2152 ;
524 2104 610 2145 nam
624 2123 692 2145 nec
706 2111 888 2157 Cythereia

194 2162 382 2207 mihitur,
408 2168 470 2198 aut
489 2162 629 2197 Mdeia
651 2169 711 2197 aut
732 2164 886 2197 AEnet'as.

199 2213 333 2249 Grecis
350 2227 459 2261 porro
475 2221 549 2249 tam
566 2219 724 2266 Λὴᾱνδρας
743 2214 782 2249 in
798 2227 884 2259 usu,

200 2277 309 2310 quam
320 2269 474 2313 Δίανδρος
486 2293 496 2310 ,
511 2274 572 2302 aut
587 2271 753 2317 Δείανδρος
766 2267 884 2310 fuisse,

198 2317 326 2363 probat
337 2317 435 2353 Alex.
449 2318 572 2354 Severi
584 2331 774 2361 nummus²
791 2318 885 2364 apud

199 2371 408 2406 Mox-ellium
421 2372 459 2407 in
478 2373 670 2418 specimine
687 2372 753 2408 Rei
768 2385 885 2407 num-—

198 2423 319 2458 marie
331 2449 342 2466 ‚
357 2436 391 2470 p.
412 2425 484 2459 188.
500 2423 665 2460 Lucum.

243 2491 272 2523 7.
296 2478 353 2512 Sit·
366 2491 470 2513 mens.
492 2480 549 2513 Ila
567 2491 660 2513 mens
682 2479 885 2515 Puteaneus

195 2538 234 2566 et
249 2544 290 2566 ex
314 2532 517 2568 melioribus
539 2532 596 2567 alii
618 2533 804 2568 nonnulli:
818 2545 883 2568 se—

198 2587 322 2632 quenti
343 2599 446 2621 versu
458 2613 468 2631 ‚
486 2589 626 2633 deficiat·
645 2594 732 2633 puto
754 2586 883 2633 legen—

197 2641 286 2676 dum
298 2667 308 2686 ‚
325 2653 390 2688 pro
405 2643 569 2687 deficiam.
584 2642 717 2677 Hssms.
734 2641 810 2687 Ego
821 2644 884 2677 de-

185 2697 310 2743 ficiam
323 2707 396 2729 non
416 2701 540 2735 muto;
558 2708 643 2730 nam
658 2695 783 2740 quibus
797 2698 883 2733 ani—

197 2759 278 2782 mus
300 2754 336 2782 et
359 2747 450 2783 vires
472 2747 624 2792 cadunt,
642 2750 781 2794 deficere
802 2750 881 2785 ele—-

199 2805 324 2843 ganter
337 2798 512 2834 dicuntur.
528 2800 659 2835 Banu.

995 1962 1028 1996 9.
1051 1949 1127 1982 Bas
1144 1949 1281 1991 geniale
1301 1948 1453 1982 colendo.
1475 1946 1551 1982 Rus
1573 1959 1641 1982 or-

952 2000 1086 2045 nando,
1099 2001 1291 2035 excolendo
1301 2027 1311 2045 ,
1326 2001 1385 2036 ubi
1393 2004 1512 2045 genio,
1525 2000 1561 2035 id
1574 2009 1638 2045 est,

951 2055 1187 2100 voluptatibus
1201 2054 1419 2101 indulgeatis.

1001 2119 1050 2142 10.
1062 2108 1105 2141 In
1115 2110 1221 2142 varia.
1230 2108 1272 2141 ln
1282 2111 1399 2142 varias
1409 2119 1537 2148 moms,
1547 2119 1639 2142 unus

953 2161 1101 2197 Heinsii.

1001 2228 1013 2248 1
1024 2228 1050 2248 ι.
1074 2214 1150 2248 Aut
1168 2216 1278 2248 uncta·
1296 2215 1387 2248 dona
1401 2215 1579 2258 paloeslrae.
1594 2215 1640 2247 ’1³5

951 2270 1043 2303 dona
1055 2280 1130 2302 non
1145 2268 1323 2303 satisfacit:
1335 2267 1431 2314 quod
1442 2280 1483 2302 ex
1495 2267 1638 2302 officina

951 2321 1245 2368 interpolatorum
1278 2335 1406 2358 censeo
1442 2321 1609 2368 prodiisse
1628 2348 1638 2364 ,

951 2386 1063 2421 quum
1079 2374 1116 2409 in
1133 2374 1387 2420 exemplaribus
1400 2379 1489 2409 esset
1502 2401 1511 2417 ,
1528 2377 1638 2408 uncta,-

943 2431 1128 2474 pastum,
1145 2429 1270 2464 omissa
1282 2429 1445 2464 videlicet
1456 2428 1559 2462 unica
1572 2440 1636 2462 vo-

950 2493 988 2515 ce
1001 2507 1010 2524 ‚
1039 2493 1146 2525 quam
1171 2481 1333 2527 cognatio
1364 2480 1549 2516 literarum
1584 2489 1634 2516 rosa

948 2536 1058 2567 unclae
1071 2532 1287 2578 absorpserat
1299 2547 1308 2574 ;
1321 2532 1518 2578 cujusmodi
1531 2545 1636 2567 men-

950 2584 1010 2619 das
1027 2584 1287 2630 propemodum
1303 2585 1458 2620 infinitas
1472 2611 1483 2629 ‚
1502 2591 1578 2619 tum
1597 2584 1635 2619 in

948 2637 1090 2672 Nasone
1104 2663 1114 2682 ‚
1139 2644 1217 2674 tum
1243 2638 1282 2672 in
1313 2637 1385 2672 aliis
1410 2636 1636 2682 scriptoribus

949 2690 1258 2737 deprehendimus.
1272 2691 1425 2727 Videtur
1436 2704 1521 2738 ergo
1535 2704 1555 2726 a
1567 2691 1635 2727 Na-

947 2746 1041 2781 sonis
1055 2759 1165 2780 manu
1179 2746 1282 2781 fuisse
1295 2759 1304 2781 τ
1453 2754 1456 2758 '
1698 2741 1705 2747 ’

1094 2807 1151 2832 Aut
1166 2813 1248 2832 unciae
1260 2808 1330 2832 lucin
1340 2807 1475 2840 paloestrae.
1489 2806 1599 2832 Hiems.
