1884 3112
294 246 348 289 35
353 261 378 289 2

724 243 1072 289 EPISTOLA
1112 243 1258 289 XIX.

352 336 566 386 Et‘facias
587 335 810 402 placidum
830 354 911 402 per
932 354 1049 384 mare
1074 347 1197 384 tutus
1221 336 1318 384 iter.

287 416 408 464 Dum
430 414 564 462 modo
589 414 649 462 sis
672 413 790 462 idem
810 432 819 462 ε
842 414 947 462 dum
972 413 1054 470 sic,
1080 425 1132 461 ut
1154 414 1336 472 scribis,
1361 433 1578 473 amemur-3

353 490 633 556 Flammaque
657 508 750 537 non
772 489 850 538 fiat
871 489 1060 553 frigidus
1083 489 1159 538 illa
1181 490 1305 539 cinis.

286 570 390 617 Non
415 587 498 631 ego
524 580 611 616 tam
633 579 789 619 ventos
813 567 947 616 timeo
964 605 976 627 ,
999 587 1097 618 mea
1119 579 1220 617 vota
1242 580 1484 627 morantes,
1661 596 1707 630 9.»

1689 585 1706 602 Ὶ

352 647 522 709 Quam,
544 643 700 692 similis
722 656 876 703 vento,
901 664 957 693 ne
983 657 1087 694 tuus
1109 657 1224 694 erret
1246 665 1397 695 amor:

285 723 351 772 Ne
374 741 467 770 non
491 721 574 769 sim
597 722 732 781 tanti,
757 735 1055 789 superentque
1078 722 1275 789 pericula
1299 742 1497 783 causam;

349 801 409 847 Et
431 798 580 847 videar
600 817 765 847 merces
790 818 883 848 esse
907 799 1060 849 labore
1081 800 1240 848 minor.

283 876 516 924 Interdum
537 888 714 935 metuo,
736 877 881 943 patria
903 896 959 925 110
981 876 1135 935 laedar,
1161 889 1205 925 et
1222 877 1364 945 impar

346 955 495 1002 Ducar
515 954 735 1020 Abydeno
759 954 884 1002 Sesta
902 954 1052 1021 puella
1076 967 1206 1003 toro,

1645 980 1706 1003 100

283 1033 413 1079 Ferre
435 1042 581 1078 tamen
602 1049 786 1096 possum
807 1031 1049 1096 patientius
1074 1031 1243 1088 omnia,
1270 1049 1402 1097 quam
1423 1031 1462 1079 si

350 1107 478 1166 Otia,
500 1107 650 1155 nescio
676 1126 764 1173 qua
785 1106 942 1173 pellice
965 1119 1142 1174 captus,
1166 1126 1269 1171 agas
1290 1127 1301 1167 ;

280 1188 335 1234 In
357 1197 432 1233 tua
456 1185 494 1233 si
516 1185 694 1233 veniant
715 1184 849 1233 alieni
873 1184 986 1234 colla
1003 1185 1176 1244 lacerti3

344 1263 500 1328 Sitque
522 1281 663 1310 novus
686 1263 830 1310 nostri
853 1262 954 1311 finis
980 1263 1143 1311 amoris
1167 1282 1304 1311 amor.

280 1341 354 1389 Ah
373 1341 383 1387 !
409 1340 561 1407 potius
585 1359 783 1406 peream,
807 1360 937 1406 quam
959 1341 1140 1390 crimine
1162 1339 1365 1390 vulnerer
1387 1341 1502 1400 isto;

1643 1367 1655 1390 1
1662 1357 1704 1390 05

344 1419 538 1483 Fataque
562 1417 652 1465 sint
675 1416 806 1483 culpa
828 1429 983 1466 nostra
1005 1419 1155 1484 priora
1179 1419 1279 1466 tua!

279 1496 392 1552 Nec,
420 1494 524 1560 quia
546 1494 720 1542 venturi
744 1493 916 1543 dederis
935 1495 1046 1543 mihi
1066 1496 1192 1559 signa
1216 1494 1405 1555 doloris,

345 1573 450 1619 Haec
475 1571 658 1636 loquor,
684 1582 761 1618 aut
783 1571 897 1619 fama
921 1571 1156 1622 sollicitata
1177 1593 1304 1621 nova.

281 1648 446 1696 Omnia
468 1647 545 1694 sed
567 1666 721 1694 vereor
739 1667 749 1694 ;
770 1648 870 1713 quis
895 1649 1012 1695 enim
1036 1668 1217 1697 securus
1241 1649 1437 1697 amavit?

346 1723 479 1785 Cogit
503 1735 547 1771 et
571 1723 775 1772 absentes
799 1723 929 1790 plura
951 1724 1104 1772 timere
1127 1723 1266 1772 locus.

1642 1749 1703 1771 lm

282 1801 449 1865 Felices
473 1799 590 1858 illas,
617 1819 695 1850 sua
720 1820 828 1867 quas
851 1801 1084 1867 praesentia
1105 1820 1236 1849 nosse

345 1879 542 1927 Crimina
564 1897 666 1927 vera
686 1878 830 1944 juvat,
855 1877 964 1926 falsa
988 1878 1138 1926 timere
1162 1877 1305 1925 vetat!

270 1997 398 2038 polius,
411 2006 509 2039 quam
520 1995 586 2038 qui,
599 1991 778 2027 Leidensis
789 1991 863 2027 :sed
872 1993 957 2026 frus-

276 2054 330 2081 tra
342 2061 350 2088 ;
363 2059 445 2080 mox
454 2049 574 2080 cautus
590 2048 664 2085 Her,
681 2044 818 2079 volebat
833 2045 956 2078 Franc.

325 2110 397 2132 100.
420 2100 542 2132 Ducat
549 2097 716 2143 Abydeno
731 2097 830 2130 Sesta
839 2097 957 2140 puella

276 2155 358 2184 loro.
381 2151 448 2183 Pro
473 2150 572 2183 Sesto
590 2175 598 2189 ,
638 2160 729 2182 unus
752 2147 932 2182 Mediceus
946 2172 955 2190 ,

281 2204 392 2236 Cresa.
427 2201 642 2247 Argentinus
668 2207 704 2234 et
730 2200 934 2234 Basileensis
945 2225 954 2242 ,

278 2255 428 2289 Cressa:
451 2266 542 2288 unus
558 2252 711 2296 Moreti,
737 2254 850 2286 Festa.
875 2253 956 2286 Pu·-

274 2312 421 2340 teaneus
440 2331 449 2349 ‚
479 2307 653 2348 Thressa5
677 2304 818 2349 optime.
849 2302 955 2338 Certe

277 2356 436 2392 Thressae
449 2356 617 2402 despectae
629 2383 638 2400 ,
651 2363 691 2390 ut
697 2370 737 2390 ex
750 2355 955 2390 Graecorum

273 2415 370 2453 patet
386 2408 654 2443 commentariis.
674 2407 789 2452 Atque
804 2408 850 2442 ita
864 2407 896 2441 T
898 2407 955 2441 he-

275 2460 422 2494 mistocli
437 2460 632 2504 objectum,
655 2459 749 2504 quod
768 2472 788 2493 e
809 2460 954 2493 Thressa

274 2518 465 2558 prognatus
481 2519 569 2546 esset
580 2539 588 2552 ‚
615 2519 654 2546 ut
670 2512 778 2557 liquet
789 2525 829 2546 ex
845 2511 955 2545 AEmi-

274 2563 321 2597 lio
338 2564 466 2598 Probo.
489 2562 654 2597 Citantur
669 2564 711 2598 ab
729 2563 900 2598 Athenaeo
915 2563 952 2597 in

274 2616 595 2662 Deipnosophistis,
620 2623 654 2650 et
674 2617 715 2650 ab
737 2616 807 2650 aliis
829 2615 953 2650 Gram-

273 2669 406 2702 maticis
417 2695 425 2711 ,
434 2670 569 2718 Θράτται
578 2694 587 2712 ,
602 2667 785 2703 Comoedia
796 2667 950 2711 Cratini,

272 2721 309 2754 in
327 2732 394 2765 qua
413 2720 579 2754 Thressas
596 2721 743 2755 feminas
757 2720 857 2754 fuisse
871 2732 953 2754 exa-

274 2772 394 2817 gitatas
421 2771 559 2806 nullum
590 2772 676 2805 mihi
715 2771 862 2807 dubium
899 2771 949 2806 fit.

1023 1991 1118 2026 Hinc
1141 1998 1176 2025 et
1200 1989 1292 2036 apud
1315 1989 1498 2024 Valerium
1516 1989 1699 2035 Flaccum,

1021 2053 1067 2077 111
1077 2069 1086 2086 ,
1106 2042 1169 2087 706
1180 2069 1189 2087 ,
1203 2042 1331 2076 Zethes
1348 2048 1383 2076 et
1398 2041 1511 2076 Calais
1521 2069 1531 2086 ,
1555 2044 1701 2077 Thr-acala

1016 2098 1130 2139 proles
1153 2107 1216 2140 per
1237 2101 1480 2139 contemptum
1506 2094 1548 2129 ab
1569 2094 1699 2129 Jasone

1022 2154 1191 2181 vocantur
1205 2173 1214 2190 ,
1243 2145 1336 2191 quod
1357 2159 1397 2180 ex
1415 2146 1530 2181 Borea
1553 2147 1627 2181 nati
1644 2160 1700 2182 es·—

1022 2206 1110 2234 sent.
1132 2199 1267 2233 HEINS.

1067 2252 1138 2286 103.
1163 2252 1204 2285 St
1220 2254 1367 2286 veniant.
1403 2252 1512 2294 Quam
1537 2254 1696 2292 veniant,

1021 2304 1164 2338 Moreti.

1068 2358 1140 2390 105.
1167 2357 1329 2396 Crimine,
1353 2355 1519 2389 Francius
1533 2354 1698 2400 conjicie-

1018 2410 1097 2452 bat,
1115 2411 1254 2443 nomine.

1067 2475 1080 2494 1
1090 2474 1102 2494 1
1112 2474 1124 2494 1
1131 2487 1138 2494 .
1153 2461 1222 2494 Sua
1232 2472 1315 2504 quas
1319 2462 1501 2504 presentia
1511 2470 1609 2492 nosse
1623 2459 1699 2492 Cn‘-

1019 2517 1111 2546 mina
1125 2512 1325 2557 verajuvat.
1345 2511 1438 2556 Qu'ae
1452 2523 1562 2556 quum
1573 2515 1696 2544 cuncta

1019 2577 1081 2610 per
1096 2578 1130 2599 se
1147 2563 1288 2598 videant
1300 2590 1309 2607 ,
1327 2564 1405 2608 quia
1413 2566 1611 2608 pra-sentes,
1626 2560 1694 2595 salli

1018 2616 1115 2650 nullo
1149 2615 1256 2649 modo
1289 2622 1441 2661 possunt.
1476 2611 1694 2648 Emendabat

1018 2667 1170 2713 Scaliger
1176 2667 1301 2713 jubet;
1319 2668 1435 2711 sicque
1447 2666 1620 2709 legendum
1630 2663 1692 2697 im·

1017 2726 1113 2764 perat
1130 2719 1294 2754 Heinsius
1305 2745 1314 2763 ,
1328 2732 1369 2752 ex
1386 2717 1585 2753 auctoritate
1597 2742 1607 2760 ,
1629 2714 1692 2748 in-

1017 2772 1112 2816 quit,
1130 2772 1251 2806 decem
1268 2771 1451 2806 librorum.'
