1884 3112
1291 273 1589 290 mmm

300 391 1467 491 P.BURMANNISECUND1

839 578 916 615 AN

579 711 798 768 NASO
849 712 1181 769 PRIMUS

218 859 567 901 HEROIDUM
604 856 972 899 EPISTOLAS
1009 858 1535 901 CONSCRIPSERIT

459 1011 839 1076 -QUAESTIO
889 1012 1200 1062 CRITICA.
1241 1016 1263 1039 *

169 1478 373 1500 ........
383 1429 540 1513 QUOD
559 1469 685 1501 autem
703 1461 757 1501 N.
777 1462 983 1512 Heinsius,
1005 1461 1115 1501 initio
1133 1470 1313 1501 notarum
1333 1463 1379 1501 ad
1395 1463 1588 1503 Nasonia-

159 1542 226 1568 nas
244 1528 457 1568 Heroidum
476 1527 689 1581 Epistulas,
712 1529 871 1582 ejusque
890 1529 1114 1569 auctoritate
1133 1527 1424 1569 Brouckhusius
1438 1558 1451 1579 ‚
1470 1530 1588 1569 adfir-

157 1594 296 1645 mavit,
314 1611 335 1630 n
366 1593 578 1647 Epistulam
599 1593 804 1635 Arethusae
822 1595 870 1634 ad
886 1596 1070 1648 Lycotam
1083 1625 1095 1645 ‚
1116 1610 1202 1649 quae
1225 1596 1326 1650 apud
1345 1596 1588 1650 Propertium

154 1668 289 1710 exstat,
315 1658 375 1699 ad
384 1660 634 1700 undationem
654 1660 794 1700 Ovidii
804 1662 1058 1716 conscriptam
1071 1662 1188 1703 fuisse
1199 1692 1212 1713 ‚
1229 1671 1276 1702 ut
1289 1662 1391 1702 illius
1406 1662 1586 1702 nimirum

153 1726 325 1782 exemplo
345 1727 464 1768 simile
488 1728 675 1769 scribendi
697 1743 819 1784 genus
834 1729 1095 1781 aemularetur,
1113 1729 1256 1771 invitus
1277 1728 1324 1768 ab
1344 1738 1512 1783 utroque
1531 1730 1588 1768 rei

153 1794 316 1848 poetioe
329 1793 472 1835 arbitro
490 1796 720 1850 peritissimo
736 1795 936 1836 dissentire
951 1810 1085 1852 cogor.
1105 1797 1286 1837 Fundum
1304 1797 1499 1851 opinionis
1515 1811 1587 1851 po·
1633 1850 1635 1852 v

155 1867 255 1900 nunt
272 1860 312 1901 in
331 1861 421 1903 loco
442 1862 631 1914 Nasonis,
650 1861 737 1903 Art.
755 1862 885 1902 Amat.
906 1873 957 1902 111
972 1893 984 1913 ‚
1006 1862 1086 1913 345
1103 1880 1113 1904 ε

442 1964 512 2000 Vel
528 1965 590 2001 tibi
606 1966 797 2011 composita
813 1972 977 2001 cantetur
994 1965 1149 2011 Epistola
1164 1978 1272 2010 voce;

492 2019 662 2066 Ignotum
678 2021 746 2056 hoc
763 2021 834 2056 aliis
850 2021 907 2056 ille
925 2026 1062 2057 novavit
1075 2035 1172 2067 opus.

158 2108 239 2150 Ubi
251 2112 410 2151 novavit
427 2119 484 2152 est
500 2110 547 2152 ab
562 2111 643 2152 aliis
662 2112 879 2169 neglectum
899 2121 937 2153 et
953 2114 1135 2153 omissum
1147 2143 1160 2164 ‚
1180 2125 1317 2151 rursus
1335 2113 1377 2151 in
1395 2126 1505 2151 usum
1525 2114 1590 2152 in-

157 2174 275 2217 duxit
289 2207 303 2226 ‚
334 2191 416 2218 non
437 2192 529 2220 vero
549 2180 721 2233 primum
742 2180 929 2218 invenisse
952 2180 1117 2232 iudicat,
1138 2188 1183 2220 ut
1204 2180 1299 2220 male
1326 2180 1387 2220 hic
1409 2180 1587 2235 Micyllus

156 2252 300 2284 censet.
325 2244 462 2285 Potius
480 2245 632 2287 videtur
652 2247 897 2287 statuendum
912 2277 924 2298 ‚
953 2247 1136 2288 Ovidium
1151 2277 1163 2298 ‚
1186 2247 1283 2287 lecta
1300 2246 1370 2287 hac
1396 2262 1472 2287 una
1490 2248 1588 2286 Pro-

157 2309 270 2363 pertii
283 2309 436 2365 Elegia,
453 2313 651 2352 excitatum
668 2313 782 2354 fuisse
796 2344 808 2363 .,
826 2323 871 2354 ut
888 2316 1033 2368 justum
1055 2329 1153 2369 opus
1173 2313 1394 2354 Heroidum
1414 2314 1591 2370 aggrede-

156 2384 285 2424 retur;
304 2385 365 2427 et,
390 2392 509 2430 quum
529 2379 752 2433 Propertius
771 2382 956 2421 Romanae
974 2381 1122 2422 seminae
1146 2382 1358 2436 Epistolam
1375 2381 1474 2421 felici
1494 2381 1587 2420 adeo

155 2457 332 2484 successu
354 2443 551 2498 scripserat
563 2475 575 2495 ‚
592 2446 787 2486 Nasonem
800 2477 812 2498 ‚
829 2456 901 2501 p'ro
917 2447 1089 2488 ubertate
1105 2449 1277 2504 ingenii,
1299 2448 1527 2504 excogitasse
1548 2457 1587 2487 et

160 2511 419 2564 composuisse
434 2511 626 2565 Epistolas
642 2512 847 2552 illustrium
866 2512 1089 2553 seminarum
1105 2529 1150 2553 ex
1171 2514 1407 2569 temporibus
1422 2514 1586 2553 heroicis

157 2577 359 2630 petitarum
371 2607 382 2628 .,
401 2577 508 2631 quale
529 2592 627 2632 opus
652 2577 730 2618 aliis
751 2580 920 2632 ignotum
931 2610 944 2628 ,
968 2595 1006 2619 se
1029 2591 1192 2618 novasse
1212 2581 1293 2621 sine
1313 2581 1399 2620 salsa
1418 2579 1591 2634 jactantia

158 2642 330 2696 profiteri
352 2645 493 2698 potuit.
516 2645 619 2685 Huic
635 2655 859 2701 argumento
879 2647 982 2686 addit
1002 2647 1165 2701 Vulpius
1180 2647 1267 2700 (qui
1285 2655 1324 2686 et
1343 2647 1383 2686 in
1402 2646 1587 2701 Prolego-

201 2775 220 2820 ᾖ
243 2777 300 2812 Ad
316 2779 506 2816 Pnorssn'r.
522 2792 574 2825 1v,
593 2781 689 2827 Elcg.
707 2792 771 2827 111,
789 2794 866 2827 quae
881 2789 933 2819 est
951 2782 1134 2818 Arethusae
1150 2782 1194 2818 ad
1212 2783 1381 2831 Lycotam
1398 2782 1561 2829 Epistola.
