1884 3112
0 1751 11 1786 ἠ
0 1632 9 1730 *ν’-νυν·
0 1550 9 1582 ⁷⁴-
1 1523 6 1534 »ι
0 1392 12 1490 κους-ν
0 1349 7 1362 .-
0 1323 7 1333 2
2 1286 4 1291 <
0 1253 5 1266 ι·
0 1183 10 1221 ⁷.;-
5 1155 9 1162 ,

413 233 711 282 PHYLLIS
752 229 1299 282 DEMOPHOONTI.
1505 235 1563 299 37

147 330 297 407 thue
318 328 403 378 tibi
421 329 680 388 excidimus,
703 327 891 387 nullam,
916 339 1047 396 puto,
1067 327 1271 396 Phyllida
1292 328 1425 379 nosti.
1503 343 1566 378 ωε

168 413 172 417 ’
210 406 298 456 Hei
320 406 452 455 mihi!
479 406 540 465 si,
567 425 665 473 quae
688 406 772 455 sim
794 405 984 473 Phyllis,
1009 418 1053 455 et
1075 406 1212 466 unde,
1237 425 1388 472 rogasr

147 481 261 547 Quae
286 483 390 541 tibi,
416 483 736 550 Demophoon,
761 481 905 546 longis
929 484 1154 533 erroribus
1177 495 1275 534 acto

208 559 437 609 Threicios
459 571 636 627 portus,
656 558 988 626 hospitiumque
1011 559 1111 608 dedi
1129 580 1140 609 t

148 636 287 703 Cujus
312 656 420 705 opes
442 655 599 686 auxere
621 654 728 685 meae
754 655 765 684 :
790 636 862 684 cui
886 635 1005 684 dives
1029 635 1177 699 egenti

210 715 402 763 Munera
421 712 561 762 multa
584 712 704 772 dedi,
728 711 868 761 multa
891 711 1046 761 datura
1067 711 1157 770 fui;
1505 738 1566 762 ιιο

147 789 261 854 Quae
285 790 369 839 tihi
392 789 560 854 subjeci
582 787 794 837 latissima
816 807 954 852 regna
975 789 1189 856 Lycurgi,

208 869 399 919 Nomine
421 867 610 917 femineo
633 867 835 930 vix-‚satis
860 878 961 934 apta
985 867 1078 930 regi
1101 884 1113 913 :

145 946 248 1011 Qua
269 957 392 1013 patet
412 945 674 994 umbrosum
695 943 921 1011 Rhodope
947 942 1139 1007 glacialis
1162 941 1218 991 ad
1241 941 1467 1002 Haemum,

207 1023 269 1072 Et
291 1041 411 1072 sacer
433 1021 644 1071 admissas
667 1020 804 1084 exigit
826 1021 1008 1070 Hebrus
1031 1039 1180 1088 aquas.

142 1144 236 1173 trem
250 1136 550 1184 Demophoontis,
573 1149 638 1183 pro
656 1148 699 1171 eo
715 1147 823 1182 quem

143 1189 350 1226 Plutarchus
370 1197 408 1224 et
432 1189 488 1224 alii
508 1188 822 1235 Demophoontem

143 1249 290 1286 vocant,
321 1255 340 1277 a
362 1255 432 1288 quo
455 1241 604 1277 Laodice
626 1252 823 1286 compressa

144 1293 360 1330 Munichum
375 1294 558 1340 pepererit.
575 1293 713 1327 Mlcn.

192 1349 266 1382 105.
286 1347 395 1392 thue
410 1348 478 1381 tibi
486 1347 681 1380 excidimus.
696 1344 749 1379 lta
765 1342 827 1380 Se·

145 1410 222 1434 nec.
238 1398 338 1433 Med.
353 1398 414 1433 561
433 1410 441 1433 :
459 1399 657 1432 Excidr'mus
672 1398 743 1430 tibi.

194 1451 267 1486 106.
289 1451 331 1485 Se·
338 1464 410 1497 que
424 1453 488 1485 se'rn
499 1451 632 1496 Phyllis
642 1475 651 1490 ,
670 1452 708 1482 et
719 1449 806 1482 unde
814 1473 824 1487 ,

145 1516 253 1548 rogas.
268 1503 417 1550 Vulgata
430 1507 628 1538 contemtus
641 1506 676 1534 et
690 1498 825 1534 vilitatis

144 1555 296 1591 formula
309 1581 320 1599 ,
353 1567 421 1600 qua
447 1554 587 1600 ignotos
617 1551 825 1597 compellare

145 1613 418 1648 consueverant3
434 1613 474 1642 ut
490 1606 587 1652 Virg.
602 1619 631 1640 1.
645 1604 729 1639 AEn.
739 1602 825 1651 359:

97 1662 102 1667 Χ
145 1669 196 1696 Sed
206 1677 254 1695 voe
261 1668 309 1703 qni
315 1668 431 1699 tudem,
440 1666 536 1702 quibus
545 1672 590 1692 aut
598 1665 706 1692 venistis
715 1665 748 1689 ab
757 1663 826 1690 oris?

144 1718 206 1755 ubi
234 1721 269 1755 τὶ
289 1718 423 1752 tandem
451 1714 596 1752 inservit
623 1714 826 1750 vehemen-

145 1770 226 1807 tiori
241 1769 350 1806 animi
365 1768 604 1805 commotioni.
620 1767 676 1803 Ita
691 1767 722 1802 F
722 1766 784 1801 lor.
801 1775 825 1800 1.

149 1824 209 1868 18,
232 1823 275 1859 de
293 1821 494 1858 Tarentinis
511 1831 520 1853 ε
541 1822 620 1856 Sine
634 1822 827 1855 discrimine

145 1878 337 1918 tiusultamss·
366 1878 426 1921 qni
445 1877 534 1909 enim
561 1877 623 1909 aut
642 1874 729 1907 unde
751 1873 827 1906 Ro-

147 1929 268 1965 mani?
289 1940 396 1974 quem
418 1926 535 1962 locum
557 1926 669 1971 eiecto
692 1924 827 1971 glosse-

147 1987 243 2019 mate
263 1979 400 2027 egregie
422 1978 601 2014 constituit
629 1977 826 2013 Salmasius.

147 2033 266 2068 Livius
280 2042 375 2067 xxm
386 2058 397 2076 ,
420 2031 463 2076 34
477 2043 486 2066 ε
505 2032 585 2066 Cum
600 2033 761 2076 quereret
773 2031 833 2074 qut·

149 2089 189 2120 et
210 2087 318 2126 unde,
351 2089 389 2120 et
409 2097 472 2130 quo
492 2085 669 2118 tenderent
689 2094 827 2116 cursum.

150 2138 282 2173 Eunu.
295 2155 340 2165 ·-
353 2137 394 2172 Si
403 2149 475 2182 quae
491 2139 554 2170 sim
570 2136 712 2182 Phyllis.
728 2132 826 2169 Nul-

149 2190 226 2225 lum
231 2189 356 2225 certius
362 2188 542 2224 oblivionis
548 2186 715 2222 indicium
723 2198 830 2232 quam

151 2240 402 2287 contumeliosa
422 2239 479 2276 illa
495 2238 722 2286 interrogatio
734 2265 743 2283 ,
762 2250 830 2283 qua

151 2293 254 2340 fingit
272 2292 371 2328 illum
385 2305 519 2327 nomen
541 2292 647 2327 etiam
667 2291 831 2337 ignorare

153 2344 339 2394 Phyllidis,
357 2344 400 2380 de
418 2357 487 2390 qua
502 2350 574 2380 tam
586 2344 677 2379 bene
691 2342 830 2378 meruit.

152 2398 226 2435 Sed
234 2398 263 2433 si
274 2411 346 2444 quae
359 2399 424 2432 sim
438 2409 551 2441 rogas,
570 2395 665 2430 addit
680 2394 810 2443 Phyllis
819 2419 831 2438 ,

152 2449 373 2497 respondebo
385 2448 445 2484 tibi
454 2475 464 2493 ‚
478 2460 557 2483 eam
570 2459 642 2483 esse
657 2459 715 2482 me
729 2458 832 2491 que...

153 2504 251 2550 cujus
253 2529 335 2538 ........

170 2591 177 2596 ,
201 2567 273 2602 ¹⁰7·
285 2555 470 2590 Erroribus.
484 2552 695 2591 Emantibus,
712 2547 833 2585 Codex

155 2607 296 2644 Pau-lcii
311 2606 421 2642 Junii.
439 2605 531 2651 Lege
543 2606 652 2649 longeti-
660 2604 834 2639 erratibus.

156 2660 304 2696 Metam.
319 2669 377 2703 1v,
394 2671 426 2693 v.
443 2657 529 2703 567:

334 2719 484 2752 nouisque
493 2716 623 2743 mutibus
632 2721 704 2742 nctus

159 2768 272 2803 Contigit
280 2767 401 2803 Illyricos
409 2766 518 2802 profuge
525 2774 584 2792 cum
595 2765 705 2799 conjuge
712 2769 811 2799 portus.

890 1134 982 1181 Quae
998 1135 1064 1170 illic
1078 1141 1239 1170 veterum
1260 1135 1430 1170 librorum
1456 1134 1566 1171 lectio.

886 1206 931 1214 —·
945 1188 1045 1222 Acto.
1067 1187 1202 1223 Nostris
1223 1187 1379 1222 litoribus
1391 1213 1401 1231 ,
1419 1195 1497 1233 post
1513 1195 1565 1222 tot

887 1253 1023 1275 errores
1045 1239 1196 1286 appulso.
1220 1240 1318 1286 Virg.
1335 1239 1476 1275 AEneid.
1492 1251 1539 1275 111
1553 1267 1562 1285 ,

886 1293 951 1328 338
965 1306 973 1328 τ

937 1353 1004 1386 Quis
1018 1358 1043 1378 te
1054 1352 1172 1386 ignarum
1182 1352 1276 1378 nostris
1288 1353 1360 1378 neus
1375 1353 1481 1388 appulit
1491 1353 1541 1377 orix
1553 1351 1567 1376 ἔ

935 1415 948 1436 1
958 1415 970 1436 1
980 1414 992 1436 ι
999 1428 1006 1435 .
1025 1402 1220 1436 battis-sima.
1233 1402 1428 1436 latissima
1438 1408 1513 1436 erat
1524 1401 1562 1437 in

889 1453 1071 1488 Puteaneo
1084 1466 1103 1487 a
1118 1465 1226 1487 manu
1241 1452 1371 1499 prima3
1389 1453 1449 1488 sed
1464 1454 1565 1488 serti-

888 1505 958 1539 lem
978 1505 1079 1540 fuisse
1102 1504 1288 1539 Thraciam
1307 1511 1437 1551 negant
1457 1505 1566 1551 scrip-

888 1563 982 1592 tores
992 1583 1002 1601 ,
1024 1563 1060 1592 et
1074 1569 1139 1592 nec
1154 1558 1241 1592 coelo
1255 1559 1386 1599 letam,
1407 1570 1471 1592 nec
1481 1560 1567 1592 solo.

889 1609 1120 1645 Insecundam
1139 1635 1151 1653 ,
1179 1609 1245 1645 nisi
1274 1622 1343 1655 qua
1366 1610 1455 1645 mari
1482 1623 1567 1657 pro-

888 1662 967 1708 pior
980 1689 990 1706 ,
1015 1668 1051 1696 et
1069 1661 1230 1708 frigidm
1252 1675 1323 1697 esse
1340 1661 1422 1697 dicit
1445 1663 1540 1698 Mela
1553 1690 1563 1708 ,

888 1715 945 1750 lib.
962 1726 991 1749 11
1005 1741 1014 1758 ‚
1035 1729 1064 1749 2.
1089 1713 1211 1759 Quare
1227 1714 1364 1750 retineo
1378 1714 1565 1761 vulgatam.

888 1784 933 1795 ·—-
956 1768 1078 1812 Regna
1104 1767 1253 1815 Lycurgi
1273 1766 1478 1813 periphrasis
1515 1775 1567 1803 est

889 1819 1065 1864 Thraciae,
1081 1826 1121 1855 ut
1134 1819 1255 1867 Virgil.
1271 1818 1413 1856 AEneid.
1426 1831 1471 1855 111
1481 1846 1491 1863 ‚
1517 1822 1566 1864 14.

889 1880 1003 1906 Thraces
1012 1885 1086 1906 amnt
1094 1899 1102 1912 ‚
1115 1880 1169 1906 neri
1182 1880 1313 1915 quondam
1322 1885 1426 1914 regnata
1433 1880 1565 1914 Lycurgo.

891 1929 1010 1974 Hujus
1022 1936 1139 1966 autem
1154 1935 1350 1975 opportune
1364 1928 1421 1964 hic
1431 1929 1566 1964 mentio

889 1981 1046 2027 injicitur
1055 2008 1066 2026 ,
1093 1988 1134 2016 ut
1157 1981 1368 2016 beneficium
1392 1994 1496 2016 suum
1523 1994 1567 2016 eo

891 2034 1000 2079 magis
1021 2032 1268 2077 commendet,
1286 2045 1363 2078 quae
1389 2040 1570 2080 exceperat

892 2086 1061 2132 portubus
1078 2085 1147 2120 suis
1161 2084 1435 2131 Demophoonta
1447 2110 1458 2128 ‚
1470 2084 1568 2120 unde

891 2151 1001 2174 saevus
1015 2145 1051 2173 et
1064 2136 1276 2184 inhospitalis
1290 2137 1469 2185 Lycurgus
1486 2136 1569 2172 soli-

894 2198 948 2227 tus
964 2197 1039 2226 erat
1053 2203 1127 2226 non
1141 2188 1249 2225 modo
1264 2201 1381 2225 arcere
1397 2188 1547 2236 hospites
1557 2215 1567 2233 .

893 2243 953 2280 sed
969 2242 1134 2279 occidere.
1149 2242 1279 2277 Bultu.

942 2311 955 2331 1
965 2298 1012 2340 14.
1024 2296 1133 2330 Sacer.
1141 2293 1240 2328 Bene
1250 2292 1337 2335 ;sive
1345 2293 1439 2339 quod
1447 2305 1570 2328 omnes

894 2348 991 2384 fluvii
1004 2350 1110 2388 ,σαι-η’,
1124 2353 1160 2381 et
1173 2345 1335 2381 Deorum
1349 2358 1501 2381 numero
1515 2344 1571 2380 ad—

895 2400 1037 2447 scripti,
1058 2399 1128 2434 sive
1152 2404 1296 2444 propter
1317 2397 1445 2433 Bacchi
1466 2396 1572 2443 orgia.

896 2455 996 2488 Nilus
1010 2464 1121 2491 sacer,
1140 2450 1184 2485 ob
1198 2463 1293 2485 sacra
1313 2449 1477 2496 AEgyptia
1490 2475 1499 2493 ,
1514 2448 1574 2483 ubi

896 2505 975 2540 vide
993 2503 1134 2539 Gevart.
1151 2501 1276 2537 Avien.
1296 2501 1468 2547 Descript.
1485 2500 1574 2536 Orb.

897 2558 1004 2592 Sacer
1012 2557 1180 2601 Alpheus,
1190 2560 1333 2600 propter
1343 2553 1444 2589 ludos
1453 2552 1577 2601 Olym-

922 2610 1021 2645 iacos.
1042 2609 1148 2642 Sacer
1164 2608 1311 2642 Eurotas
1335 2605 1401 2641 Vir
1424 2605 1501 2649 ilio,
1530 2605 1575 2640 ob

897 2623 1140 2689 E'alaestricam.
1149 2651 1269 2687 Posset
1275 2658 1393 2686 tamen
1402 2619 1467 2697 flagi
1473 2651 1572 2689 celer,

900 2707 981 2752 quia
995 2707 1153 2740 admissa
1171 2716 1267 2750 aqua
1287 2703 1446 2749 sequitur
1465 2715 1473 2737 :
1493 2702 1540 2736 sic
1561 2713 1581 2735 a

903 2759 1027 2798 Senec„
1051 2756 1163 2794 Theb.
1180 2757 1260 2806 607,
1281 2762 1425 2795 vocatur
1446 2754 1584 2800 rapidus
