1884 3112
280 280 359 326 138
740 279 1094 328 EPPSTOLA
1122 285 1212 330 VI.

235 397 241 404 ·
274 371 398 436 Quid
416 371 547 428 refert
558 385 573 431 ,’
592 370 797 421 scelerata
817 372 935 439 piam
960 373 997 421 si
1017 374 1172 432 vincit;
1196 387 1241 423 et
1258 374 1358 441 ipso

337 448 529 497 Crimine
552 447 701 496 dotata
722 460 812 506 est,
837 448 1107 516 emeruitque
1129 449 1306 498 virum?

271 524 556 574 Lemniadum
575 523 743 574 facinus
767 524 922 592 culpo,
947 544 1040 573 non
1061 525 1217 584 miror,
1242 526 1391 574 Iason:

340 599 596 663 Quamlibet
611 601 734 649 iratis
756 601 851 668 ipse
875 600 950 649 dat
967 619 1084 650 arma
1108 601 1251 649 dolor.
1620 612 1682 658 140

273 675 358 724 Dic
380 695 480 740 age,
506 677 544 725 si
561 678 725 737 ventis,
749 690 801 726 ut
818 677 1033 745 oportuit,
1058 688 1181 725 actus
1201 675 1366 742 iniquis

335 753 547 802 Intrasses
569 766 744 820 portus,
770 766 909 820 tuque
934 772 1188 820 comesque,
1213 770 1361 810 meos;

275 823 506 895 Obviaque
525 830 731 888 exissem,
754 829 865 878 foetu
882 831 1087 879 comitata
1108 828 1322 893 gemello:

337 904 519 954 Hiscere
538 925 694 974 nempe
717 907 800 955 tibi
821 918 935 956 terra
955 906 1152 970 roganda
1170 905 1311 953 foret!

272 982 380 1048 *Quo
402 983 528 1033 vultu
545 986 708 1034 natos?
730 1004 819 1051 quo
836 1004 925 1044 me,
949 983 1173 1043 scelerate,
1195 981 1395 1031 videres?
1623 993 1685 1037 145

320 1113 392 1158 137.
412 1113 506 1156 Quid
523 1114 646 1159 refert,
669 1116 838 1149 scelerata
854 1116 950 1158 piam

273 1166 310 1198 si
325 1167 440 1199 vincit.
458 1166 605 1210 Reserat
616 1193 626 1208 ‚
651 1166 850 1201 Puteaneus
877 1177 886 1199 ε
909 1177 951 1199 ex

274 1215 343 1250 suis
352 1216 483 1261 prosert
496 1218 689 1264 Naugerius
698 1245 708 1262 ,
728 1217 952 1262 Quidrefert?

275 1271 391 1302 vincet
414 1268 519 1303 etiam
549 1269 721 1305 meliores.
741 1288 786 1296 -
810 1271 861 1303 Et
877 1272 951 1313 ipso

274 1322 412 1354 crimine
439 1322 560 1355 dolata
594 1325 657 1355 est.
700 1320 865 1357 Notanda
895 1319 953 1355 hic

275 1371 412 1417 egregia
432 1372 481 1406 vis
496 1373 677 1407 sententiae
693 1372 797 1407 simul
813 1379 848 1407 et
863 1385 951 1406 ver—

275 1421 421 1465 borum3
453 1425 573 1458 dotata
599 1427 734 1459 crimine
748 1451 757 1465 ,
789 1423 951 1457 omnium

274 1475 472 1520 turpissimo
483 1500 492 1518 ‚
510 1475 706 1521 proditione
721 1476 788 1511 scil.
803 1477 809 1510 !
830 1475 952 1520 Quem

275 1538 359 1560 vero
383 1527 535 1572 prodidit
550 1527 679 1562 Medea
690 1554 700 1572 ‚
729 1534 769 1561 ut
781 1527 953 1562 advenam

277 1585 482 1624 sequeretur
497 1579 513 1613 ?
539 1580 682 1614 Patrem
694 1605 704 1624 ‚
725 1585 760 1613 et
775 1591 860 1613 cum¹
878 1579 952 1624 ipso

278 1642 448 1676 regnum,
472 1631 573 1665 fatale
593 1631 700 1666 vellus
726 1629 866 1665 tradens
889 1631 954 1664 Ja-

277 1682 364 1719 soni.
391 1682 561 1726 Quamvis
586 1683 792 1728 plerumque
815 1682 954 1717 mollior

280 1740 317 1768 et
328 1733 525 1768 illaboratus
534 1734 627 1770 Naso
637 1760 647 1778 ,
663 1747 736 1768 non
745 1746 825 1768 raro
833 1741 953 1768 tamen

277 1783 335 1819 illa
349 1785 541 1830 assequitur
554 1786 718 1821 orationis
733 1793 952 1830 ornamenta,

281 1849 359 1882 quae
382 1836 436 1871 vel
450 1837 488 1871 in
504 1838 578 1883 ipso
595 1838 745 1873 Marone
760 1851 834 1873 non
850 1845 955 1873 tran-

278 1894 379 1923 seant
393 1888 619 1925 inobservata.

326 1940 398 1975 138.
425 1942 568 1976 Cn‘mine
591 1944 719 1976 dotata.
744 1941 932 1988 Eleganter
945 1955 956 1984 ς

281 1992 379 2037 quasi
394 1993 528 2027 crimen
542 2000 630 2029 esset
643 2006 708 2039 pro
724 1994 826 2029 dote:
841 1994 889 2029 ita
896 1995 957 2028 10-

258 2067 261 2069 -
280 2044 400 2089 quitur
413 2051 448 2079 et
459 2045 587 2080 Justin.
602 2057 629 2090 1,
640 2058 713 2091 cap.
725 2058 761 2092 7:
781 2047 959 2080 Uxorma-

279 2099 509 2141 ritisanguine
518 2099 638 2132 dotata
650 2111 784 2142 regnum
799 2100 868 2132 viri
875 2102 914 2134 et
921 2110 960 2131 se

275 2151 411 2192 pariter
426 2151 579 2184 adultero
597 2151 747 2184 tradidit.
770 2149 901 2185 BURM.
915 2166 960 2175 —-·

283 2200 496 2245 Emeruitque
506 2204 619 2235 virum.
628 2202 872 2246 Demeruitque‚
882 2201 961 2236 Sar-

282 2250 443 2287 ravianus
469 2265 550 2287 cum
576 2259 726 2298 quatuor
755 2252 826 2288 aliis
859 2266 867 2288 ς
899 2252 960 2288 sed

284 2307 478 2345 emeruisse,
493 2316 557 2349 pro
565 2306 782 2346 demeruisse,
800 2304 901 2340 simili
915 2305 966 2339 si-

285 2354 506 2399 gnificatione
517 2356 676 2390 occurrit.
691 2356 749 2390 Sic
759 2356 801 2391 A.
811 2356 940 2391 Gellius
950 2382 959 2399 ‚

286 2418 398 2451 quum
410 2406 466 2441 lib.
478 2417 504 2451 1,
519 2420 590 2452 cap.
603 2408 623 2441 8
632 2434 642 2451 ,
660 2407 703 2442 de
716 2407 822 2442 Laide
839 2407 963 2442 Corin-

284 2457 357 2492 thia
371 2457 508 2494 dixisset
530 2471 538 2493 :
558 2460 610 2493 Ob
625 2462 828 2503 elegantium
839 2459 961 2504 smmae

282 2511 441 2552 grandem
453 2514 632 2554 pecuniam
646 2513 845 2545 demerebat.
861 2510 962 2545 Idem

285 2559 342 2607 lib.
354 2572 405 2606 VI,
419 2575 490 2608 cap.
500 2577 528 2609 7,
542 2562 585 2597 de
598 2562 688 2597 Acca
700 2562 886 2596 Laurentia
896 2562 942 2596 ait
954 2574 962 2596 ε

290 2613 413 2655 Corpus
423 2617 459 2647 in
470 2616 589 2658 vulgus
599 2616 714 2654 dabat,
724 2617 963 2658 pecuniamque

288 2669 473 2698 emeruerat
481 2677 526 2699 ex
540 2679 580 2700 eo
595 2670 721 2711 quoestu
731 2668 870 2700 uberem.
893 2665 940 2699 H.

338 2714 411 2756 140.
442 2716 634 2757 Quamlibet
666 2720 773 2751 iratis.
812 2716 886 2761 Qui
910 2716 964 2750 lo-

294 2764 426 2810 quendi
444 2765 569 2802 modus
591 2768 692 2804 unice
714 2768 750 2803 in
772 2767 899 2803 deliciis
914 2773 965 2803 est

1013 1111 1164 1155 Nasoni;
1178 1111 1239 1147 sed
1257 1117 1296 1146 ut
1310 1110 1500 1156 plurimum
1512 1121 1530 1143 e
1542 1107 1686 1154 vulgatis

1013 1163 1107 1198 libris
1135 1176 1198 1209 per
1227 1162 1366 1198 inscitos
1392 1161 1546 1196 librarios
1575 1160 1686 1205 jussus

1015 1214 1152 1249 exulare
1165 1227 1173 1250 ε
1184 1227 1286 1260 supra
1297 1240 1307 1258 ,
1327 1226 1412 1248 vers.
1431 1223 1469 1259 7:

1014 1274 1165 1306 Quamlibet
1182 1275 1291 1300 adverso
1304 1273 1419 1305 signetur
1430 1270 1539 1305 epistola
1550 1274 1637 1296 vento.

1016 1321 1170 1367 Epistola
1188 1321 1362 1356 Canaces:

1013 1378 1141 1411 'Urnaque
1152 1385 1199 1402 nos
1211 1376 1303 1402 habeat
1317 1374 1458 1410 quamlibet
1466 1379 1536 1400 aret·
1546 1374 1622 1400 duos.

1017 1425 1141 1461 Amor.
1159 1425 1216 1460 lib.
1229 1437 1244 1460 1
1256 1451 1266 1469 ‚
1289 1425 1385 1471 Eleg.
1401 1435 1475 1467 vn,
1491 1423 1555 1459 66:

1050 1485 1201 1518 Quamlibet
1212 1484 1324 1510 infirmus
1335 1485 1444 1518 adjuvat
1456 1484 1494 1509 ir·
1506 1489 1608 1508 mauu!-

1018 1534 1066 1568 Et
1088 1533 1165 1567 alibi
1189 1533 1323 1578 passim.
1360 1533 1493 1568 Hzms-
1525 1529 1698 1567 Francius.

1017 1597 1091 1619 non
1107 1585 1315 1619 inconcinne
1328 1584 1550 1629 conjiciebat:

1046 1638 1196 1670 Quamlibet
1209 1638 1280 1663 iratis
1293 1639 1364 1672 justa
1376 1638 1420 1664 dat
1430 1646 1503 1663 anns
1514 1638 1596 1663 dolor.

1019 1686 1182 1722 schottus
1206 1699 1291 1720 vero
1312 1687 1369 1722 lib.
1391 1698 1442 1730 11,
1468 1686 1601 1721 observ.
1623 1687 1663 1731 47
1680 1710 1691 1730 ,

1019 1738 1101 1773 dicit
1112 1751 1148 1773 se
1166 1739 1202 1772 in
1214 1737 1331 1773 codice
1350 1738 1429 1772 MS.
1443 1737 1626 1783 reperisse:

1052 1793 1194 1824 Quodlibet
1206 1792 1238 1818 ud
1252 1792 1354 1817 facinus
1370 1793 1424 1826 ipse
1437 1792 1481 1817 dut
1492 1801 1563 1817 nrm
1579 1791 1661 1817 d'olor.

1022 1841 1132 1886 Quod
1154 1848 1189 1876 et
1210 1841 1248 1876 in
1267 1841 1423 1887 plurimis
1450 1839 1597 1876 Heinsio
1621 1841 1695 1875 ins-

1019 1893 1126 1939 pectis
1139 1899 1229 1928 extat
1242 1906 1250 1927 :
1266 1893 1303 1927 in
1320 1906 1392 1928 uno
1404 1892 1506 1926 etiam
1515 1904 1580 1937 pro
1587 1894 1694 1936 dolor,

1022 1945 1199 1990 estsuror,·
1224 1957 1290 1980 nec
1306 1945 1372 1980 hoc
1393 1944 1482 1979 male
1500 1957 1508 1979 :
1531 1947 1584 1978 ira
1599 1943 1695 1978 enim

1010 1997 1115 2042 suror
1122 1999 1228 2032 brevis
1237 2004 1305 2032 est:
1317 1996 1365 2030 sic
1372 1995 1469 2041 Vix-g.
1482 2007 1506 2030 1.
1518 1995 1602 2029 AEn.
1615 1996 1678 2039 154
1691 2007 1699 2030 :

1247 2065 1277 2074 ..-
1292 2047 1376 2072 Furor
1388 2055 1460 2072 arma
1473 2047 1611 2072 ministrat.
1629 2048 1662 2072 Β.

1070 2099 1141 2141 ι4ι.
1161 2099 1245 2137 Dic,
1259 2108 1343 2140 age,
1359 2098 1534 2139 siventtlr,
1553 2099 1594 2129 ut
1598 2108 1698 2140 opor·-

1023 2152 1090 2183 tuit
1102 2156 1164 2184 etc,
1185 2147 1331 2193 Egregia
1344 2160 1426 2181 sane
1438 2146 1695 2193 prosopopoeia'!

1026 2200 1123 2244 Quid
1149 2199 1245 2234 enim
1266 2198 1310 2233 de
1336 2199 1466 2234 Jasone
1478 2225 1488 2243 ,
1509 2199 1537 2233 si
1561 2212 1580 2233 e
1607 2211 1697 2233 nave

1024 2251 1263 2295 descendenti,
1276 2250 1404 2285 Medea
1416 2250 1602 2285 comitante
1614 2276 1623 2294 ,
1634 2250 1699 2284 ob-

1023 2304 1078 2338 via
1085 2310 1228 2348 repente
1239 2302 1366 2347 conjux
1380 2302 1581 2338 occurrisset
1590 2328 1599 2346 ,
1616 2313 1698 2336 cum

1023 2355 1112 2390 natis
1132 2355 1147 2389 ?
1191 2354 1289 2399 Quid
1321 2354 1514 2400 optandum
1546 2353 1668 2387 melius
1685 2378 1695 2395 ‚

1027 2419 1132 2451 quam
1153 2413 1193 2440 ut
1211 2406 1324 2440 subito
1339 2406 1438 2440 tellus
1453 2405 1550 2440 hiatu
1569 2403 1700 2439 furenti

1026 2458 1226 2505 Hypsipylae
1253 2457 1490 2503 surripuisset!

1072 2510 1142 2553 143.
1172 2511 1349 2544 Comitata.
1369 2511 1555 2543 Comitante
1569 2507 1701 2541 Putea-

1025 2574 1113 2596 neus
1122 2587 1131 2605 ,
1146 2567 1181 2595 et
1189 2561 1349 2595 nonnulli
1359 2560 1423 2595 alii.
1431 2561 1581 2595 Frustra.
1592 2556 1700 2602 Epist.

1026 2624 1108 2656 xv1,
1127 2613 1186 2646 113
1198 2639 1207 2656 ,
1223 2619 1258 2647 et
1273 2623 1314 2647 11.
1326 2613 1416 2647 Fast.
1432 2611 1495 2655 463
1507 2623 1515 2645 :
1529 2611 1698 2644 Comitata

1031 2666 1191 2708 Cupidine
1207 2677 1320 2708 parvo.
1336 2674 1394 2697 111.
1413 2663 1503 2697 Fast.
1518 2661 1585 2695 603
1602 2673 1610 2696 ι
1626 2661 1707 2693 Solo

1027 2719 1206 2750 comitatus
1219 2716 1363 2750 Achate.
1379 2725 1427 2748 1v.
1444 2714 1533 2747 Fast.
1551 2713 1613 2755 425
1624 2724 1632 2746 :
1645 2712 1703 2746 Co-

1029 2771 1153 2802 mitata
1162 2770 1288 2812 puellis
1298 2793 1308 2810 ,
1332 2773 1367 2801 et
1383 2765 1470 2800 alibi.
1487 2765 1623 2800 Huius.
