1884 3112
8 771 48 935 -ssssffl‘sso
13 507 47 756 *m*
19 482 33 489 ’·
23 349 42 398 4227.
0 319 1 329 a
19 203 46 265 wli*
17 156 20 163 ⁶
46 126 51 131 .

7 1023 8 1026 Α
9 953 29 1012 ’ἔκτα

515 211 815 258 PHAEDRA
850 211 1278 257 HIPPOLYTO.
1554 226 1604 272 71

180 305 265 356 Est
286 300 477 372 aliquid,
502 303 647 372 plenis
670 305 873 373 pomaria
895 324 1071 373 carpere
1094 304 1248 364 ramis,

248 383 310 431 Et
331 382 455 431 tenui
477 382 664 450 primam
687 382 877 447 deligere
899 403 1048 447 ungue
1071 403 1235 432 rosam.>
1566 396 1610 429 30

185 459 237 510 Si
258 472 405 510 tamen
428 460 502 510 ille
524 461 670 528 prior,
696 481 787 529 quo
810 480 881 511 me
905 461 999 510 sine
1023 461 1205 510 crimine
1229 458 1365 523 gessi,

254 539 434 588 Candor
455 539 512 588 ab
535 538 717 588 insolita
741 539 838 588 labe
861 538 1084 587 notandus
1108 549 1222 595 erat3

186 617 252 667 At
270 617 385 667 bene
409 617 639 677 successit,
665 617 802 680 digno
828 616 951 683 quod
974 616 1200 664 adurimur
1221 615 1318 678 igni
1340 631 1352 660 :

251 695 387 761 Pejus
409 694 627 744 adulterio
651 695 796 762 turpis
819 693 992 742 adulter
1014 692 1152 741 abest.

184 773 235 822 Si
255 773 367 822 mihi
390 772 602 822 concedat
623 773 746 821 Juno
768 771 1036 837 fratremque
1059 770 1314 835 virumque3
1575 782 1619 816 35

248 849 547 918 Hippolytum
569 849 724 898 videor
746 849 1042 916 praepositura
1062 849 1091 896 J
1094 847 1178 895 ovi.

183 927 285 976 Jam
307 945 506 995 quoque,
529 926 603 975 vix
626 927 799 976 credas!
824 927 1001 990 ignotas
1023 925 1179 975 mittor
1201 925 1250 973 in
1273 936 1388 974 artes
1411 941 1422 971 :

157 1095 165 1103 ·
183 1085 340 1120 nequam
353 1100 364 1118 ,
389 1072 434 1109 ad
456 1072 673 1121 peccandum
695 1073 842 1119 illexerit
857 1100 867 1118 ,

185 1125 314 1162 demtis
333 1126 501 1173 peccandi
523 1126 719 1162 illecebris?
748 1127 866 1173 Nemo

185 1191 270 1216 sane
276 1178 335 1215 hic
341 1186 516 1226 agnoscat,
524 1179 619 1225 quod
626 1181 718 1215 Boil.
725 1179 791 1225 Ep.
797 1189 853 1214 vn
862 1192 872 1215 :

454 1257 486 1265 ...
499 1240 542 1264 La
552 1239 664 1266 douleur
672 1245 808 1266 vermense

188 1287 235 1314 Do
243 1287 350 1314 ΡΙιὸῶν
356 1307 368 1322 ,
376 1288 480 1323 malgrd
491 1288 529 1314 soi
535 1307 546 1321 ‚
552 1287 659 1323 perfido
669 1307 679 1321 ‚
687 1288 854 1313 incestueme.

225 1348 289 1385 29.
316 1338 387 1372 Est
412 1338 546 1383 aliquid
552 1363 562 1379 ,
584 1339 699 1382 plenis
717 1338 875 1382 pomaria

189 1401 212 1424 c
291 1401 328 1424 te
341 1391 455 1424 mmle.
479 1389 564 1424 Non
583 1389 612 1424 is
628 1401 708 1424 sum
724 1389 784 1434 qui
806 1401 874 1434 pu-

301 1453 364 1476 um
383 1439 522 1476 Catullo
538 1440 663 1476 decere
678 1448 813 1477 castum
825 1441 874 1486 ip-

189 1505 271 1528 sum
286 1501 429 1540 poetam
445 1507 518 1530 esse
532 1520 543 1538 ,
559 1497 743 1530 versiculos
757 1495 849 1528 nibil
860 1503 871 1525 .·

189 1544 350 1581 duriores
364 1553 485 1581 nmen
502 1545 590 1584 mihi
606 1545 772 1581 videntur
782 1573 792 1590 ,
813 1545 874 1591 qui

188 1597 370 1634 nonnullis
405 1598 445 1633 in
477 1598 561 1634 locis
598 1597 873 1643 vituperandum

187 1657 330 1697 poetam
344 1676 356 1695 ,
388 1650 551 1686 incusant
572 1649 629 1686 hie
655 1650 874 1686 libidinosius

186 1702 292 1750 genio
297 1701 478 1739 indulsisse
487 1730 498 1748 ‚
512 1710 548 1739 et
555 1703 606 1738 rei
613 1703 873 1750 turpitudinem

186 1755 301 1792 verbis
314 1755 549 1802 nequicquam
562 1756 772 1791 honestasse.
788 1755 874 1791 Cre-

188 1807 341 1844 diderim
356 1809 471 1855 potius
486 1807 658 1844 Ovidium
667 1811 809 1853 puellae,
833 1814 874 1843 ut

188 1869 288 1898 vocat
298 1888 308 1906 ‚
330 1861 476 1908 ingenio
500 1861 792 1907 obtemperavisse
801 1887 812 1905 ‚
837 1868 874 1896 et

189 1914 432 1950 suavissimum
455 1912 586 1950 Catulli
602 1914 719 1949 locum
730 1939 744 1959 ,
761 1915 872 1950 Carm.

190 1967 294 2012 Nupt.
311 1967 354 2015 39
365 1993 375 2011 ‚
395 1973 470 2013 sq'q.
484 1967 670 2014 respexisse
685 1979 695 2002 ε

191 2034 233 2060 Ut
243 2033 292 2060 Ωο-
304 2035 331 2060 iu
345 2035 424 2068 septis
437 2040 550 2060 secretus
561 2035 678 2060 nescitur
688 2034 771 2059 hortis
779 2054 790 2066 ,

191 2084 300 2117 ignotu-
313 2084 414 2118 μοι-ἰ,
426 2084 500 2109 nullo
513 2090 638 2110 contusus
647 2089 749 2115 aratro,

194 2133 282 2166 Quem
294 2133 410 2159 mulcent
420 2141 501 2164 nura,
513 2133 600 2159 firmat
610 2133 662 2165 sol,
672 2133 765 2159 educat
774 2133 872 2167 imber3

193 2181 276 2207 Multi
284 2181 360 2207 illum
371 2183 446 2216 pueri
455 2201 465 2214 ‚
477 2182 567 2208 multo
579 2188 701 2217 eptavere
712 2183 806 2217 puellae
819 2191 826 2207 :

191 2229 267 2256 Ideni
276 2249 286 2262 ,
308 2239 392 2265 quum
403 2231 476 2258 tenui
488 2237 593 2265 eni-ptus
604 2231 726 2257 defloruit
739 2233 821 2265 ungui
829 2251 840 2264 ,

191 2277 270 2304 Nulli
282 2278 357 2304 illum
370 2280 460 2313 pueri,
479 2281 557 2306 nulla
570 2286 692 2314 optavere
703 2282 806 2315 puellm.

191 2327 235 2353 aio
247 2327 332 2360 virgo,
339 2327 404 2353 dum
414 2329 511 2354 int-eta
516 2334 675 2361 munet‚tum
683 2339 742 2355 cara
747 2331 816 2363 suis3
829 2330 874 2356 sed

190 2375 282 2408 Quum
291 2377 595 2411 wtummisit,polluto
601 2378 872 2413 eorpore,ssorem‚ete.

189 2431 351 2468 Multum
367 2432 511 2478 quidem
526 2433 672 2469 interest
686 2434 873 2471 Phaedram

191 2485 286 2520 inter
302 2492 338 2520 et
349 2485 522 2532 virginem
537 2486 771 2522 Catullianam
788 2498 797 2520 ε
812 2489 873 2524 sed

189 2549 237 2572 ne
254 2543 356 2583 turpe
373 2551 437 2583 per
454 2538 599 2584 turpius.

228 2588 284 2623 30.
292 2591 463 2635 Delt‘gere.
472 2591 544 2626 Pro
548 2593 704 2636 delzgrem,
713 2594 874 2628 delrsicere

192 2641 232 2676 in
239 2642 385 2688 antiqua
395 2643 449 2678 ed.
459 2644 595 2679 invenit
607 2645 731 2680 Heius.
746 2646 875 2693 Scripti

196 2694 338 2740 plurimi
358 2697 507 2740 diligere.
533 2696 712 2732 Leidensis
726 2724 736 2742 ,
759 2705 796 2734 et
819 2699 875 2735 alii

198 2746 359 2782 nonnulli
366 2750 522 2795 collegere
529 2762 540 2786 .’
548 2761 672 2786 omnes
684 2751 820 2787 frustra.
832 2751 875 2787 B.

978 1074 1031 1109 31.
1055 1075 1097 1109 Si
1106 1078 1220 1109 lamen
1232 1075 1293 1109 ille
1300 1076 1401 1118 pn'or.
1419 1075 1475 1108 sic
1487 1078 1618 1115 tamen,

936 1127 1087 1162 Puteani
1112 1127 1199 1162 liber
1222 1140 1305 1162 cum
1336 1126 1508 1173 plerisque
1537 1126 1619 1161 aliis.

936 1178 1009 1214 Sed
1022 1192 1145 1215 verum
1157 1187 1226 1222 est,
1245 1178 1338 1224 quod
1355 1192 1395 1213 ex
1410 1179 1478 1213 suis
1488 1179 1624 1224 profert

936 1231 1154 1276 Naugerius,
1172 1230 1337 1276 quodque
1355 1242 1420 1276 ego
1432 1231 1470 1265 in
1487 1242 1560 1265 uno
1577 1230 1624 1264 al-

938 1290 1083 1329 teroque
1101 1283 1231 1319 oss‘endi
1243 1309 1253 1327 ,
1269 1285 1441 1318 Sitamen.
1457 1282 1600 1329 Vulgati
1611 1308 1622 1325 ,

938 1336 1010 1369 Sed
1017 1340 1138 1370 lamen.
1151 1335 1322 1381 Sequenti
1336 1348 1438 1370 versu
1447 1333 1542 1369 idem
1553 1335 1623 1370 Pu-

938 1394 1085 1422 teaneus
1097 1391 1173 1432 igni
1187 1400 1252 1434 pro
1274 1391 1352 1432 {qne
1370 1387 1527 1437 ἄρχαικὼς
1541 1413 1550 1430 ,
1583 1395 1625 1422 ut

937 1451 1028 1485 saepe
1051 1440 1141 1475 alias.
1165 1439 1342 1474 Junianus
1365 1446 1400 1474 et
1422 1438 1624 1474 Gronovia-

939 1504 1023 1535 nusx,
1044 1496 1128 1527 oestu
1140 1491 1267 1527 :etiam
1276 1504 1351 1526 non
1368 1491 1470 1526 male.
1487 1491 1622 1527 HEINS.

982 1543 1035 1578 32.
1059 1545 1165 1578 Labe.
1187 1543 1335 1590 Proprie
1355 1543 1490 1578 macula
1504 1569 1515 1587 ‚
1545 1556 1623 1589 qum

937 1595 1129 1631 candorem
1149 1595 1266 1631 soedat.
1296 1595 1388 1630 Vide
1410 1595 1620 1641 Somnium,

939 1647 1064 1682 Amor.
1079 1659 1126 1682 111
1138 1675 1148 1692 ‚
1167 1648 1266 1694 Eleg.
1286 1661 1309 1682 v
1321 1673 1331 1692 ,
1349 1648 1403 1692 44.

981 1700 1035 1744 34.
1064 1701 1185 1745 Turpis
1206 1702 1344 1735 adulter
1361 1702 1469 1735 abesl.
1498 1701 1622 1746 Quaeri

937 1751 1044 1798 possit
1058 1778 1068 1796 ,
1092 1760 1213 1788 utrum
1234 1753 1326 1788 bene
1349 1766 1414 1798 per
1435 1754 1624 1799 appositio-

938 1817 1023 1839 nem
1056 1804 1192 1840 dicatur
1226 1809 1335 1850 turpis
1364 1806 1502 1839 adulter
1520 1807 1624 1850 pejus

937 1859 1105 1892 adulterio
1113 1884 1122 1898 ‚
1142 1870 1206 1903 pro
1214 1884 1225 1902 ,
1238 1870 1294 1892 res
1304 1857 1378 1903 ipso
1388 1859 1555 1893 adulterio
1558 1871 1626 1903 pe—

928 1910 1000 1955 jor.
1023 1911 1137 1945 Vetus
1152 1917 1271 1945 autem
1287 1909 1390 1945 lectio
1405 1913 1516 1949 obest,
1541 1910 1625 1944 nul-

938 1962 1009 1996 lam
1019 1962 1167 1997 omnino
1175 1961 1418 1997 difficultatem
1425 1961 1543 2006 habet,
1555 1962 1623 2008 pla-

939 2014 1082 2049 nissimo
1091 2024 1215 2049 sensu:
1229 2014 1339 2060 turpis
1354 2013 1490 2048 adulter
1503 2016 1624 2059 (turpis

938 2073 1012 2101 tam
1039 2066 1082 2100 ad
1110 2066 1270 2100 animum
1295 2079 1401 2111 quam
1430 2066 1473 2100 ad
1497 2079 1623 2112 corpus

939 2118 1062 2161 refer)
1094 2118 1203 2164 magis
1235 2131 1342 2164 quam
1372 2118 1488 2164 ipsum
1518 2127 1624 2154 nocet

939 2170 1160 2206 adulterium.
1176 2170 1341 2206 LENNEP.

984 2223 1038 2257 36.
1067 2225 1199 2258 Videor.
1228 2223 1388 2258 vatican.
1420 2224 1620 2259 Farnesian.

939 2275 994 2310 Ex
1012 2275 1155 2321 antiqua
1174 2275 1230 2310 ed.
1256 2277 1408 2311 Videat:
1426 2276 1578 2311 Rectius.

983 2328 1036 2374 37.
1051 2329 1176 2363 M'llor
1186 2332 1222 2363 ιἰι
1237 2332 1339 2363 artes.
1356 2329 1479 2363 Mulor.
1497 2329 1623 2364 Putea·

939 2393 1028 2415 neus
1055 2380 1164 2415 codex
1183 2388 1220 2416 et
1236 2380 1502 2427 Argentinensis
1520 2393 1529 2415 ε
1553 2394 1624 2415 ve·-

939 2440 1061 2476 nuste,
1087 2433 1153 2469 nisi
1180 2434 1279 2468 malis
1293 2437 1391 2468 nitor.
1414 2433 1506 2468 Vide
1522 2441 1623 2468 notas

940 2485 1019 2520 Art.
1035 2485 1191 2530 Am.111,
1208 2486 1404 2532 667..Miror
1415 2485 1502 2520 alter
1518 2486 1624 2521 Men-

939 2538 1096 2573 telianus.
1112 2539 1240 2572 Credas
1254 2551 1317 2584 pro
1327 2540 1454 2580 credes,
1469 2538 1624 2584 quinque

939 2589 1036 2632 libri;
1053 2590 1100 2624 sic
1118 2590 1227 2636 Epist.
1248 2602 1341 2625 xv111
1353 2617 1363 2634 ‚
1381 2600 1448 2638 99:

940 2650 1027 2683 Quam
1033 2650 1130 2675 multos
1136 2651 1224 2675 credas
1232 2651 1341 2684 juvenes
1352 2657 1453 2684 optare,
1460 2650 1531 2684 quod
1540 2656 1623 2684 optas.

940 2717 986 2727 ··-·
1010 2699 1265 2746 Coniecturam
1290 2700 1429 2736 Heinsii
1452 2704 1545 2736 m'lor
1556 2700 1625 2735 fir-

941 2759 1043 2788 mant
1079 2753 1320 2790 Mentelianus
1345 2761 1382 2790 et
1411 2753 1630 2790 Francosur—
