1884 3112
296 228 385 286 344

697 228 1064 276 EPISTOLA
1099 231 1304 278 XVIII.

359 324 515 388 Quum
538 336 614 373 tua
637 323 868 386 contigero
889 321 1042 382 litora,
1068 335 1235 390 perstet
1256 325 1411 374 hiems.

289 400 388 449 Illic
419 413 486 449 est
508 413 661 467 aptum
681 411 844 448 nostrae
867 399 1019 449 navale
1043 396 1201 449 carinae
1220 437 1233 459 ‚
1252 432 1262 439 -

358 480 419 527 Et
440 479 596 527 melius
619 477 742 527 nulla
766 490 854 527 stat
875 497 971 528 mea
992 479 1160 546 puppis
1181 486 1315 545 aqua.⁴

293 554 390 604 Illic
414 574 482 603 me
507 554 682 603 claudat
704 555 893 613 Boreas,
918 555 999 603 ubi
1024 555 1150 606 dulce
1171 556 1362 605 morari:

357 633 485 680 Tunc
508 632 635 698 piger
659 631 714 680 ad
736 632 956 688 nandum,
983 637 1088 682 tun‘c
1110 651 1193 696 ego
1218 644 1373 682 cautus
1398 650 1487 681 ero.

1652 657 1718 683 210

292 710 385 758 Nec
407 709 562 757 faciam
587 709 732 757 surdis
756 710 953 758 convicia
978 710 1189 759 fluctibus
1212 709 1329 758 ulla:

356 787 502 834 Triste
522 798 729 835 nataturo
752 805 834 835 nec
860 806 1019 853 querar
1040 806 1134 836 esse
1158 787 1333 835 fretum.

292 866 368 914 Me
392 865 557 930 pariter
577 865 696 913 venti
721 876 921 923 teneant,
944 866 1197 931 pariterque
1221 864 1395 923 lacerti3

360 943 447 990 Per
470 960 622 990 causas
645 942 755 990 istic·
769 942 1071 1009 impediarque
1096 942 1218 990 duas.

298 1016 452 1081 Quum
477 1018 670 1084 patietur
692 1018 854 1076 hiems,
881 1019 1013 1067 remis
1038 1038 1121 1081 ego
1141 1018 1340 1085 corporis
1360 1029 1489 1067 utar:

1655 1031 1720 1066 215

362 1096 533 1143 Lumen
551 1095 599 1143 in
623 1094 835 1161 adspectu
858 1107 907 1143 tu
930 1095 1065 1143 modo
1091 1114 1264 1161 semper
1284 1095 1414 1144 habe.

294 1173 467 1220 Interea
488 1191 572 1238 pro
592 1191 661 1219 me
681 1184 913 1238 pernoctet
933 1171 1123 1238 epistola
1146 1183 1313 1229 tecum.;

356 1250 506 1314 Quam
527 1268 684 1316 precor
706 1260 758 1297 ut
775 1249 957 1298 minima
979 1268 1226 1316 prosequar
1249 1249 1345 1315 ipse
1369 1266 1507 1298 mora.
1569 1315 1571 1317 ι

356 1393 533 1418 Laixsez-moi
542 1402 646 1427 gagner
656 1393 692 1419 les
709 1394 809 1427 rivagaes
821 1404 830 1426 ς

358 1442 401 1467 Ne
411 1451 453 1467 me
462 1451 544 1476 noyez
556 1444 619 1476 qu’d
631 1452 693 1467 mon
704 1448 801 1470 retour.

293 1510 337 1518 ·--
351 1491 456 1526 Istuc.
474 1491 600 1526 Seculo
618 1491 737 1527 Ovidii
759 1505 834 1527 non
851 1493 976 1528 admo-

293 1542 380 1577 dum
394 1543 559 1578 usitatum
570 1543 718 1579 verbum
730 1544 797 1579 hoc
806 1545 973 1580 existimo.

291 1598 365 1630 Isto
381 1609 465 1631 vero
479 1597 667 1642 probamus
678 1624 688 1641 ,
712 1611 797 1632 nam
809 1606 844 1632 et
859 1599 974 1633 Fran-

292 1651 498 1684 cofurtensis
513 1650 628 1685 habet.
643 1651 774 1686 BURM.

336 1702 412 1735 206.
436 1704 577 1737 Perstet.
607 1703 649 1738 In
675 1717 749 1738 uno
778 1703 973 1738 Heinsiano

293 1759 369 1787 erat
379 1779 389 1797 ,
400 1755 538 1798 perstet5
550 1754 611 1789 sed
631 1754 719 1789 nihil
735 1752 869 1798 temere
885 1767 973 1789 mu-

296 1811 380 1838 tem.
397 1805 505 1851 Epist.
523 1817 587 1840 XVI
600 1832 610 1850 ,
627 1808 689 1843 25:

291 1861 401 1891 Perstet,
414 1866 439 1884 et
453 1866 481 1884 ut
490 1860 573 1892 pelagi
586 1861 622 1885 sic
634 1862 745 1894 pectoris
754 1861 861 1895 adjuvet
870 1867 972 1887 mstnm.

295 1911 441 1953 Petflare
448 1910 548 1944 aliam
558 1909 663 1945 habet
669 1910 972 1956 significationem,

296 1969 335 1996 ut
352 1962 388 1996 in
404 1962 463 1997 illo
480 1962 635 2009 Virgilii,
650 1974 664 1997 1
676 1964 817 1998 AEneid.
831 1965 894 1998 813
908 1977 916 1998 :

439 2019 473 2043 Et
485 2023 564 2043 terras
576 2018 680 2043 turbine
691 2018 809 2051 perflant.
831 2019 930 2045 Eunu.

340 2067 416 2101 208.
438 2068 519 2101 Stat
529 2080 604 2102 mea
614 2071 737 2114 puppis
755 2081 853 2113 aqua.
866 2068 914 2102 Et
922 2067 975 2102 his

293 2119 407 2153 verbis
436 2119 635 2154 obscaenum
664 2132 806 2154 sensum
836 2119 973 2154 subesse

295 2169 438 2214 putabat
445 2169 585 2213 Douza;
597 2170 746 2216 injurius
756 2178 849 2206 certe
862 2178 975 2217 poetae

295 2228 427 2256 nostro.
444 2223 554 2257 IDEM.

341 2288 416 2309 211.
438 2277 621 2311 Fluctibus.
645 2276 738 2312 Novi
753 2276 882 2311 multos
901 2289 974 2312 esse

295 2333 415 2372 poetas
421 2327 458 2361 in
470 2327 526 2362 illa
535 2327 611 2363 locu
616 2328 709 2363 tione
719 2355 728 2372 ,
737 2330 870 2364 surdior
877 2331 972 2370 mari,

297 2380 351 2415 vel
355 2380 478 2426 sreto;
493 2381 555 2417 sed
570 2381 626 2417 hic
640 2382 692 2418 bis
707 2381 803 2417 idem
818 2381 949 2418 diceret
962 2407 972 2426 ,

1040 1387 1069 1422 si
1092 1399 1174 1421 vera
1196 1392 1247 1420 est
1269 1385 1370 1421 lectio
1383 1412 1393 1430 ‚
1408 1387 1574 1430 fluctibus
1589 1397 1601 1420 .·
1624 1387 1720 1420 triste

1041 1438 1272 1482 enimfmtum
1294 1444 1346 1472 est
1368 1436 1463 1472 idem
1475 1463 1485 1481 ‚
1504 1450 1542 1472 ac
1558 1436 1720 1472 fluctibus

1040 1491 1208 1537 agitatum
1223 1498 1259 1526 et
1272 1490 1460 1526 tumidum.
1477 1490 1600 1536 Quare
1622 1490 1719 1525 mal—

1039 1543 1109 1578 lem
1123 1544 1180 1579 hic
1191 1571 1201 1587 ‚
1206 1546 1350 1588 flatibus
1364 1544 1479 1590 legere
1489 1570 1499 1588 ,
1513 1544 1636 1589 quibus
1646 1545 1720 1590 jam

1036 1595 1219 1639 sequentia
1244 1595 1376 1640 optime
1399 1595 1617 1641 respondent
1634 1607 1643 1631 :
1659 1596 1719 1630 Me

1032 1652 1167 1692 pariter
1173 1653 1270 1683 venti
1280 1652 1425 1683 teneant.
1442 1648 1574 1682 BURM.

1081 1699 1156 1733 213.
1180 1700 1239 1733 Me
1249 1703 1382 1744 pariter
1388 1702 1489 1734 venti
1495 1702 1645 1740 teneant,
1666 1703 1720 1733 te-

1037 1754 1170 1795 nerique
1183 1753 1310 1786 lacerti.
1335 1750 1501 1795 Quatuor
1514 1749 1612 1794 libri,
1621 1754 1721 1794 pari-

1038 1803 1150 1846 terque
1162 1804 1289 1836 lacerti.
1303 1802 1409 1836 Forte
1421 1828 1432 1845 ,
1450 1804 1652 1847 teneantque
1663 1803 1720 1836 la-

1039 1852 1215 1889 certclVid.
1222 1855 1331 1890 Notas
1339 1854 1503 1900 Epistolae
1510 1866 1563 1898 νι,
1570 1866 1658 1890 vers.
1666 1868 1719 1902 ²9·

1090 1910 1166 1953 214.
1199 1910 1438 1954 Impediat-que.
1467 1909 1717 1955 Detineatyue,

1040 1975 1131 1997 unus
1149 1962 1384 1996 Lovaniensis.
1437 1972 1439 1975 ⁴

1083 2014 1158 2048 216.
1182 2014 1310 2048 Lumen
1322 2016 1358 2047 in
1372 2016 1514 2058 aspectu
1533 2018 1597 2048 etc.
1611 2010 1719 2057 Apud

1039 2067 1217 2101 Musaeum
1233 2066 1347 2109 idem,
1366 2066 1450 2100 216:

1034 2114 1132 2158 'Am‘
1141 2147 1150 2164 ‚
1163 2126 1230 2167 φίλη
1242 2147 1251 2164 ,
1265 2123 1412 2168 πεφύλαξο
1423 2122 1652 2169 βαρυκνείοντας
1664 2119 1719 2160 ἆῆ-

1128 2189 1181 2211 τας
1193 2199 1203 2216 ,

1039 2230 1089 2267 Μή
1106 2242 1161 2270 μιν
1178 2224 1328 2269 (λύχνον)
1346 2225 1565 2260 ἄποσέἰσσωσε.

1083 2279 1157 2312 218.
1180 2279 1368 2323 Persequar
1378 2281 1450 2322 ipse
1468 2288 1570 2312 mora.
1593 2279 1717 2312 Pmse-

1038 2342 1130 2375 quar,
1144 2330 1344 2364 Puteaneus
1351 2335 1386 2363 et
1394 2328 1449 2363 alii
1456 2336 1497 2363 ex
1504 2326 1716 2362 melioribus.

1040 2381 1172 2416 Hnms.
1181 2380 1348 2417 Francius
1356 2379 1518 2425 malebat,
1525 2381 1714 2425 subsequen
