1884 3112
356 279 435 324 188

809 275 1160 332 EPISTOLA
1194 287 1281 336 IX.5

413 370 539 421 Alter
560 370 681 422 fatali
703 372 827 423 vivus
849 376 897 424 in
919 377 1020 440 igne
1043 377 1158 427 fuit:

348 448 508 510 Exegit
530 449 691 498 ferrum
715 469 794 500 sua
815 471 895 519 per
916 455 1153 520 praecordia
1173 468 1323 506 mater.

412 524 553 590 Impia
575 526 683 592 quid
707 526 883 579 dubitas
907 531 1115 580 Deianira
1137 533 1279 581 mori?

347 599 574 665 Deprecor
589 601 676 652 hoc
696 623 856 665 unum,
880 602 960 673 per
977 607 1076 672 jura
1097 609 1325 658 sacerrima
1345 606 1446 658 lecti
1456 624 1472 669 ,⁴

411 677 478 725 Ne
501 678 648 728 videar
670 680 770 730 fatis
793 683 999 734 insidiata
1021 683 1123 733 tuis.

1697 701 1758 737 160

347 754 535 814 Nessus,
561 769 612 804 ut
636 770 703 806 est
725 760 899 809 avidum
920 780 1154 828 percussus
1178 762 1391 812 arundine
1414 773 1597 830 pectus‚'

412 832 520 891 Hic,
545 833 676 893 dixit,
701 836 814 885 vires
837 839 1016 901 sanguis
1040 840 1200 888 amoris
1223 840 1369 889 habet.

342 906 462 956 Illita
481 910 647 959 Nesseo
668 913 769 962 misi
793 914 878 962 tibi
901 926 1019 964 texta
1040 935 1221 964 veneno.

409 986 549 1053 Impia
574 989 681 1054 quid
702 989 880 1039 dubitas
904 992 1111 1041 De'ianira
1133 992 1279 1040 mori?

342 1062 529 1129 Jamque
552 1063 665 1123 vale,
688 1065 920 1133 seniorque
939 1079 1083 1133 pater,
1107 1087 1403 1135 germanaque
1430 1069 1601 1133 Gorge,

1696 1084 1757 1119 165

411 1141 471 1188 Et
493 1141 655 1207 patria,
681 1154 725 1191 et
746 1143 899 1209 patriae
921 1144 1053 1194 frater
1074 1145 1242 1196 ademte
1266 1158 1363 1195 tuae.

343 1285 432 1333 fugit
445 1313 454 1330 ,
473 1287 516 1322 ad
526 1287 716 1323 Adrastum
727 1301 846 1335 regem
858 1316 867 1334 ‚
885 1290 944 1336 qui
954 1291 1018 1326 be·-

344 1338 450 1384 nigne
466 1339 660 1385 fugientem
675 1342 806 1387 excepit
819 1368 829 1386 ‚
859 1349 894 1376 et
919 1355 1018 1377 suam

343 1387 375 1421 ei
393 1386 500 1422 filiam
526 1389 714 1435 Deiphilen
742 1404 886 1426 uxorem
913 1391 1018 1427 dedit.

342 1438 430 1474 Stat.
463 1440 574 1475 Theb.
600 1453 625 1475 1.
651 1459 695 1469 --
721 1444 851 1487 Ignoh‘s
878 1447 913 1478 in
940 1447 1017 1478 oris.

344 1489 484 1535 Quaerit
501 1493 665 1529 Heinsius
678 1521 687 1538 ,
710 1508 772 1529 cur
787 1498 920 1539 ignotas
941 1508 1019 1529 oras

342 1543 457 1589 Argos
470 1544 638 1589 Deianira
651 1554 762 1590 vocat,
775 1554 810 1581 et
823 1547 919 1581 malit
935 1549 1019 1582 Ina-

343 1596 430 1629 chiis
445 1599 481 1630 in
495 1601 562 1631 onlr
578 1610 588 1631 :
603 1597 663 1632 sed
683 1598 871 1644 respondet
895 1599 1017 1633 Burm.

343 1646 420 1681 fieri
437 1660 533 1693 posse
547 1674 556 1692 ,
586 1655 626 1683 ut
640 1650 816 1695 ignoraret
830 1650 886 1684 illa
902 1662 971 1694 quo
981 1663 1018 1684 se

343 1698 485 1745 Tydeus
500 1701 692 1746 recepisset.
710 1702 792 1737 Non
809 1714 849 1736 ea
865 1714 948 1736 sane
963 1702 1015 1746 lis,

343 1763 421 1795 quae
435 1758 549 1787 tantos
564 1752 654 1787 viros
666 1754 703 1787 in
719 1753 827 1788 varias
837 1753 1017 1798 opiniones

343 1802 558 1838 distraheret.
569 1806 710 1848 Ignotis,
718 1811 916 1840 constanter
927 1804 1018 1850 apud

345 1854 424 1889 edd.
441 1855 542 1900 prim.

391 1907 462 1942 156.
478 1908 586 1942 Alter.
600 1908 816 1951 Germanus;
840 1908 1018 1955 Meleager

342 1958 470 1994 scilicet
480 1985 489 2003 ,
507 1959 550 1994 de
567 1973 637 2005 quo
652 1961 780 1996 Noster
791 1986 801 2004 ,
823 1960 912 1995 Met.
927 1971 997 1994 vnl
1007 1986 1017 2004 ‚

342 2012 404 2054 451
420 2017 454 2045 et
464 2024 536 2057 sqq.
566 2015 666 2047 Vivus
675 2016 711 2047 in
720 2012 882 2057 ignesut't.
905 2012 957 2046 Ita
963 2025 1019 2057 pa-

343 2075 425 2096 rum
434 2063 536 2098 video
550 2064 608 2098 ubi
618 2064 721 2098 lateat
730 2066 882 2098 mendum
894 2090 903 2105 ‚
924 2063 1019 2109 quod

343 2113 400 2149 hic
422 2115 558 2150 subesse
579 2116 795 2161 suspicantur
820 2115 952 2159 critici,
979 2121 1020 2148 ut

342 2173 463 2200 contra
473 2168 703 2202 amovendam
714 2180 852 2213 prorsus
862 2166 1017 2213 judicem

345 2218 374 2252 F
374 2219 482 2253 rancii
509 2219 695 2254 lectionem
711 2246 720 2263 ‚
750 2219 827 2264 qui,
853 2223 960 2254 tostus
982 2222 1018 2252 in

341 2273 418 2313 igne
431 2296 440 2311 ,
464 2270 654 2316 legendum
678 2271 891 2316 conjiciebat.
920 2269 1020 2315 Quid

343 2321 439 2355 enim
450 2319 533 2356 vero
548 2323 722 2367 poeticum
738 2323 858 2369 magis,
869 2322 1018 2368 magisve

344 2371 493 2408 historiae
526 2374 695 2420 Meleagri
720 2382 993 2409 consentaneum
1008 2400 1017 2417 ,

343 2427 451 2462 modo
466 2428 540 2473 quis
555 2427 649 2462 illam
665 2428 727 2462 sibi
744 2428 781 2462 in
799 2428 956 2462 animum
967 2440 1019 2461 re-

343 2486 464 2523 vocet,
492 2492 597 2525 quam
625 2479 738 2514 dicere
763 2482 871 2514 vivum
884 2483 920 2513 in
941 2482 1019 2522 igne

331 2532 447 2575 fuisse
458 2558 467 2573 ,
491 2544 601 2576 quum
611 2558 621 2575 ‚
638 2531 717 2566 licet
729 2531 849 2566 absens
863 2557 872 2575 ,
891 2530 1018 2565 sensim

341 2583 412 2627 ipse
421 2584 624 2618 comburere
629 2590 697 2626 tur,
706 2590 809 2628 prout
817 2583 956 2617 fatalem
963 2582 1018 2616 sti-

347 2634 455 2678 pitem
471 2635 613 2670 flamma
625 2635 755 2679 fatalis
773 2641 992 2669 consumeret
1002 2633 1019 2668 ?

343 2697 445 2721 Inscius
457 2703 534 2730 atque
545 2698 636 2722 absens
646 2697 747 2723 flamma
757 2697 901 2729 Meleagros
913 2697 938 2721 in
949 2697 993 2721 illa

345 2744 456 2778 Uritur;
467 2750 492 2770 et
501 2746 573 2772 caecis
586 2746 676 2772 torreri
691 2746 791 2770 viscera
802 2745 880 2769 sentit

344 2792 461 2824 Ignibus.
661 2794 783 2821 Manu.
798 2794 845 2819 lib.
859 2794 903 2820 cit.
920 2795 974 2820 515.

1128 1294 1200 1340 157.
1219 1293 1348 1337 Exegit
1355 1293 1487 1337 senum
1501 1305 1565 1328 sua
1581 1305 1648 1338 per
1657 1305 1755 1337 pre-

1081 1346 1196 1379 cordia
1221 1348 1335 1378 mater.
1363 1344 1512 1388 Althea,
1535 1350 1576 1379 ut
1599 1351 1726 1380 notum
1743 1370 1754 1388 ,

1083 1395 1253 1441 Meleagri
1269 1402 1381 1430 mater
1390 1421 1399 1439 ,
1416 1395 1530 1430 audita
1544 1395 1606 1431 filii
1618 1402 1732 1431 morte
1745 1420 1756 1440 ,

1083 1446 1195 1493 gladio
1207 1460 1242 1482 se
1254 1447 1363 1493 ipsam
1378 1447 1550 1483 interfecit
1562 1461 1570 1489 ;
1583 1447 1639 1484 vel
1647 1474 1658 1492 ,
1670 1453 1758 1485 teste

1083 1498 1187 1532 Diod.
1216 1499 1319 1534 Sicul.
1350 1499 1473 1544 laqueo
1500 1499 1608 1534 vitam
1635 1498 1757 1535 finivit.

1084 1550 1176 1584 Rem
1185 1551 1287 1596 paulo
1299 1551 1397 1586 aliter
1412 1558 1531 1586 narrat
1545 1550 1705 1597 Apollod.
1720 1560 1735 1584 1
1745 1576 1756 1594 ,

1083 1614 1156 1646 cap.
1174 1603 1204 1636 8.

1129 1653 1200 1687 160.
1222 1655 1275 1688 Ne
1290 1655 1510 1698 videat-salit
1531 1661 1595 1690 etc.
1628 1655 1759 1695 Thalq-

1081 1707 1145 1738 mis
1178 1704 1256 1739 edd.
1282 1705 1389 1750 princ.
1429 1706 1516 1741 Aliae
1529 1732 1538 1750 ‚
1571 1705 1669 1740 aliter
1681 1731 1692 1748 ‚
1717 1711 1758 1740 ut

1081 1758 1190 1789 titulis
1214 1759 1281 1790 tuis
1298 1783 1306 1797 ‚
1342 1760 1409 1790 tuis
1441 1760 1524 1791 ton]-
1551 1763 1614 1791 etc.
1641 1755 1757 1791 Prisca

1083 1807 1241 1852 quaedam
1254 1834 1263 1851 ,
1286 1811 1367 1842 tolt's
1383 1808 1540 1849 insidiata
1555 1811 1645 1842 ton's.

1129 1858 1199 1902 164.
1230 1861 1338 1904 Impia
1361 1861 1444 1904 quid
1454 1861 1590 1894 dubitas
1611 1865 1676 1894 etc.
1701 1859 1758 1894 De

1081 1922 1182 1945 versu
1194 1910 1259 1946 hoc
1273 1914 1481 1952 &tet-calari,
1501 1918 1624 1956 quater
1637 1911 1756 1947 inter-

1081 1962 1169 1996 vallo
1195 1962 1345 1997 breviori
1370 1963 1519 2008 repetito
1530 1989 1539 2006 ,
1577 1962 1690 1997 dicam
1719 1961 1756 1996 id

1082 2026 1207 2057 unum,
1221 2026 1294 2048 non
1310 2014 1513 2059 frequenter
1528 2013 1615 2048 adeo
1623 2026 1755 2058 secum,

1083 2079 1127 2101 an
1147 2066 1316 2100 moriatur
1330 2092 1339 2110 ,
1367 2068 1519 2100 dubitare
1532 2093 1540 2106 ,
1569 2065 1625 2099 cui
1637 2072 1704 2100 stat
1718 2066 1756 2100 in

1083 2118 1200 2153 animo
1226 2117 1334 2152 fixum
1361 2117 1619 2162 immotumque
1650 2119 1757 2159 πιστή

1082 2183 1148 2204 nec
1163 2169 1354 2215 plurimum
1373 2169 1540 2204 lectorem
1554 2178 1696 2203 movere
1710 2168 1758 2203 is-

1082 2221 1149 2256 tius
1165 2221 1261 2255 modi
1274 2221 1395 2256 luctus.
1408 2222 1449 2255 Si
1459 2224 1512 2255 vis
1522 2222 1679 2264 mestem,
1695 2221 1757 2254 do-

1081 2275 1212 2307 lendum
1225 2279 1275 2307 est
1285 2273 1438 2318 primum
1449 2273 1510 2306 tibi
1524 2287 1532 2314 ;
1547 2284 1621 2306 non
1638 2277 1755 2306 autem

1082 2325 1223 2370 proprio
1239 2325 1286 2359 sic
1306 2324 1418 2358 dolori
1437 2322 1666 2358 illudendum.

1114 2377 1186 2411 165.
1201 2377 1432 2421 Germanaque
1450 2377 1568 2419 Gorge.
1579 2373 1756 2419 Deianirae

1081 2441 1197 2471 soror,
1214 2441 1290 2473 quae
1305 2427 1422 2473 nupsit
1443 2426 1663 2462 Andremoni
1676 2451 1685 2469 ,
1714 2438 1754 2459 ex

1083 2493 1152 2526 quo
1163 2479 1317 2527 Oxylum
1328 2479 1487 2524 suscepit,
1500 2490 1570 2523 quo
1580 2477 1666 2511 duce
1678 2477 1757 2511 He-

1082 2531 1217 2567 raclidae
1244 2532 1527 2576 Peloponnesum
1551 2541 1755 2573 recuperare

1081 2590 1315 2619 tentaverunt.
1330 2584 1475 2617 Pausan.
1486 2591 1532 2616 111
1542 2606 1552 2624 ‚
1565 2582 1596 2614 5.
1608 2590 1695 2614 -vn
1704 2605 1714 2624 ‚
1730 2594 1756 2614 1.

1084 2634 1244 2681 Apollod.
1258 2646 1307 2678 11,
1329 2635 1358 2668 8.

1129 2687 1199 2721 156.
1217 2688 1341 2720 Patria
1347 2686 1479 2730 fralet,
1502 2685 1655 2728 adempte
1670 2682 1756 2718 luoe!

1083 2737 1126 2772 de
1154 2737 1277 2784 Tydeo
1302 2735 1590 2782 intelligendum;
1613 2747 1688 2770 non
1713 2734 1757 2769 de

1084 2789 1265 2836 Meleagro
1275 2814 1285 2832 ‚
1305 2788 1363 2832 qui
1374 2788 1445 2832 jam
1461 2787 1620 2832 perierat.
