1884 3112
362 238 448 314 430

644 260 735 305 AD
771 260 1037 306 LIVIAM
1076 261 1467 309 AUGUSTAM

361 348 676 414 Danubiusque
699 368 853 415 rapax,
878 361 923 397 et
944 350 1106 398 Dacius
1130 351 1237 400 orbe
1259 366 1428 402 remoto

421 425 622 492 Apulus;
647 425 748 473 huic
771 426 891 474 hosti
912 427 1119 493 perbreve
1142 429 1314 478 Pontus
1337 430 1445 489 iter;

357 502 676 567 Armeniusque
699 501 850 564 fugax,
871 515 916 550 et
936 504 1110 553 tandem
1132 505 1333 556 Dalmata
1356 507 1566 575 supplex,

421 580 685 645 Summaque
707 579 892 646 dispersi
912 600 991 647 per
1010 581 1116 647 juga
1139 583 1357 631 Pannonii
1377 603 1387 641 ;

1640 619 1644 623 ·
1694 598 1760 644 39⁰

355 659 415 704 Et
437 656 568 705 modo
596 656 840 705 Germanus
862 659 1074 707 Romanis
1097 656 1300 723 cognitus
1320 661 1442 710 orbis
1457 657 1478 709 ε’

417 733 608 800 Adspice
634 725 744 799 quot
764 734 930 782 meritis
952 735 1080 802 culpa
1103 737 1161 784 sit
1184 755 1272 785 una
1293 738 1452 785 minor.

354 809 478 859 Adde
501 810 622 876 quod
644 822 709 858 est
726 810 885 858 absens
906 810 1107 869 functus3
1126 831 1206 861 nec
1229 832 1402 862 cernere
1427 815 1518 863 nati

419 887 663 935 Semineces
686 886 839 936 oculos
863 887 1108 937 sustinuere
1134 890 1211 937 tui.

355 965 533 1030 Quique
556 964 682 1012 dolor
701 965 838 1013 menti
861 964 1112 1014 lenissimus
1136 966 1282 1016 influit
1303 987 1446 1031 aegrae,

1692 948 1763 1029 '³9⁵

416 1041 626 1106 Accipere
650 1060 696 1089 es
719 1040 864 1089 luctus
887 1060 990 1090 aure
1014 1055 1163 1091 coacta
1184 1055 1298 1092 tuos.

352 1116 660 1182 Praevertitque
681 1129 823 1165 metus
845 1136 926 1184 per
947 1117 1078 1181 longa
1101 1119 1294 1185 pericula
1316 1119 1508 1181 luctum;

415 1196 486 1242 Tu
509 1195 670 1261 quibus
692 1195 853 1243 auditis
877 1195 1003 1243 anxia
1024 1196 1184 1244 mentis
1202 1216 1308 1245 eras.

350 1274 453 1322 Non
475 1292 527 1320 ex
549 1272 762 1338 praecipiti
784 1272 913 1321 dolor
935 1273 982 1321 in
1005 1285 1080 1322 tua
1102 1287 1282 1340 pectora
1298 1276 1440 1335 venit,
1501 1322 1510 1331 ,

392 1347 503 1395 ‘Sed
523 1366 602 1414 per
622 1347 818 1396 mollitos
843 1360 943 1397 ante
967 1349 1121 1398 timore
1147 1351 1319 1414 gradus.

1693 1366 1758 1412 4⁰⁰

349 1427 526 1493 Jupiter
548 1437 647 1474 ante
671 1426 792 1474 dedit
812 1426 891 1474 fati
914 1426 1028 1476 mala
1052 1427 1177 1490 signa
1199 1429 1389 1487 cruenti,

413 1502 686 1551 Flammifera
707 1504 835 1569 petiit
859 1523 994 1570 quum
1018 1505 1100 1553 tria
1122 1505 1283 1572 templa
1304 1524 1458 1565 manu;

348 1580 626 1645 Junonisque
646 1580 764 1642 gravi
784 1592 934 1639 nocte,
960 1581 1273 1649 impavidaeque
1297 1584 1506 1632 Minervae
1520 1621 1532 1643 ,

412 1656 657 1721 Sanctaque
678 1668 722 1703 et
745 1656 946 1704 immensi
972 1658 1154 1707 Caesaris
1177 1659 1262 1708 icta
1286 1660 1455 1709 domus.

345 1780 408 1811 ὅτι]
419 1777 431 1808 ‚·
445 1779 595 1812 eumque
605 1766 747 1813 intelligi
758 1774 868 1813 poetae
879 1781 1019 1803 amnem

347 1820 565 1863 docuerunt,
585 1820 643 1864 qui
659 1820 730 1854 aliis
747 1822 941 1856 auctoribus
958 1822 1019 1856 di-

347 1871 436 1906 citur
451 1873 656 1915 Vllcurgissle
674 1873 797 1907 Weser.
811 1873 886 1918 Ego
898 1886 1020 1908 vocem

347 1923 439 1957 varie
459 1923 613 1957 vitiatam
635 1923 806 1969 intrepide
828 1925 964 1970 corrigo
982 1925 1018 1960 in

344 1976 475 2018 Ilargus
485 1985 656 2019 ,··esseque
673 1988 755 2009 eum
777 1988 936 2020 amnem,
961 1977 1020 2022 qui

345 2038 441 2060 nunc
456 2026 493 2060 in
511 2026 637 2060 Suevia
653 2026 778 2061 dicitur
792 2030 874 2070 Iler,
893 2028 1020 2063 audac-

347 2085 400 2112 ter
409 2078 610 2123 pronuntio.
622 2092 638 2108 »ι
651 2078 708 2113 Sic
724 2078 863 2114 Cluver.
879 2079 1017 2114 Vindel.

345 2137 380 2164 et
397 2130 513 2166 Noric.
528 2144 555 2164 c.
573 2130 603 2165 6,
620 2143 651 2176 p.
670 2133 741 2177 747.

387 2182 461 2216 388.
498 2183 630 2227 Apulus
651 2184 729 2217 huic
749 2185 844 2218 hosti
862 2187 1018 2228 perbreve

344 2235 472 2268 Pontus
486 2237 558 2268 iter.
582 2234 715 2269 Locum
731 2235 829 2270 valde
850 2235 1017 2281 deprava-

344 2292 422 2319 tum
442 2285 594 2331 Scaliger
614 2286 661 2321 sic
679 2287 886 2322 emendabat
902 2301 911 2322 z

341 2344 528 2378 Danubiusque
539 2354 631 2378 rapax,
647 2352 671 2370 et
685 2347 780 2372 Dacius
792 2347 853 2372 orbe
863 2353 961 2373 :emoto

375 2392 496 2426 Angulus
508 2405 516 2418 .-
524 2393 584 2418 hinc
594 2393 662 2419 hosti
674 2395 796 2427 perbreve
803 2397 890 2430 pontis
899 2396 956 2422 iterss

343 2441 490 2475 Veteres
512 2442 706 2477 scribebant
725 2447 884 2488 aggulus,
921 2444 1014 2479 unde

342 2495 486 2536 appulus
507 2494 674 2529 fecerunt.
701 2495 808 2530 Dacia
829 2503 914 2531 tunc
936 2497 1014 2531 finis

343 2544 479 2589 imperii
489 2545 653 2591 Romani,
666 2547 830 2582 Danubio
847 2550 1015 2583 termina·-

341 2601 376 2628 ta
393 2608 401 2629 :
417 2596 532 2641 itaque
538 2610 626 2640 pons
645 2599 793 2644 jungens
810 2599 1013 2634 Danubium

339 2647 456 2681 fuisset
471 2651 628 2692 perbreve
655 2653 724 2684 iter
742 2651 832 2686 hosti
858 2651 900 2686 ad
925 2652 1012 2687 fines

341 2698 478 2742 imperii
497 2700 658 2736 Romani.

382 2750 455 2799 392.
470 2753 619 2796 Adspice
634 2759 716 2799 quot
727 2759 854 2792 men'lis
865 2761 928 2791 etc.
944 2755 1010 2793 Te·

1083 1784 1164 1806 cum
1180 1772 1250 1817 ipsa
1266 1773 1416 1818 'reputes
1440 1780 1525 1818 quot
1557 1781 1754 1822 quantaque
1802 1797 1806 1800 -

1083 1823 1120 1857 in
1138 1830 1171 1857 te
1194 1823 1362 1859 beneficia
1382 1825 1524 1860 fortuna
1546 1827 1752 1871 contulerit3

1084 1881 1119 1908 et
1135 1888 1235 1909 unam
1250 1888 1355 1920 quam
1371 1875 1525 1920 admisit,
1547 1876 1583 1911 in
1600 1878 1754 1914 tollendo

1084 1926 1202 1962 Druso
1218 1953 1228 1971 ,
1260 1931 1392 1972 culpam
1421 1928 1597 1963 minorem
1628 1928 1754 1965 merim·

1084 1978 1239 2014 invenias
1257 1992 1394 2015 necesse
1414 1987 1475 2015 est.
1499 1980 1568 2016 Sed
1585 1981 1659 2018 baec
1673 1995 1753 2018 om-

1083 2031 1140 2066 nia
1155 2032 1326 2076 subtilius,
1344 2046 1449 2078 quam
1463 2033 1586 2069 verius.

1126 2083 1199 2131 393.
1223 2085 1323 2118 Adde
1342 2087 1433 2130 quod
1441 2090 1498 2120 est
1508 2089 1632 2121 absens
1635 2086 1751 2132 func-

1082 2138 1138 2169 tus
1153 2142 1215 2170 etc.
1234 2135 1292 2171 Sic
1304 2137 1487 2181 Heinsius,
1507 2151 1527 2172 e
1541 2138 1704 2174 Mediceo
1716 2146 1751 2174 et

1084 2185 1278 2222 Cambiano
1291 2215 1301 2232 ,
1329 2201 1437 2233 quum
1453 2189 1557 2236 vulgo
1568 2190 1681 2235 foelus
1697 2191 1751 2226 le-

1081 2247 1237 2284 geretur,
1254 2254 1356 2276 sensu
1372 2241 1478 2276 nullo.

1124 2293 1199 2335 402.
1221 2293 1435 2337 Hammifisra
1445 2295 1549 2337 petii!
1566 2306 1664 2338 quum
1684 2296 1751 2328 tria

1079 2345 1204 2387 templa
1218 2357 1327 2378 manu.
1346 2344 1482 2379 Scilicet
1496 2345 1592 2379 Jovis
1606 2344 1749 2390 Capito-

1079 2393 1139 2428 lini
1153 2421 1162 2439 ,
1180 2403 1215 2429 et
1230 2395 1254 2429 J
1259 2395 1381 2430 unonis
1391 2423 1400 2439 ,
1415 2403 1451 2430 et
1465 2396 1636 2431 Minervae
1647 2424 1656 2440 ,
1673 2410 1749 2442 quae

1079 2446 1141 2491 ipsi
1158 2447 1321 2492 proxima.
1343 2448 1383 2482 In
1403 2460 1472 2493 quo
1490 2447 1604 2482 differt
1622 2449 1749 2484 Noster

1079 2510 1097 2530 a
1114 2497 1230 2533 Dione
1246 2525 1255 2542 ,
1280 2499 1338 2544 qui
1354 2499 1429 2533 libri
1449 2510 1493 2533 ΙΝ
1509 2499 1607 2533 initio
1618 2526 1627 2540 ,
1651 2499 1747 2534 Jovis

1078 2550 1248 2595 templum
1259 2550 1387 2585 indicat
1399 2577 1408 2594 ,
1421 2558 1456 2585 et
1467 2551 1615 2585 atterum
1627 2554 1748 2587 σύννοιαν

1078 2606 1183 2643 «ierom
1192 2603 1289 2646 cujus
1297 2615 1379 2636 vero
1389 2597 1544 2637 numinis
1552 2629 1562 2646 ,
1573 2615 1646 2637 non
1655 2602 1746 2637 dicit.

1133 2654 1299 2697 403—404.
1321 2656 1527 2699 Junonisque
1546 2657 1644 2698 gram·
1657 2666 1745 2688 noc-

1077 2708 1110 2738 te
1121 2712 1183 2738 etc.
1194 2704 1452 2740 Distichonhoc
1463 2705 1610 2740 vicissim
1616 2703 1744 2748 cuper.

1075 2755 1196 2791 Heius.
1213 2764 1247 2792 et
1261 2757 1484 2792 Burmannus
1501 2762 1743 2796 tentaverunt,
