1884 3112
579 241 937 290 PENELOPE
969 243 1190 289 ULIXI.
1563 264 1594 310 9

169 340 336 390 Scirem
357 337 439 388 ubi
460 356 705 406 pugnares,
726 350 771 387 et
794 348 968 387 tantum
988 336 1107 386 bella
1131 337 1356 396 timerem;

232 417 294 464 Et
313 435 411 465 mea
432 434 533 465 cum
554 415 706 464 multis
725 416 879 482 juncta
903 413 1081 482 querela
1102 413 1231 463 foret.
1550 441 1595 477 '50

169 493 295 558 Quid
317 493 516 552 timeam,
535 493 723 557 ignoro:
746 494 880 542 timeo
904 503 1051 541 tamen
1075 493 1224 542 omnia
1247 493 1450 552 demens3

233 573 294 620 Et
314 583 438 638 patet
459 571 507 619 in
531 590 656 620 curas
678 589 779 619 area
800 569 890 619 lata
914 588 1046 618 meas.

169 648 460 716 Quaecunque
484 666 636 714 aequor
657 647 818 705 habet,
842 666 1116 714 quaecunque
1140 647 1337 714 pericula
1361 647 1514 706 tellus,
1559 684 1561 687 f

234 727 346 775 Tam
368 725 514 790 longae
537 744 689 775 causas
714 724 918 792 suspicor
940 743 1035 774 esse
1053 743 1200 773 morae.

169 804 276 853 Haec
294 823 378 868 ego
399 803 505 853 dum
524 802 658 854 stulte
675 803 889 862 meditor,
906 805 1027 869 (quae
1046 813 1191 852 vestra
1206 801 1350 851 libido
1368 814 1434 852 est
1451 805 1495 865 !)
1552 818 1594 864 75

230 883 341 932 Esse
363 882 600 949 peregrino
622 893 778 949 captus
803 899 950 930 amore
974 892 1117 947 potes.

165 958 371 1008 Forsitan
393 971 439 1008 et
459 978 634 1018 narres,
657 978 790 1027 quam
813 959 872 1007 sit
895 958 980 1006 tibi
1001 957 1167 1006 rustica
1189 957 1352 1023 conjux
1366 995 1380 1017 ,

232 1035 347 1099 Quae
366 1035 691 1086 vtantumlanas
713 1054 806 1083 non
829 1035 948 1084 sinat
971 1053 1065 1083 esse
1089 1033 1235 1083 rudes.

165 1111 334 1172 Fallar3
354 1126 399 1163 et
419 1114 507 1163 hoc
531 1114 698 1162 crimen
722 1124 878 1162 tenues
901 1123 1106 1160 vanescat
1128 1112 1176 1160 in
1200 1130 1352 1160 auras:

229 1191 372 1250 Neve,
392 1190 640 1240 revertendi
662 1189 799 1248 liber,
820 1190 974 1238 abesse
997 1188 1128 1238 velis!
1554 1202 1598 1236 80

164 1267 243 1316 Me
266 1279 392 1334 pater
414 1268 581 1317 Icarius
603 1267 739 1315 viduo
764 1265 986 1315 discedere
1010 1265 1125 1315 lecto

233 1345 390 1408 Cogit,
411 1357 457 1395 et
478 1346 714 1394 immensas
737 1344 938 1411 increpat
961 1362 1103 1411 usque
1127 1362 1288 1391 moraS.

166 1423 370 1488 Increpet
391 1442 535 1490 usque
557 1421 662 1471 licet
681 1443 690 1471 :
714 1433 789 1470 tua
812 1441 935 1478 sum,
960 1434 1035 1470 tua
1060 1421 1181 1470 dicar
1204 1433 1382 1487 oportet

234 1498 457 1566 Penelope
478 1518 488 1547 ε
510 1500 671 1563 conjux
690 1497 868 1564 'semper
891 1497 1036 1546 Ulixis
1059 1517 1149 1546 ero.

164 1576 245 1628 Ille
269 1589 414 1626 tamen
435 1577 599 1644 pietate
621 1595 738 1634 mea,
763 1575 1060 1643 precibusque
1083 1575 1259 1643 pudicis
1555 1591 1599 1626 85

228 1655 488 1718 Frangitur,
510 1666 555 1704 et
576 1654 690 1703 vires
714 1666 934 1721 temperat
956 1655 1053 1722 ipse
1078 1674 1192 1704 suas.

164 1731 388 1792 Dulichii,
410 1732 660 1799 Samiique,
681 1743 748 1790 et,
774 1752 889 1798 quos
913 1732 1019 1781 tulit
1042 1732 1131 1802 alta
1155 1733 1435 1800 Zacynthos,

208 1854 260 1900 75.
287 1855 371 1898 Quae
392 1858 508 1888 vestra
519 1855 634 1888 libido.
651 1852 848 1899 Exponen-

166 1904 254 1940 dum
281 1905 326 1941 de
346 1907 487 1942 libidine
505 1906 668 1941 omnium
692 1905 849 1940 marito-

163 1970 246 1993 rum
256 1984 265 2002 ,
278 1970 366 2004 quos
377 1958 487 2005 tangit
498 1958 555 1994 hic
566 1958 755 2004 Penelope.
771 1958 850 1994 Ele-

165 2013 310 2057 gantem
324 2023 409 2046 vero
424 2024 528 2047 usum
544 2011 765 2058 pronominis
783 2013 855 2055 Qui

164 2061 204 2097 in
216 2062 282 2098 hac
300 2062 474 2100 locutione
487 2091 496 2108 ‚
518 2065 592 2110 jam
605 2063 740 2099 notavit
759 2064 849 2099 Hu-

165 2113 335 2154 bertinus.
359 2116 491 2152 Bunm.

213 2167 264 2213 76.
286 2169 376 2202 Esse
392 2172 568 2214 peregrino
592 2174 714 2215 captus
735 2183 849 2205 amore

162 2222 272 2263 poles.
284 2218 357 2254 Sua
371 2220 575 2268 Penelopen
591 2222 730 2257 saliebat
743 2223 850 2269 suspi-

157 2271 222 2305 -cio
237 2283 245 2305 ε
262 2269 365 2307 Circe
374 2273 506 2308 etenim
514 2281 550 2309 et
560 2274 711 2322 Calypso
720 2275 849 2310 Ulixen

167 2322 229 2357 diu
245 2322 388 2368 quidem
399 2351 408 2368 ,
422 2325 483 2360 sed
503 2326 672 2371 invitum,
693 2327 851 2363 detinue-

166 2382 263 2411 runt.
281 2376 476 2422 Impeditus
490 2386 565 2414 erat
577 2406 587 2423 ,
602 2393 677 2415 non
693 2385 823 2425 captus.

212 2428 266 2463 83.
280 2430 435 2474 Increpet
443 2443 545 2476 usque
556 2434 640 2467 lice!
647 2439 711 2467 etc.
724 2433 850 2467 Nescio

169 2493 214 2515 an
243 2481 461 2527 praeserenda
486 2483 531 2518 sit
557 2483 732 2519 distinctio
758 2484 851 2520 docti

168 2534 235 2569 viri
255 2561 264 2579 ‚
291 2535 330 2569 in
357 2536 504 2570 Misce—ll.
535 2536 669 2572 observ.
705 2536 760 2571 vol
785 2548 823 2571 V1
839 2563 848 2581 ,

169 2593 255 2621 tom.
275 2601 287 2621 ι
302 2613 311 2630 ,
322 2601 353 2633 p.
371 2589 431 2635 ¹95
447 2602 455 2629 ;
473 2594 507 2622 et
520 2587 643 2622 Burin.
657 2588 798 2624 secund.
812 2589 850 2624 in

172 2637 319 2674 Anthol.
338 2639 398 2674 lata
411 2651 444 2683 1,
462 2653 494 2686 p.
516 2639 587 2674 135.

171 2699 292 2732 Increpet
303 2708 384 2734 usque
391 2700 466 2733 licet3
478 2705 524 2725 tua
532 2709 602 2732 sum,
611 2706 654 2725 tun
660 2701 732 2727 dicar
738 2706 837 2735 oportet
846 2710 853 2727 ι

202 2748 332 2782 Penelope
343 2749 440 2781 conjux
457 2758 559 2783 semper
570 2750 659 2775 Ulixis
671 2759 724 2776 ero.

180 2794 290 2833 Certe
307 2803 347 2834 ut
363 2796 443 2835 huic
457 2825 467 2846 ‚
483 2798 530 2835 ita
544 2799 692 2848 vulgatae
706 2807 856 2848 postpo-

914 1851 1034 1887 nenda
1047 1859 1099 1887 est
1114 1852 1252 1888 Heinsii
1264 1853 1504 1899 interpunctio
1518 1866 1526 1888 :
1539 1858 1599 1889 lua

914 1910 987 1931 sum
1004 1924 1012 1938 ,
1043 1901 1103 1932 lua
1138 1900 1238 1932 dt‘car
1266 1902 1398 1942 oporlet
1430 1900 1600 1943 Penelope

914 1950 1041 1994 conjux
1054 1963 1064 1983 .·
1079 1963 1213 1994 semper
1226 1951 1341 1985 Ulixis
1353 1964 1420 1985 ero.
1436 1951 1599 1986 LENNEP.

962 2001 1108 2046 Quanta
1118 2002 1168 2037 vis
1179 2002 1441 2048 squamamque
1456 2003 1601 2039 affectus

914 2054 997 2089 insit
1009 2055 1045 2088 in
1059 2055 1270 2100 pronomine
1283 2054 1350 2090 hoc
1362 2055 1511 2102 repetito
1523 2065 1601 2091 TUA

915 2119 1008 2147 sum,
1029 2116 1106 2142 TUA
1125 2109 1226 2142 dicar
1243 2114 1307 2142 etc.
1327 2107 1516 2152 noverint,
1541 2107 1602 2153 qui

916 2159 1207 2194 absolutissimam
1221 2159 1314 2194 hanc
1329 2161 1493 2206 persectae
1507 2173 1601 2195 con-

915 2212 1007 2259 jugis
1028 2212 1182 2258 effigiem
1199 2219 1235 2247 et
1250 2212 1429 2259 exemplar
1442 2213 1600 2247 immor—

915 2265 981 2299 tale
993 2291 1001 2308 ,
1012 2277 1075 2299 sua⁴
1085 2264 1161 2299 luce
1173 2291 1184 2309 ,
1195 2278 1327 2310 suoque
1342 2272 1500 2311 tempore
1516 2264 1602 2299 aesti-

915 2317 1090 2352 mnndum
1113 2317 1367 2353 collocaverint.
1383 2317 1443 2352 Sic
1461 2318 1504 2352 ab
1525 2317 1601 2362 ipso

916 2370 1069 2416 epistolae
1083 2369 1228 2404 exordio
1243 2383 1251 2405 :
1269 2374 1329 2404 tua
1345 2372 1526 2414 Penelope.

959 2424 1012 2457 85.
1035 2424 1258 2468 precibusque
1271 2424 1407 2467 pudicis
1413 2422 1601 2466 frangitur.

919 2474 1024 2509 Cedit
1035 2474 1143 2510 victus
1155 2482 1255 2521 pater
1266 2475 1424 2521 precibus
1436 2474 1533 2508 meis.
1546 2473 1599 2508 Eo

914 2540 1019 2563 sensu
1036 2527 1157 2573 Virgil.
1175 2527 1260 2562 AEn.
1272 2539 1327 2562 v11
1340 2553 1350 2571 ,
1371 2528 1456 2575 594:

981 2588 1138 2620 Frangimur
1148 2587 1201 2612 heu
1213 2589 1219 2612 Ξ
1242 2587 1314 2612 satis.

918 2647 1069 2681 Pude'cz's.
1092 2645 1234 2681 Pudicae
1253 2645 1389 2690 uxoris,
1416 2657 1493 2691 quae
1508 2645 1562 2679 vel
1583 2658 1602 2680 a

920 2699 1022 2733 viduo
1043 2700 1133 2732 lecto
1150 2710 1224 2732 non
1242 2698 1317 2733 vult
1331 2700 1513 2733 discedere.

960 2750 1018 2785 86.
1049 2751 1146 2785 Vites
1164 2754 1330 2795 lempeml
1346 2754 1420 2796 ipse
1442 2764 1532 2785 suas.
1561 2750 1602 2785 Id

924 2810 997 2847 est,
1016 2809 1139 2848 sponte
1161 2816 1222 2839 sua
1249 2803 1350 2848 (tpse)
1370 2803 1414 2838 de
1434 2803 1510 2848 jure
1533 2816 1602 2849 pa—
