1884 3112
673 250 1188 298 HALIEUTICON.

213 339 418 404 Lolligo,
444 341 631 409 durique
656 342 789 402 Sues,
816 344 1084 412 sinuosaque
1105 345 1230 394 Caris
1257 360 1268 390 ε

1580 373 1591 395 l
1600 363 1641 395 30

213 421 276 468 Et
296 431 384 468 tam
408 419 595 469 deformi
616 440 709 469 non
734 421 897 485 (lignus
920 423 1099 472 nomine
1122 422 1300 472 Asellus
1321 442 1333 472 :

165 524 173 532 ·
214 504 376 571 Tuque
394 505 660 571 peregrinis,
685 505 950 572 Acipenser‚
976 505 1145 554 nobilis
1166 505 1311 555 undis.

218 619 905 631 σσσσσσσσσσσσσσσσσσσ

215 719 269 755 sui
282 719 432 766 generis,
440 719 540 766 piscis
551 726 602 755 est
612 718 778 766 Oppiano
787 732 896 766 prope

216 772 303 808 ostia
319 771 520 806 fluviorum.
532 771 646 807 stu.

263 825 338 859 130.
364 826 508 869 Lollzigo.
528 823 667 871 Pelagia
688 830 741 859 est
763 823 897 870 Lolligo

215 889 354 924 magna.
363 877 477 913 Gsssn.
486 876 619 913 Plinius
629 876 747 911 multis
755 876 791 911 in
799 877 896 912 locis:

215 929 399 973 AElianus,
424 929 461 965 in
477 929 554 964 libri
570 940 609 964 lx
630 928 741 975 capite
760 939 821 963 m.
844 929 897 964 Ex

213 982 376 1018 mollium
392 995 520 1030 genere
534 1009 544 1026 ,
563 982 651 1018 sicut
662 982 817 1029 Polypus
828 1009 838 1026 ‚
862 989 898 1018 et

214 1034 331 1081 Sppia
345 1045 354 1067 τ
367 1035 551 1082 proprium
565 1034 670 1069 habet
679 1061 689 1078 ‚
704 1034 796 1068 inter
804 1034 898 1068 mol-

214 1087 261 1124 lia
275 1096 316 1124 ut
330 1088 442 1133 volet,
461 1095 496 1124 et
512 1087 658 1123 volitans
673 1087 828 1123 Conchae
840 1086 898 1122 ad-

215 1140 354 1178 herens
368 1168 379 1186 ,
405 1149 442 1178 et
467 1142 515 1177 ita
540 1141 662 1177 affixus
676 1168 686 1186 ,
711 1148 771 1176 aut
795 1153 901 1176 arena

215 1206 290 1230 sese
300 1194 490 1229 suburrans
504 1219 514 1239 ,
532 1194 746 1240 tempestatis
760 1193 902 1239 signum

216 1252 270 1281 est
288 1258 297 1281 z
319 1245 461 1282 vivendi
483 1246 635 1292 spatium
658 1252 731 1281 tam
753 1246 876 1293 Saepiae
889 1273 899 1291 ‚

218 1310 327 1344 quam
343 1298 505 1346 Lolligini
521 1299 627 1334 breve
644 1305 705 1334 est.
737 1299 901 1345 Namque

216 1352 335 1399 paucis
366 1352 534 1399 excerptis
556 1379 566 1396 ,
615 1352 789 1388 bimatum
825 1365 900 1388 non

211 1405 398 1452 complent
419 1418 635 1451 :numquam
651 1405 699 1440 illi
721 1405 817 1440 deest
831 1418 900 1440 co-

216 1458 274 1505 pia
298 1457 513 1500 atramenti3
534 1457 604 1493 suis
624 1457 901 1504 promuscidibus

215 1510 326 1557 pisces
347 1517 507 1546 venatur.
536 1509 641 1546 Cior.
671 1529 716 1537 —-
748 1512 900 1556 Dun’que

216 1564 311 1599 Sues.
324 1565 466 1613 Difique
474 1563 600 1613 passim
612 1564 695 1599 citat
710 1562 898 1600 Gesnerus.

216 1615 579 1662 Vu'r.—Sinuoeaque
589 1616 701 1652 Cessf,
712 1616 896 1661 Praeclare,

214 1675 256 1704 ut
267 1668 388 1704 omnia
398 1694 413 1714 ,
433 1667 500 1714 hoc
514 1668 641 1704 vulnus
653 1669 786 1704 sanavit
802 1670 899 1705 Pan-

212 1719 375 1768 tagathus
390 1734 400 1764 ;
434 1720 517 1767 legit
533 1721 630 1756 enim
643 1748 653 1766 ,
678 1723 807 1757 cestra.
834 1721 898 1757 Est

214 1779 335 1808 autem
349 1771 475 1809 Cestra
487 1800 497 1818 ,
510 1773 609 1820 piscis
619 1799 629 1818 ‚
645 1786 722 1820 quae
734 1774 771 1809 in
786 1771 897 1820 c‘apite

212 1824 319 1861 babet
335 1825 424 1861 duos
440 1825 594 1870 aculeos,
620 1826 744 1872 quibus
762 1826 898 1874 Thyn-

213 1890 304 1912 num
320 1877 375 1912 vel
390 1877 541 1912 maxime
560 1877 722 1922 infestat,
750 1891 788 1914 ac
808 1892 898 1924 per-

213 1929 382 1976 sequitur.
399 1929 511 1965 Aldus
527 1929 608 1965 Aldi
626 1930 670 1966 N.
684 1931 896 1976 reponebat,
918 1926 921 1929 ’

221 1983 376 2024 Thessa5
398 1994 469 2028 quo
491 1981 535 2017 de
558 1982 648 2028 pisce
666 1982 801 2018 Plinius
813 2010 822 2027 ,
839 1983 896 2019 lib.

215 2046 322 2071 xxxu
337 2061 348 2080 ,
380 2047 454 2081 cap.
479 2045 527 2069 x1.
548 2033 653 2070 Ctor.
672 2037 791 2078 cante,
818 2035 898 2071 libri

214 2087 333 2134 scripti
342 2114 352 2132 ,
365 2094 402 2123 et
419 2087 587 2122 Pithoeus.

264 2140 336 2175 131.
366 2142 419 2175 Et
435 2144 505 2175 lam
524 2140 671 2185 deformi
684 2152 752 2174 non
776 2141 898 2186 dumus

215 2197 349 2228 nomine
363 2193 513 2228 Asellus.
533 2192 617 2227 Duo
631 2191 829 2228 Asellorum
842 2207 898 2240 ge-

216 2258 302 2292 nera
321 2245 501 2292 :primum
513 2272 523 2290 ,
544 2249 644 2289 ὅνους,
667 2245 783 2280 Plinio
800 2247 898 2280 Bac-

215 2299 299 2334 chus
319 2304 465 2334 vocatur
482 2312 490 2341 ;
519 2297 555 2332 hi
578 2298 615 2332 in
636 2298 704 2333 alto
728 2298 817 2332 mari
838 2312 897 2333 ca-

215 2351 363 2397 piuntur
378 2362 387 2385 :
402 2350 552 2385 alterum
567 2363 677 2396 genus
689 2377 698 2394 ,
722 2351 896 2386 Gallan'us

215 2402 360 2438 dicitur:
372 2402 514 2438 litoralis
526 2409 577 2438 est
587 2417 595 2447 ;
610 2403 694 2439 latet
703 2402 895 2449 plurimum

215 2454 394 2501 temporis.
410 2453 515 2490 Ctor.

262 2507 334 2543 132.
363 2509 477 2555 Tuque
483 2510 680 2554 pemfn'm's,
698 2509 894 2553 Acipenset,

961 722 1086 755 nobilis
1094 722 1204 755 undis.
1215 720 1271 756 De
1285 720 1497 767 Acipensere
1507 721 1640 758 Plinius

961 772 1019 807 lib.
1034 783 1092 815 lx,
1116 786 1188 818 cap.
1209 784 1310 818 xv11,
1331 780 1366 808 et
1385 773 1473 808 alibi.
1497 774 1614 810 ltalice
1630 802 1640 818 ‚

962 825 1116 860 Ston'one
1125 852 1133 866 ,
1147 824 1277 860 Gallice
1288 853 1297 867 ‚
1310 828 1508 870 Eslurgeon.
1524 826 1642 862 Sensit

962 890 1103 914 mecum
1119 878 1325 914 clarissimus
1337 879 1500 914 Muretus
1517 887 1572 914 :et
1587 881 1642 915 alii

962 931 1026 965 viri
1043 930 1286 975 eruditissimi,
1310 931 1402 966 inter
1427 945 1513 977 quos
1533 932 1641 967 Ron-

963 983 1129 1027 deletius‚
1142 997 1215 1030 cap.
1231 983 1293 1018 ult.
1309 983 1366 1018 lib.
1382 995 1459 1027 XIV,
1471 984 1503 1018 id
1522 984 1643 1019 litteris

962 1036 1224 1082 consignarunt.
1243 1035 1290 1070 At
1302 1035 1401 1070 aliter
1416 1035 1624 1071 Giscaserius
1634 1064 1643 1082 ,

964 1088 1023 1133 qui
1040 1087 1113 1123 haec
1130 1094 1230 1123 notat
1251 1087 1287 1122 iu
1305 1088 1370 1123 hac
1390 1088 1543 1123 secunda
1562 1089 1645 1123 edi-

963 1141 1071 1176 tione.
1091 1140 1147 1175 De
1167 1141 1379 1186 Acipensere
1394 1167 1403 1184 ,
1422 1141 1557 1187 inquit,
1577 1155 1646 1176 va-

963 1194 1015 1229 ria
1040 1200 1091 1229 est
1120 1193 1213 1229 inter
1236 1193 1421 1240 scriptores
1446 1194 1644 1239 sententia,

965 1246 1125 1293 quisnam
1142 1247 1207 1291 sit,
1230 1253 1265 1282 et
1287 1259 1358 1292 quo
1380 1246 1471 1292 apud
1488 1259 1552 1281 nos
1575 1259 1643 1281 vo-

963 1307 1064 1335 cetur
1078 1300 1237 1335 nomine.
1251 1299 1375 1334 Jovius
1391 1299 1559 1334 eumdem
1574 1312 1646 1334 esse

962 1353 1038 1389 vult
1052 1366 1134 1389 cum
1151 1353 1292 1399 Ellope;
1311 1355 1344 1387 le
1359 1353 1514 1394 Le‘zard‚·
1540 1351 1646 1398 idque

963 1407 1112 1453 probare
1133 1406 1317 1442 contendit
1339 1405 1518 1440 nonnullis
1542 1419 1647 1452 argu-

962 1460 1103 1494 mentis.
1134 1458 1366 1494 Rondeletius
1393 1457 1546 1493 diversos
1574 1472 1646 1494 esse

951 1512 1058 1553 >inter
1067 1526 1103 1547 se
1116 1511 1287 1548 existimat
1298 1525 1306 1554 ;
1319 1511 1539 1557 Ellopenque
1549 1524 1648 1557 squa-

948 1559 1053 1600 'mosi
1066 1591 1076 1609 ,
1100 1564 1352 1610 Acipenserem
1373 1563 1564 1599 mustellini
1586 1577 1648 1610 ge·-

963 1616 1080 1659 neris3
1105 1629 1260 1662 eumque
1279 1629 1351 1651 esse
1366 1642 1376 1660 ,
1398 1616 1457 1661 qui
1473 1615 1566 1661 apud
1583 1629 1648 1652 nos

963 1670 1084 1707 Sturio
1105 1676 1274 1704 vocatur:
1291 1668 1385 1715 quod
1408 1668 1552 1714 quidem
1573 1682 1648 1704 non

960 1722 1078 1768 paucis
1093 1721 1288 1757 rationibus
1302 1728 1338 1756 et
1355 1728 1541 1756 auctorum
1556 1722 1649 1756 testi-

961 1774 1090 1809 moniis
1100 1774 1299 1809 confirmat.
1310 1773 1441 1809 Paulus
1452 1780 1572 1809 tamen
1586 1775 1611 1809 J
1613 1787 1647 1808 o-

961 1827 1037 1862 vius
1056 1826 1216 1862 Silurum
1236 1827 1444 1862 Sturionem
1460 1839 1532 1862 esse
1555 1839 1646 1861 nos-

961 1885 1059 1913 trum
1081 1878 1278 1914 arbitratur.
1303 1879 1346 1913 In
1365 1878 1429 1913 hac
1449 1886 1523 1914 tam
1542 1880 1645 1913 anci-

962 1929 1025 1975 piti
1042 1942 1160 1976 pugna
1182 1929 1386 1976 perdifficile
1412 1936 1464 1965 est
1487 1943 1587 1965 nosse
1608 1930 1646 1964 in

961 1988 1079 2016 utram
1094 1982 1204 2028 magis
1224 1989 1361 2027 partem
1375 1982 1521 2017 inclinet
1535 1975 1646 2016 victo—

961 2034 1023 2070 ria.
1049 2035 1131 2070 Hoc
1150 2041 1271 2070 tamen
1292 2034 1645 2070 animadvertendum

961 2087 1120 2122 existimo
1134 2114 1144 2132 ,
1169 2087 1303 2123 mirum
1324 2087 1436 2124 videri
1453 2087 1663 2134 Acipense-=

960 2152 1039 2175 rem
1057 2140 1099 2175 ab
1115 2139 1246 2175 ovidio
1262 2140 1491 2187 peregrinum
1507 2140 1644 2184 vocari,

960 2192 989 2228 si
1001 2199 1121 2227 noster
1133 2191 1254 2227 Sturio
1270 2192 1314 2227 sit
1323 2219 1333 2237 ‚
1351 2205 1462 2238 quum
1472 2206 1546 2228 non
1559 2206 1644 2239 pro-

961 2245 1016 2280 cul
1026 2259 1045 2280 a
1054 2245 1230 2281 moenibus
1240 2245 1348 2281 Urbis
1360 2246 1396 2280 in
1407 2246 1546 2290 Tiberi,
1562 2259 1643 2281 vere

961 2306 996 2334 et
1008 2306 1124 2335 aestate
1140 2299 1326 2335 Sturiones
1336 2299 1561 2335 laudatissimi
1575 2300 1646 2334 fre-

961 2359 1113 2397 quenter
1127 2353 1320 2398 capiantur.
1343 2353 1425 2388 Hoc
1447 2359 1565 2387 autem
1585 2365 1642 2387 ar-

962 2412 1132 2451 gumento
1139 2405 1236 2442 facile
1245 2404 1340 2441 credi
1347 2418 1446 2452 posse
1455 2405 1562 2440 alium
1570 2418 1643 2440 esse

962 2457 1225 2503 Acipenserem,
1239 2459 1299 2503 qui
1308 2471 1326 2493 e
1337 2458 1481 2493 remotis
1491 2458 1645 2493 maribus

961 2509 1115 2546 Romam
1131 2510 1212 2548 vehi
1230 2511 1350 2549 solitus
1363 2516 1461 2548 esset.
1481 2509 1584 2546 Cior.

762 2645 1080 2663 ᾡ-
