<?xml version="1.0" encoding="UTF-8"?>
<!DOCTYPE html PUBLIC "-//W3C//DTD XHTML 1.0 Transitional//EN"
    "http://www.w3.org/TR/xhtml1/DTD/xhtml1-transitional.dtd">
<html xmlns="http://www.w3.org/1999/xhtml" xml:lang="en" lang="en">
 <head>
  <title>
</title>
<meta http-equiv="Content-Type" content="text/html;charset=utf-8" />
  <meta name='ocr-system' content='tesseract 3.04.00' />
  <meta name='ocr-capabilities' content='ocr_page ocr_carea ocr_par ocr_line ocrx_word'/>
</head>
<body>
  <div class='ocr_page' id='page_1' title='image "./quaeextantomniao01oviduoft_0183.png"; bbox 0 0 1884 3112; ppageno 0'>
   <div class='ocr_carea' id='block_1_1' title="bbox 0 0 173 1073">
    <p class='ocr_par' dir='ltr' id='par_1_1' title="bbox 0 0 173 1073">
     <span class='ocr_line' id='line_1_1' title="bbox 0 0 173 1073; baseline 0 0"><span class='ocrx_word' id='word_1_1' title='bbox 0 0 173 1073; x_wconf 95' lang='lat' dir='ltr'> </span> 
     </span>
    </p>
   </div>
   <div class='ocr_carea' id='block_1_2' title="bbox 673 243 1598 289">
    <p class='ocr_par' dir='ltr' id='par_1_2' title="bbox 673 243 1598 289">
     <span class='ocr_line' id='line_1_2' title="bbox 673 243 1598 289; baseline -0.005 0"><span class='ocrx_word' id='word_1_2' title='bbox 673 243 850 289; x_wconf 93' lang='lat' dir='ltr'><strong>DIDO</strong></span> <span class='ocrx_word' id='word_1_3' title='bbox 887 243 1106 288; x_wconf 79' lang='lat' dir='ltr'>AENEAE.</span> <span class='ocrx_word' id='word_1_4' title='bbox 1516 244 1598 284; x_wconf 67' lang='lat'>⁴151</span> 
     </span>
    </p>
   </div>
   <div class='ocr_carea' id='block_1_3' title="bbox 176 333 1612 1098">
    <p class='ocr_par' dir='ltr' id='par_1_3' title="bbox 176 333 1612 1098">
     <span class='ocr_line' id='line_1_3' title="bbox 176 333 1134 406; baseline -0.007 -17"><span class='ocrx_word' id='word_1_5' title='bbox 176 338 226 388; x_wconf 87' lang='lat' dir='ltr'>Si</span> <span class='ocrx_word' id='word_1_6' title='bbox 248 357 438 406; x_wconf 83' lang='lat' dir='ltr'>quaeras,</span> <span class='ocrx_word' id='word_1_7' title='bbox 455 338 537 388; x_wconf 88' lang='lat' dir='ltr'>ubi</span> <span class='ocrx_word' id='word_1_8' title='bbox 561 337 620 386; x_wconf 87' lang='lat' dir='ltr'>sit</span> <span class='ocrx_word' id='word_1_9' title='bbox 641 335 826 385; x_wconf 86' lang='lat' dir='ltr'>formosi</span> <span class='ocrx_word' id='word_1_10' title='bbox 848 347 989 385; x_wconf 88' lang='lat' dir='ltr'>mater</span> <span class='ocrx_word' id='word_1_11' title='bbox 1011 333 1134 383; x_wconf 85' lang='lat' dir='ltr'>Iuli?</span> 
     </span>
     <span class='ocr_line' id='line_1_4' title="bbox 243 412 1056 475; baseline -0.006 -11"><span class='ocrx_word' id='word_1_12' title='bbox 243 415 442 475; x_wconf 84' lang='lat' dir='ltr'>Occidit,</span> <span class='ocrx_word' id='word_1_13' title='bbox 467 435 493 464; x_wconf 90' lang='lat' dir='ltr'>a</span> <span class='ocrx_word' id='word_1_14' title='bbox 516 415 629 463; x_wconf 85' lang='lat' dir='ltr'>duro</span> <span class='ocrx_word' id='word_1_15' title='bbox 653 412 750 463; x_wconf 90' lang='lat' dir='ltr'>sola</span> <span class='ocrx_word' id='word_1_16' title='bbox 770 412 924 462; x_wconf 86' lang='lat' dir='ltr'>relicta</span> <span class='ocrx_word' id='word_1_17' title='bbox 946 413 1056 460; x_wconf 86' lang='lat' dir='ltr'>viro.</span> 
     </span>
     <span class='ocr_line' id='line_1_5' title="bbox 183 493 1607 550; baseline -0.003 -10"><span class='ocrx_word' id='word_1_18' title='bbox 183 493 292 542; x_wconf 83' lang='lat' dir='ltr'>Haec</span> <span class='ocrx_word' id='word_1_19' title='bbox 314 493 426 542; x_wconf 87' lang='lat' dir='ltr'>mihi</span> <span class='ocrx_word' id='word_1_20' title='bbox 449 511 673 550; x_wconf 82' lang='lat' dir='ltr'>narraras3</span> <span class='ocrx_word' id='word_1_21' title='bbox 699 503 746 540; x_wconf 88' lang='lat' dir='ltr'>at</span> <span class='ocrx_word' id='word_1_22' title='bbox 766 510 836 540; x_wconf 91' lang='lat' dir='ltr'>me</span> <span class='ocrx_word' id='word_1_23' title='bbox 858 508 1034 539; x_wconf 85' lang='lat' dir='ltr'>movere</span> <span class='ocrx_word' id='word_1_24' title='bbox 1056 499 1295 537; x_wconf 85' lang='lat' dir='ltr'>merentem</span> <span class='ocrx_word' id='word_1_25' title='bbox 1313 507 1324 536; x_wconf 91' lang='lat'><strong>:</strong></span> <span class='ocrx_word' id='word_1_26' title='bbox 1563 501 1607 537; x_wconf 80' lang='lat'>85</span> 
     </span>
     <span class='ocr_line' id='line_1_6' title="bbox 241 566 1188 635; baseline -0.005 -18"><span class='ocrx_word' id='word_1_27' title='bbox 241 568 326 618; x_wconf 85' lang='lat' dir='ltr'>Illa</span> <span class='ocrx_word' id='word_1_28' title='bbox 346 570 494 618; x_wconf 90' lang='lat' dir='ltr'>minor</span> <span class='ocrx_word' id='word_1_29' title='bbox 516 568 646 635; x_wconf 90' lang='lat' dir='ltr'>culpa</span> <span class='ocrx_word' id='word_1_30' title='bbox 668 586 799 635; x_wconf 86' lang='lat' dir='ltr'>poena</span> <span class='ocrx_word' id='word_1_31' title='bbox 821 566 971 616; x_wconf 85' lang='lat' dir='ltr'>futura</span> <span class='ocrx_word' id='word_1_32' title='bbox 991 585 1089 614; x_wconf 91' lang='lat' dir='ltr'>mea</span> <span class='ocrx_word' id='word_1_33' title='bbox 1109 577 1188 614; x_wconf 88' lang='lat' dir='ltr'>est.</span> 
     </span>
     <span class='ocr_line' id='line_1_7' title="bbox 177 641 1601 711; baseline -0.008 -14"><span class='ocrx_word' id='word_1_34' title='bbox 177 647 269 697; x_wconf 87' lang='lat' dir='ltr'>Nec</span> <span class='ocrx_word' id='word_1_35' title='bbox 290 648 402 696; x_wconf 86' lang='lat' dir='ltr'>mihi</span> <span class='ocrx_word' id='word_1_36' title='bbox 422 666 550 697; x_wconf 88' lang='lat' dir='ltr'>mens</span> <span class='ocrx_word' id='word_1_37' title='bbox 577 646 714 695; x_wconf 87' lang='lat' dir='ltr'>dubia</span> <span class='ocrx_word' id='word_1_38' title='bbox 736 656 823 703; x_wconf 89' lang='lat' dir='ltr'>est,</span> <span class='ocrx_word' id='word_1_39' title='bbox 852 643 962 711; x_wconf 88' lang='lat' dir='ltr'>quin</span> <span class='ocrx_word' id='word_1_40' title='bbox 986 654 1028 691; x_wconf 90' lang='lat' dir='ltr'>te</span> <span class='ocrx_word' id='word_1_41' title='bbox 1054 654 1131 690; x_wconf 88' lang='lat' dir='ltr'>tua</span> <span class='ocrx_word' id='word_1_42' title='bbox 1153 642 1336 690; x_wconf 88' lang='lat' dir='ltr'>numina</span> <span class='ocrx_word' id='word_1_43' title='bbox 1361 641 1568 690; x_wconf 82' lang='lat' dir='ltr'><strong>damnent</strong></span> <span class='ocrx_word' id='word_1_44' title='bbox 1591 659 1601 687; x_wconf 92' lang='lat'>:</span> 
     </span>
     <span class='ocr_line' id='line_1_8' title="bbox 244 718 1302 791; baseline -0.007 -18"><span class='ocrx_word' id='word_1_45' title='bbox 244 724 331 773; x_wconf 90' lang='lat' dir='ltr'>Per</span> <span class='ocrx_word' id='word_1_46' title='bbox 354 743 493 783; x_wconf 89' lang='lat' dir='ltr'>mare,</span> <span class='ocrx_word' id='word_1_47' title='bbox 518 743 600 791; x_wconf 91' lang='lat' dir='ltr'>per</span> <span class='ocrx_word' id='word_1_48' title='bbox 621 735 758 772; x_wconf 87' lang='lat' dir='ltr'>terras</span> <span class='ocrx_word' id='word_1_49' title='bbox 783 719 1126 788; x_wconf 84' lang='lat' dir='ltr'>septima-jactat</span> <span class='ocrx_word' id='word_1_50' title='bbox 1147 718 1302 767; x_wconf 90' lang='lat' dir='ltr'>hiems.</span> 
     </span>
     <span class='ocr_line' id='line_1_9' title="bbox 177 796 1150 866; baseline -0.005 -17"><span class='ocrx_word' id='word_1_51' title='bbox 177 799 409 850; x_wconf 86' lang='lat' dir='ltr'><strong>Fluctibus</strong></span> <span class='ocrx_word' id='word_1_52' title='bbox 434 801 621 866; x_wconf 88' lang='lat' dir='ltr'>ejectum</span> <span class='ocrx_word' id='word_1_53' title='bbox 643 811 743 858; x_wconf 70' lang='lat' dir='ltr'>tutav</span> <span class='ocrx_word' id='word_1_54' title='bbox 764 798 956 847; x_wconf 85' lang='lat' dir='ltr'>statione</span> <span class='ocrx_word' id='word_1_55' title='bbox 980 796 1150 863; x_wconf 84' lang='lat' dir='ltr'><strong>recepi,</strong></span> 
     </span>
     <span class='ocr_line' id='line_1_10' title="bbox 243 873 1612 945; baseline -0.006 -18"><span class='ocrx_word' id='word_1_56' title='bbox 243 879 421 945; x_wconf 82' lang='lat' dir='ltr'>Vixque</span> <span class='ocrx_word' id='word_1_57' title='bbox 443 878 558 927; x_wconf 89' lang='lat' dir='ltr'>bene</span> <span class='ocrx_word' id='word_1_58' title='bbox 582 877 735 926; x_wconf 88' lang='lat' dir='ltr'>audito</span> <span class='ocrx_word' id='word_1_59' title='bbox 759 876 960 934; x_wconf 89' lang='lat' dir='ltr'>nominc,</span> <span class='ocrx_word' id='word_1_60' title='bbox 986 894 1122 939; x_wconf 85' lang='lat' dir='ltr'>regna</span> <span class='ocrx_word' id='word_1_61' title='bbox 1145 873 1260 922; x_wconf 85' lang='lat' dir='ltr'>dedi.</span> <span class='ocrx_word' id='word_1_62' title='bbox 1567 899 1612 933; x_wconf 77' lang='lat'>9⁰</span> 
     </span>
     <span class='ocr_line' id='line_1_11' title="bbox 178 952 1278 1010; baseline -0.003 -7"><span class='ocrx_word' id='word_1_63' title='bbox 178 954 265 1003; x_wconf 84' lang='lat' dir='ltr'>His</span> <span class='ocrx_word' id='word_1_64' title='bbox 289 965 436 1004; x_wconf 87' lang='lat' dir='ltr'>tamen</span> <span class='ocrx_word' id='word_1_65' title='bbox 461 953 618 1003; x_wconf 90' lang='lat' dir='ltr'>officiis</span> <span class='ocrx_word' id='word_1_66' title='bbox 641 953 815 1002; x_wconf 89' lang='lat' dir='ltr'>utinam</span> <span class='ocrx_word' id='word_1_67' title='bbox 839 964 1048 1002; x_wconf 88' lang='lat' dir='ltr'>contenta</span> <span class='ocrx_word' id='word_1_68' title='bbox 1070 952 1278 1010; x_wconf 87' lang='lat' dir='ltr'>fuissem,</span> 
     </span>
     <span class='ocr_line' id='line_1_12' title="bbox 242 1029 1221 1098; baseline -0.003 -18"><span class='ocrx_word' id='word_1_69' title='bbox 242 1031 304 1080; x_wconf 87' lang='lat' dir='ltr'>Et</span> <span class='ocrx_word' id='word_1_70' title='bbox 325 1031 436 1080; x_wconf 88' lang='lat' dir='ltr'>mihi</span> <span class='ocrx_word' id='word_1_71' title='bbox 459 1030 725 1080; x_wconf 86' lang='lat' dir='ltr'><strong>concubitus</strong></span> <span class='ocrx_word' id='word_1_72' title='bbox 748 1030 864 1080; x_wconf 88' lang='lat' dir='ltr'>fama</span> <span class='ocrx_word' id='word_1_73' title='bbox 886 1029 1060 1098; x_wconf 86' lang='lat' dir='ltr'>sepulta</span> <span class='ocrx_word' id='word_1_74' title='bbox 1083 1029 1221 1078; x_wconf 79' lang='lat' dir='ltr'>foret!</span> 
     </span>
    </p>
   </div>
   <div class='ocr_carea' id='block_1_4' title="bbox 178 1150 868 1877">
    <p class='ocr_par' dir='ltr' id='par_1_4' title="bbox 178 1150 868 1460">
     <span class='ocr_line' id='line_1_13' title="bbox 221 1150 868 1198; baseline -0.003 -11"><span class='ocrx_word' id='word_1_75' title='bbox 221 1151 275 1187; x_wconf 83' lang='grc'>83.</span> <span class='ocrx_word' id='word_1_76' title='bbox 287 1152 329 1187; x_wconf 81' lang='lat' dir='ltr'>Si</span> <span class='ocrx_word' id='word_1_77' title='bbox 337 1163 467 1198; x_wconf 61' lang='grc' dir='ltr'><em>μοι-αι</em></span> <span class='ocrx_word' id='word_1_78' title='bbox 481 1153 542 1186; x_wconf 79' lang='lat' dir='ltr'>ubi</span> <span class='ocrx_word' id='word_1_79' title='bbox 547 1154 597 1186; x_wconf 80' lang='lat' dir='ltr'>stt</span> <span class='ocrx_word' id='word_1_80' title='bbox 597 1150 750 1196; x_wconf 83' lang='lat' dir='ltr'>formosi</span> <span class='ocrx_word' id='word_1_81' title='bbox 756 1154 868 1185; x_wconf 81' lang='lat' dir='ltr'>mater</span> 
     </span>
     <span class='ocr_line' id='line_1_14' title="bbox 178 1203 863 1248; baseline -0.003 -9"><span class='ocrx_word' id='word_1_82' title='bbox 178 1205 252 1239; x_wconf 82' lang='lat' dir='ltr'><em>Iuli</em></span> <span class='ocrx_word' id='word_1_83' title='bbox 267 1210 331 1239; x_wconf 85' lang='lat' dir='ltr'>etc.</span> <span class='ocrx_word' id='word_1_84' title='bbox 357 1203 491 1239; x_wconf 78' lang='lat' dir='ltr'>Creusa</span> <span class='ocrx_word' id='word_1_85' title='bbox 506 1229 518 1247; x_wconf 86' lang='lat'>,</span> <span class='ocrx_word' id='word_1_86' title='bbox 547 1203 681 1238; x_wconf 84' lang='lat' dir='ltr'>Priami</span> <span class='ocrx_word' id='word_1_87' title='bbox 708 1203 798 1248; x_wconf 81' lang='lat' dir='ltr'>regis</span> <span class='ocrx_word' id='word_1_88' title='bbox 827 1210 863 1238; x_wconf 88' lang='lat' dir='ltr'>et</span> 
     </span>
     <span class='ocr_line' id='line_1_15' title="bbox 178 1255 862 1300; baseline -0.006 -8"><span class='ocrx_word' id='word_1_89' title='bbox 178 1256 338 1292; x_wconf 63' lang='lat' dir='ltr'>Hecuba</span> <span class='ocrx_word' id='word_1_90' title='bbox 359 1256 450 1300; x_wconf 83' lang='lat' dir='ltr'>filia,</span> <span class='ocrx_word' id='word_1_91' title='bbox 476 1255 602 1291; x_wconf 77' lang='lat' dir='ltr'>AEneae</span> <span class='ocrx_word' id='word_1_92' title='bbox 624 1267 720 1289; x_wconf 83' lang='lat' dir='ltr'>uxor.</span> <span class='ocrx_word' id='word_1_93' title='bbox 744 1273 788 1280; x_wconf 92' lang='lat'>-—</span> <span class='ocrx_word' id='word_1_94' title='bbox 808 1255 862 1289; x_wconf 92' lang='lat' dir='ltr'>Eo</span> 
     </span>
     <span class='ocr_line' id='line_1_16' title="bbox 180 1306 863 1354; baseline -0.004 -11"><span class='ocrx_word' id='word_1_95' title='bbox 180 1307 318 1354; x_wconf 74' lang='lat' dir='ltr'>gravius</span> <span class='ocrx_word' id='word_1_96' title='bbox 323 1307 405 1343; x_wconf 90' lang='lat' dir='ltr'>inde</span> <span class='ocrx_word' id='word_1_97' title='bbox 414 1307 501 1354; x_wconf 89' lang='lat' dir='ltr'>petit</span> <span class='ocrx_word' id='word_1_98' title='bbox 509 1313 759 1353; x_wconf 85' lang='lat' dir='ltr'><strong>argumentum</strong></span> <span class='ocrx_word' id='word_1_99' title='bbox 767 1306 863 1341; x_wconf 89' lang='lat' dir='ltr'>Dido</span> 
     </span>
     <span class='ocr_line' id='line_1_17' title="bbox 179 1358 864 1406; baseline -0.006 -9"><span class='ocrx_word' id='word_1_100' title='bbox 179 1359 218 1398; x_wconf 82' lang='lat' dir='ltr'>in</span> <span class='ocrx_word' id='word_1_101' title='bbox 234 1359 390 1395; x_wconf 87' lang='lat' dir='ltr'>AEneam</span> <span class='ocrx_word' id='word_1_102' title='bbox 401 1386 411 1404; x_wconf 94' lang='lat'>,</span> <span class='ocrx_word' id='word_1_103' title='bbox 427 1372 498 1405; x_wconf 90' lang='lat' dir='ltr'>quo</span> <span class='ocrx_word' id='word_1_104' title='bbox 515 1360 587 1406; x_wconf 91' lang='lat' dir='ltr'>ipse</span> <span class='ocrx_word' id='word_1_105' title='bbox 618 1372 696 1394; x_wconf 87' lang='lat' dir='ltr'>rem</span> <span class='ocrx_word' id='word_1_106' title='bbox 722 1358 864 1405; x_wconf 82' lang='lat' dir='ltr'>exponit</span> 
     </span>
     <span class='ocr_line' id='line_1_18' title="bbox 181 1412 657 1460; baseline -0.002 -13"><span class='ocrx_word' id='word_1_107' title='bbox 181 1412 381 1456; x_wconf 74' lang='lat' dir='ltr'>obscurius3</span> <span class='ocrx_word' id='word_1_108' title='bbox 406 1412 491 1448; x_wconf 86' lang='lat' dir='ltr'>AEn.</span> <span class='ocrx_word' id='word_1_109' title='bbox 506 1422 555 1456; x_wconf 90' lang='lat'>11,</span> <span class='ocrx_word' id='word_1_110' title='bbox 575 1412 657 1460; x_wconf 83' lang='lat'><strong>739:</strong></span> 
     </span>
    </p>

    <p class='ocr_par' dir='ltr' id='par_1_5' title="bbox 178 1471 865 1877">
     <span class='ocr_line' id='line_1_19' title="bbox 179 1471 827 1505; baseline -0.005 -7"><span class='ocrx_word' id='word_1_111' title='bbox 179 1472 303 1498; x_wconf 69' lang='lat' dir='ltr'>Substitit</span> <span class='ocrx_word' id='word_1_112' title='bbox 312 1491 322 1505; x_wconf 92' lang='lat'>‚</span> <span class='ocrx_word' id='word_1_113' title='bbox 336 1473 434 1499; x_wconf 71' lang='lat' dir='ltr'>eri-uit</span> <span class='ocrx_word' id='word_1_114' title='bbox 443 1481 476 1498; x_wconf 74' lang='lat' dir='ltr'>ne</span> <span class='ocrx_word' id='word_1_115' title='bbox 492 1472 537 1498; x_wconf 72' lang='lat' dir='ltr'>vin</span> <span class='ocrx_word' id='word_1_116' title='bbox 547 1490 556 1504; x_wconf 85' lang='lat'>,</span> <span class='ocrx_word' id='word_1_117' title='bbox 574 1480 621 1497; x_wconf 77' lang='lat' dir='ltr'>seu</span> <span class='ocrx_word' id='word_1_118' title='bbox 635 1472 700 1496; x_wconf 73' lang='lat' dir='ltr'>lasse</span> <span class='ocrx_word' id='word_1_119' title='bbox 711 1471 808 1497; x_wconf 63' lang='lat' dir='ltr'>resedit</span> <span class='ocrx_word' id='word_1_120' title='bbox 817 1490 827 1503; x_wconf 92' lang='lat'><em>‚</em></span> 
     </span>
     <span class='ocr_line' id='line_1_20' title="bbox 179 1520 835 1556; baseline -0.005 -8"><span class='ocrx_word' id='word_1_121' title='bbox 179 1523 335 1555; x_wconf 66' lang='lat' dir='ltr'>Imm,</span> <span class='ocrx_word' id='word_1_122' title='bbox 343 1531 391 1547; x_wconf 74' lang='lat' dir='ltr'>nee</span> <span class='ocrx_word' id='word_1_123' title='bbox 402 1527 460 1556; x_wconf 70' lang='lat' dir='ltr'>post</span> <span class='ocrx_word' id='word_1_124' title='bbox 468 1521 551 1547; x_wconf 62' lang='lat' dir='ltr'>oeulis</span> <span class='ocrx_word' id='word_1_125' title='bbox 562 1526 601 1546; x_wconf 70' lang='lat' dir='ltr'>est</span> <span class='ocrx_word' id='word_1_126' title='bbox 615 1520 716 1545; x_wconf 71' lang='lat' dir='ltr'>reddi«-</span> <span class='ocrx_word' id='word_1_127' title='bbox 728 1520 835 1546; x_wconf 69' lang='lat' dir='ltr'>nostris.</span> 
     </span>
     <span class='ocr_line' id='line_1_21' title="bbox 181 1569 860 1617; baseline -0.006 -11"><span class='ocrx_word' id='word_1_128' title='bbox 181 1569 231 1605; x_wconf 85' lang='lat' dir='ltr'>Et</span> <span class='ocrx_word' id='word_1_129' title='bbox 244 1571 381 1617; x_wconf 79' lang='lat' dir='ltr'>cogitur</span> <span class='ocrx_word' id='word_1_130' title='bbox 394 1571 432 1606; x_wconf 84' lang='lat' dir='ltr'>in</span> <span class='ocrx_word' id='word_1_131' title='bbox 443 1582 579 1605; x_wconf 85' lang='lat' dir='ltr'>numen</span> <span class='ocrx_word' id='word_1_132' title='bbox 595 1571 685 1604; x_wconf 77' lang='lat' dir='ltr'>male</span> <span class='ocrx_word' id='word_1_133' title='bbox 699 1571 860 1609; x_wconf 83' lang='lat' dir='ltr'>amicum,</span> 
     </span>
     <span class='ocr_line' id='line_1_22' title="bbox 180 1621 860 1668; baseline -0.003 -12"><span class='ocrx_word' id='word_1_134' title='bbox 180 1621 277 1668; x_wconf 85' lang='lat' dir='ltr'>quod</span> <span class='ocrx_word' id='word_1_135' title='bbox 291 1622 466 1668; x_wconf 74' lang='lat' dir='ltr'>confusam</span> <span class='ocrx_word' id='word_1_136' title='bbox 487 1621 551 1668; x_wconf 85' lang='lat' dir='ltr'>ipsi</span> <span class='ocrx_word' id='word_1_137' title='bbox 565 1625 708 1656; x_wconf 76' lang='lat' dir='ltr'>mentem</span> <span class='ocrx_word' id='word_1_138' title='bbox 723 1623 860 1665; x_wconf 75' lang='lat' dir='ltr'>eripuit,</span> 
     </span>
     <span class='ocr_line' id='line_1_23' title="bbox 180 1672 863 1720; baseline -0.003 -12"><span class='ocrx_word' id='word_1_139' title='bbox 180 1673 355 1710; x_wconf 62' lang='lat' dir='ltr'>derelicto</span> <span class='ocrx_word' id='word_1_140' title='bbox 384 1674 544 1720; x_wconf 77' lang='lat' dir='ltr'>conjugis</span> <span class='ocrx_word' id='word_1_141' title='bbox 571 1673 681 1710; x_wconf 81' lang='lat' dir='ltr'>scelus</span> <span class='ocrx_word' id='word_1_142' title='bbox 705 1672 863 1718; x_wconf 85' lang='lat' dir='ltr'>rejicere.</span> 
     </span>
     <span class='ocr_line' id='line_1_24' title="bbox 180 1724 863 1772; baseline -0.003 -11"><span class='ocrx_word' id='word_1_143' title='bbox 180 1725 290 1762; x_wconf 78' lang='lat' dir='ltr'>Unde</span> <span class='ocrx_word' id='word_1_144' title='bbox 319 1726 503 1772; x_wconf 73' lang='lat' dir='ltr'>scriptores</span> <span class='ocrx_word' id='word_1_145' title='bbox 530 1725 674 1772; x_wconf 84' lang='lat' dir='ltr'>quidam</span> <span class='ocrx_word' id='word_1_146' title='bbox 697 1725 794 1760; x_wconf 60' lang='lat' dir='ltr'>‘hanc</span> <span class='ocrx_word' id='word_1_147' title='bbox 820 1724 863 1760; x_wconf 88' lang='lat' dir='ltr'>ab</span> 
     </span>
     <span class='ocr_line' id='line_1_25' title="bbox 179 1776 863 1823; baseline -0.006 -9"><span class='ocrx_word' id='word_1_148' title='bbox 179 1777 297 1814; x_wconf 77' lang='lat' dir='ltr'>AEnea</span> <span class='ocrx_word' id='word_1_149' title='bbox 311 1778 460 1814; x_wconf 76' lang='lat' dir='ltr'>oeeisam</span> <span class='ocrx_word' id='word_1_150' title='bbox 475 1778 623 1822; x_wconf 83' lang='lat' dir='ltr'>volunt,</span> <span class='ocrx_word' id='word_1_151' title='bbox 646 1791 688 1812; x_wconf 79' lang='lat' dir='ltr'>ex</span> <span class='ocrx_word' id='word_1_152' title='bbox 703 1776 863 1823; x_wconf 84' lang='lat' dir='ltr'>pactione</span> 
     </span>
     <span class='ocr_line' id='line_1_26' title="bbox 178 1804 865 1877; baseline -0.003 -12"><span class='ocrx_word' id='word_1_153' title='bbox 178 1843 263 1866; x_wconf 75' lang='lat' dir='ltr'>cun</span> <span class='ocrx_word' id='word_1_154' title='bbox 286 1829 437 1875; x_wconf 62' lang='lat' dir='ltr'>Gracia,</span> <span class='ocrx_word' id='word_1_155' title='bbox 467 1844 513 1866; x_wconf 88' lang='lat' dir='ltr'>ne</span> <span class='ocrx_word' id='word_1_156' title='bbox 544 1804 629 1877; x_wconf 84' lang='lat' dir='ltr'>quid</span> <span class='ocrx_word' id='word_1_157' title='bbox 662 1844 704 1866; x_wconf 86' lang='lat' dir='ltr'>ex</span> <span class='ocrx_word' id='word_1_158' title='bbox 730 1828 865 1865; x_wconf 84' lang='lat' dir='ltr'>Priami</span> 
     </span>
    </p>
   </div>
   <div class='ocr_carea' id='block_1_5' title="bbox 140 1883 865 1930">
    <p class='ocr_par' dir='ltr' id='par_1_6' title="bbox 140 1883 865 1930">
     <span class='ocr_line' id='line_1_27' title="bbox 140 1883 865 1930; baseline -0.003 -12"><span class='ocrx_word' id='word_1_159' title='bbox 140 1890 150 1899; x_wconf 88' lang='grc'><em>“</em></span> <span class='ocrx_word' id='word_1_160' title='bbox 172 1883 348 1930; x_wconf 58' lang='lat' dir='ltr'>&gt;sanguine</span> <span class='ocrx_word' id='word_1_161' title='bbox 358 1890 564 1930; x_wconf 75' lang='lat' dir='ltr'>superesset.</span> <span class='ocrx_word' id='word_1_162' title='bbox 574 1883 764 1929; x_wconf 82' lang='lat' dir='ltr'>Virgilium</span> <span class='ocrx_word' id='word_1_163' title='bbox 774 1883 865 1917; x_wconf 85' lang='lat' dir='ltr'>Pau-</span> 
     </span>
    </p>
   </div>
   <div class='ocr_carea' id='block_1_6' title="bbox 177 1935 868 2765">
    <p class='ocr_par' dir='ltr' id='par_1_7' title="bbox 179 1935 865 2142">
     <span class='ocr_line' id='line_1_28' title="bbox 179 1935 865 1981; baseline -0.006 -9"><span class='ocrx_word' id='word_1_164' title='bbox 179 1935 293 1971; x_wconf 69' lang='lat' dir='ltr'>sanin-</span> <span class='ocrx_word' id='word_1_165' title='bbox 304 1961 315 1980; x_wconf 85' lang='lat'>,</span> <span class='ocrx_word' id='word_1_166' title='bbox 348 1936 387 1971; x_wconf 85' lang='lat' dir='ltr'>in</span> <span class='ocrx_word' id='word_1_167' title='bbox 416 1935 572 1972; x_wconf 76' lang='lat' dir='ltr'>Phocaeis</span> <span class='ocrx_word' id='word_1_168' title='bbox 599 1941 767 1981; x_wconf 81' lang='lat' dir='ltr'>sequutus</span> <span class='ocrx_word' id='word_1_169' title='bbox 791 1940 865 1969; x_wconf 76' lang='lat' dir='ltr'>est.</span> 
     </span>
     <span class='ocr_line' id='line_1_29' title="bbox 181 1988 865 2040; baseline -0.003 -17"><span class='ocrx_word' id='word_1_170' title='bbox 181 1988 232 2024; x_wconf 72' lang='grc' dir='ltr'>ε’κὶ</span> <span class='ocrx_word' id='word_1_171' title='bbox 239 1995 278 2040; x_wconf 68' lang='grc' dir='ltr'>τῆ</span> <span class='ocrx_word' id='word_1_172' title='bbox 288 1991 408 2040; x_wconf 67' lang='grc' dir='ltr'>Κρεύση</span> <span class='ocrx_word' id='word_1_173' title='bbox 422 1991 577 2035; x_wconf 73' lang='grc' dir='ltr'><em>λέγουσιν,</em></span> <span class='ocrx_word' id='word_1_174' title='bbox 594 1991 634 2028; x_wconf 82' lang='grc' dir='ltr'>ὡς</span> <span class='ocrx_word' id='word_1_175' title='bbox 649 1993 663 2031; x_wconf 99' lang='lat'>»5</span> <span class='ocrx_word' id='word_1_176' title='bbox 681 1994 754 2025; x_wconf 78' lang='grc' dir='ltr'>θεῶν</span> <span class='ocrx_word' id='word_1_177' title='bbox 762 1991 865 2035; x_wconf 73' lang='grc' dir='ltr'><strong><em>μήτηρ</em></strong></span> 
     </span>
     <span class='ocr_line' id='line_1_30' title="bbox 181 2028 865 2090; baseline -0.006 -14"><span class='ocrx_word' id='word_1_178' title='bbox 181 2045 236 2076; x_wconf 68' lang='grc' dir='ltr'>καὶ</span> <span class='ocrx_word' id='word_1_179' title='bbox 242 2028 408 2090; x_wconf 63' lang='lat' dir='ltr'>’Arpod‘irn</span> <span class='ocrx_word' id='word_1_180' title='bbox 419 2042 618 2081; x_wconf 53' lang='lat' dir='ltr'>&amp;salecheim</span> <span class='ocrx_word' id='word_1_181' title='bbox 624 2033 786 2079; x_wconf 56' lang='lat' dir='ltr'>Enbvmu&#39;</span> <span class='ocrx_word' id='word_1_182' title='bbox 772 2043 865 2079; x_wconf 77' lang='grc' dir='ltr'><strong><em>αυτὴν</em></strong></span> 
     </span>
     <span class='ocr_line' id='line_1_31' title="bbox 183 2092 353 2142; baseline 0.012 -16"><span class='ocrx_word' id='word_1_183' title='bbox 183 2092 353 2142; x_wconf 61' lang='grc' dir='ltr'><strong><em>ἶρρυθανῗθ-</em></strong></span> 
     </span>
    </p>

    <p class='ocr_par' dir='ltr' id='par_1_8' title="bbox 177 2142 868 2765">
     <span class='ocr_line' id='line_1_32' title="bbox 225 2142 866 2179; baseline 0 -2"><span class='ocrx_word' id='word_1_184' title='bbox 225 2142 280 2178; x_wconf 86' lang='grc'>85.</span> <span class='ocrx_word' id='word_1_185' title='bbox 300 2144 388 2179; x_wconf 68' lang='lat' dir='ltr'>Hoc</span> <span class='ocrx_word' id='word_1_186' title='bbox 410 2146 498 2179; x_wconf 71' lang='lat' dir='ltr'>mih</span> <span class='ocrx_word' id='word_1_187' title='bbox 515 2155 676 2179; x_wconf 75' lang='lat' dir='ltr'>natraras</span> <span class='ocrx_word' id='word_1_188' title='bbox 702 2149 766 2178; x_wconf 88' lang='lat' dir='ltr'>etc.</span> <span class='ocrx_word' id='word_1_189' title='bbox 789 2143 866 2177; x_wconf 89' lang='lat' dir='ltr'>Va-</span> 
     </span>
     <span class='ocr_line' id='line_1_33' title="bbox 182 2194 864 2232; baseline -0.003 -2"><span class='ocrx_word' id='word_1_190' title='bbox 182 2195 277 2230; x_wconf 80' lang='lat' dir='ltr'>riant</span> <span class='ocrx_word' id='word_1_191' title='bbox 301 2195 359 2232; x_wconf 77' lang='lat' dir='ltr'>hic</span> <span class='ocrx_word' id='word_1_192' title='bbox 383 2196 615 2232; x_wconf 83' lang='lat' dir='ltr'>vehementer</span> <span class='ocrx_word' id='word_1_193' title='bbox 636 2195 770 2231; x_wconf 83' lang='lat' dir='ltr'>codices</span> <span class='ocrx_word' id='word_1_194' title='bbox 795 2207 804 2229; x_wconf 72' lang='grc' dir='ltr'><strong><em>ε</em></strong></span> <span class='ocrx_word' id='word_1_195' title='bbox 826 2194 864 2228; x_wconf 87' lang='lat' dir='ltr'>in</span> 
     </span>
     <span class='ocr_line' id='line_1_34' title="bbox 183 2247 866 2295; baseline -0.001 -13"><span class='ocrx_word' id='word_1_196' title='bbox 183 2247 407 2284; x_wconf 80' lang='lat' dir='ltr'>Scriveriano</span> <span class='ocrx_word' id='word_1_197' title='bbox 438 2255 514 2284; x_wconf 87' lang='lat' dir='ltr'>erat</span> <span class='ocrx_word' id='word_1_198' title='bbox 545 2249 683 2295; x_wconf 84' lang='lat' dir='ltr'>vulgata</span> <span class='ocrx_word' id='word_1_199' title='bbox 721 2247 866 2293; x_wconf 89' lang='lat' dir='ltr'>quidem</span> 
     </span>
     <span class='ocr_line' id='line_1_35' title="bbox 182 2299 866 2347; baseline 0 -13"><span class='ocrx_word' id='word_1_200' title='bbox 182 2299 305 2344; x_wconf 88' lang='lat' dir='ltr'>lectio,</span> <span class='ocrx_word' id='word_1_201' title='bbox 323 2312 402 2346; x_wconf 75' lang='lat' dir='ltr'>quae</span> <span class='ocrx_word' id='word_1_202' title='bbox 413 2300 461 2336; x_wconf 87' lang='lat' dir='ltr'>sie</span> <span class='ocrx_word' id='word_1_203' title='bbox 473 2327 484 2345; x_wconf 90' lang='lat'>,</span> <span class='ocrx_word' id='word_1_204' title='bbox 502 2314 521 2336; x_wconf 94' lang='lat' dir='ltr'>a</span> <span class='ocrx_word' id='word_1_205' title='bbox 536 2301 638 2347; x_wconf 82' lang='lat' dir='ltr'>prim.</span> <span class='ocrx_word' id='word_1_206' title='bbox 661 2299 741 2335; x_wconf 90' lang='lat' dir='ltr'>edd.</span> <span class='ocrx_word' id='word_1_207' title='bbox 760 2304 801 2334; x_wconf 78' lang='lat' dir='ltr'>at</span> <span class='ocrx_word' id='word_1_208' title='bbox 813 2312 866 2334; x_wconf 85' lang='lat' dir='ltr'>me</span> 
     </span>
     <span class='ocr_line' id='line_1_36' title="bbox 184 2354 867 2396; baseline 0 -10"><span class='ocrx_word' id='word_1_209' title='bbox 184 2364 314 2387; x_wconf 61' lang='lat' dir='ltr'>morem</span> <span class='ocrx_word' id='word_1_210' title='bbox 333 2357 512 2387; x_wconf 67' lang='lat' dir='ltr'>metentem</span> <span class='ocrx_word' id='word_1_211' title='bbox 527 2366 538 2387; x_wconf 84' lang='grc'>.-</span> <span class='ocrx_word' id='word_1_212' title='bbox 555 2355 619 2387; x_wconf 84' lang='lat' dir='ltr'><em>illa</em></span> <span class='ocrx_word' id='word_1_213' title='bbox 642 2355 753 2387; x_wconf 77' lang='lat' dir='ltr'>minor</span> <span class='ocrx_word' id='word_1_214' title='bbox 767 2354 867 2396; x_wconf 83' lang='lat' dir='ltr'>culpa</span> 
     </span>
     <span class='ocr_line' id='line_1_37' title="bbox 177 2403 868 2449; baseline -0.001 -10"><span class='ocrx_word' id='word_1_215' title='bbox 177 2415 285 2449; x_wconf 75' lang='lat' dir='ltr'>poena</span> <span class='ocrx_word' id='word_1_216' title='bbox 296 2403 421 2449; x_wconf 79' lang='lat' dir='ltr'>sulum</span> <span class='ocrx_word' id='word_1_217' title='bbox 436 2417 512 2439; x_wconf 82' lang='lat' dir='ltr'>mea</span> <span class='ocrx_word' id='word_1_218' title='bbox 533 2408 609 2447; x_wconf 64' lang='grc' dir='ltr'>θείς</span> <span class='ocrx_word' id='word_1_219' title='bbox 630 2403 691 2439; x_wconf 85' lang='lat' dir='ltr'>sed</span> <span class='ocrx_word' id='word_1_220' title='bbox 715 2403 868 2449; x_wconf 84' lang='lat' dir='ltr'>adscrip-</span> 
     </span>
     <span class='ocr_line' id='line_1_38' title="bbox 185 2455 866 2501; baseline 0 -11"><span class='ocrx_word' id='word_1_221' title='bbox 185 2463 263 2490; x_wconf 88' lang='lat' dir='ltr'>tum</span> <span class='ocrx_word' id='word_1_222' title='bbox 280 2467 345 2501; x_wconf 89' lang='lat' dir='ltr'>pro</span> <span class='ocrx_word' id='word_1_223' title='bbox 366 2455 460 2490; x_wconf 82' lang='lat' dir='ltr'>varia</span> <span class='ocrx_word' id='word_1_224' title='bbox 479 2455 627 2490; x_wconf 84' lang='lat' dir='ltr'>lectione</span> <span class='ocrx_word' id='word_1_225' title='bbox 642 2482 654 2500; x_wconf 87' lang='lat'>,</span> <span class='ocrx_word' id='word_1_226' title='bbox 681 2469 744 2490; x_wconf 85' lang='lat' dir='ltr'>nec</span> <span class='ocrx_word' id='word_1_227' title='bbox 774 2469 866 2490; x_wconf 83' lang='lat' dir='ltr'>eram</span> 
     </span>
     <span class='ocr_line' id='line_1_39' title="bbox 184 2508 867 2556; baseline 0.001 -14"><span class='ocrx_word' id='word_1_228' title='bbox 184 2511 371 2553; x_wconf 78' lang='lat' dir='ltr'>corruptior</span> <span class='ocrx_word' id='word_1_229' title='bbox 379 2510 468 2543; x_wconf 83' lang='lat' dir='ltr'>inde.</span> <span class='ocrx_word' id='word_1_230' title='bbox 486 2508 529 2543; x_wconf 89' lang='lat' dir='ltr'>ln</span> <span class='ocrx_word' id='word_1_231' title='bbox 547 2508 678 2556; x_wconf 81' lang='lat' dir='ltr'>Regio,</span> <span class='ocrx_word' id='word_1_232' title='bbox 696 2515 774 2554; x_wconf 84' lang='lat' dir='ltr'>post</span> <span class='ocrx_word' id='word_1_233' title='bbox 790 2521 867 2543; x_wconf 81' lang='lat' dir='ltr'>nar-</span> 
     </span>
     <span class='ocr_line' id='line_1_40' title="bbox 184 2560 865 2606; baseline 0.001 -12"><span class='ocrx_word' id='word_1_234' title='bbox 184 2562 288 2595; x_wconf 79' lang='lat' dir='ltr'>mbas</span> <span class='ocrx_word' id='word_1_235' title='bbox 297 2587 306 2602; x_wconf 87' lang='lat'>,</span> <span class='ocrx_word' id='word_1_236' title='bbox 325 2566 401 2595; x_wconf 86' lang='lat' dir='ltr'>erat</span> <span class='ocrx_word' id='word_1_237' title='bbox 413 2560 564 2606; x_wconf 78' lang='lat' dir='ltr'>spatium</span> <span class='ocrx_word' id='word_1_238' title='bbox 573 2573 722 2595; x_wconf 85' lang='lat' dir='ltr'>vacuum</span> <span class='ocrx_word' id='word_1_239' title='bbox 731 2587 741 2604; x_wconf 92' lang='lat'>,</span> <span class='ocrx_word' id='word_1_240' title='bbox 754 2560 814 2595; x_wconf 87' lang='lat' dir='ltr'>sed</span> <span class='ocrx_word' id='word_1_241' title='bbox 827 2560 865 2595; x_wconf 89' lang='lat' dir='ltr'>in</span> 
     </span>
     <span class='ocr_line' id='line_1_41' title="bbox 187 2612 867 2660; baseline 0.001 -13"><span class='ocrx_word' id='word_1_242' title='bbox 187 2612 345 2659; x_wconf 79' lang='lat' dir='ltr'>margine</span> <span class='ocrx_word' id='word_1_243' title='bbox 354 2613 493 2660; x_wconf 82' lang='lat' dir='ltr'>vulgata</span> <span class='ocrx_word' id='word_1_244' title='bbox 504 2613 682 2659; x_wconf 84' lang='lat' dir='ltr'>scriptura.</span> <span class='ocrx_word' id='word_1_245' title='bbox 699 2613 741 2648; x_wconf 90' lang='lat' dir='ltr'>Iu</span> <span class='ocrx_word' id='word_1_246' title='bbox 758 2613 867 2648; x_wconf 88' lang='lat' dir='ltr'>Fran-</span> 
     </span>
     <span class='ocr_line' id='line_1_42' title="bbox 186 2665 866 2712; baseline 0.001 -13"><span class='ocrx_word' id='word_1_247' title='bbox 186 2665 251 2699; x_wconf 84' lang='lat' dir='ltr'>cos.</span> <span class='ocrx_word' id='word_1_248' title='bbox 266 2672 342 2700; x_wconf 87' lang='lat' dir='ltr'>erat</span> <span class='ocrx_word' id='word_1_249' title='bbox 357 2677 421 2711; x_wconf 88' lang='lat' dir='ltr'>pro</span> <span class='ocrx_word' id='word_1_250' title='bbox 437 2678 512 2707; x_wconf 83' lang='lat' dir='ltr'>ure,</span> <span class='ocrx_word' id='word_1_251' title='bbox 525 2665 617 2711; x_wconf 72' lang='lat' dir='ltr'>jum.</span> <span class='ocrx_word' id='word_1_252' title='bbox 634 2665 710 2712; x_wconf 86' lang='lat' dir='ltr'>Ego</span> <span class='ocrx_word' id='word_1_253' title='bbox 726 2678 767 2701; x_wconf 90' lang='lat' dir='ltr'>ex</span> <span class='ocrx_word' id='word_1_254' title='bbox 780 2678 866 2701; x_wconf 83' lang='lat' dir='ltr'>ves-</span> 
     </span>
     <span class='ocr_line' id='line_1_43' title="bbox 186 2716 868 2765; baseline 0.004 -14"><span class='ocrx_word' id='word_1_255' title='bbox 186 2716 277 2762; x_wconf 74' lang='lat' dir='ltr'>tigiis</span> <span class='ocrx_word' id='word_1_256' title='bbox 292 2724 453 2752; x_wconf 84' lang='lat' dir='ltr'>veterum</span> <span class='ocrx_word' id='word_1_257' title='bbox 471 2724 557 2764; x_wconf 87' lang='lat' dir='ltr'>puto</span> <span class='ocrx_word' id='word_1_258' title='bbox 573 2718 620 2754; x_wconf 83' lang='lat' dir='ltr'>sic</span> <span class='ocrx_word' id='word_1_259' title='bbox 632 2717 759 2765; x_wconf 81' lang='lat' dir='ltr'>refingi</span> <span class='ocrx_word' id='word_1_260' title='bbox 774 2731 868 2755; x_wconf 91' lang='lat' dir='ltr'>com-</span> 
     </span>
    </p>
   </div>
   <div class='ocr_carea' id='block_1_7' title="bbox 171 2768 428 2821">
    <p class='ocr_par' dir='ltr' id='par_1_9' title="bbox 171 2768 428 2821">
     <span class='ocr_line' id='line_1_44' title="bbox 171 2768 428 2821; baseline 0.012 -18"><span class='ocrx_word' id='word_1_261' title='bbox 171 2816 175 2821; x_wconf 23' lang='lat'>,</span> <span class='ocrx_word' id='word_1_262' title='bbox 190 2768 294 2805; x_wconf 83' lang='lat' dir='ltr'>mode</span> <span class='ocrx_word' id='word_1_263' title='bbox 310 2782 428 2816; x_wconf 80' lang='lat' dir='ltr'>posse:</span> 
     </span>
    </p>
   </div>
   <div class='ocr_carea' id='block_1_8' title="bbox 925 1159 1620 2817">
    <p class='ocr_par' dir='ltr' id='par_1_10' title="bbox 927 1159 1613 1241">
     <span class='ocr_line' id='line_1_45' title="bbox 927 1159 1613 1191; baseline -0.001 -7"><span class='ocrx_word' id='word_1_264' title='bbox 927 1160 991 1184; x_wconf 67' lang='lat' dir='ltr'>Hae</span> <span class='ocrx_word' id='word_1_265' title='bbox 1001 1159 1066 1184; x_wconf 85' lang='lat' dir='ltr'>mibi</span> <span class='ocrx_word' id='word_1_266' title='bbox 1077 1167 1195 1184; x_wconf 70' lang='lat' dir='ltr'>narmi-as</span> <span class='ocrx_word' id='word_1_267' title='bbox 1206 1168 1214 1191; x_wconf 79' lang='lat'><em>3</em></span> <span class='ocrx_word' id='word_1_268' title='bbox 1226 1167 1273 1183; x_wconf 79' lang='lat' dir='ltr'>nec</span> <span class='ocrx_word' id='word_1_269' title='bbox 1285 1167 1326 1183; x_wconf 80' lang='lat' dir='ltr'>me</span> <span class='ocrx_word' id='word_1_270' title='bbox 1337 1165 1440 1183; x_wconf 81' lang='lat' dir='ltr'>movere</span> <span class='ocrx_word' id='word_1_271' title='bbox 1452 1166 1458 1183; x_wconf 90' lang='lat'>:</span> <span class='ocrx_word' id='word_1_272' title='bbox 1473 1162 1613 1183; x_wconf 78' lang='lat' dir='ltr'>merentem</span> 
     </span>
     <span class='ocr_line' id='line_1_46' title="bbox 995 1207 1565 1241; baseline -0.007 -7"><span class='ocrx_word' id='word_1_273' title='bbox 995 1210 1066 1234; x_wconf 83' lang='lat' dir='ltr'>Ure!</span> <span class='ocrx_word' id='word_1_274' title='bbox 1081 1209 1166 1234; x_wconf 83' lang='lat' dir='ltr'>minor</span> <span class='ocrx_word' id='word_1_275' title='bbox 1176 1209 1254 1241; x_wconf 75' lang='lat' dir='ltr'>culpa</span> <span class='ocrx_word' id='word_1_276' title='bbox 1262 1216 1338 1241; x_wconf 79' lang='lat' dir='ltr'>poena</span> <span class='ocrx_word' id='word_1_277' title='bbox 1349 1207 1439 1232; x_wconf 73' lang='lat' dir='ltr'>sutura</span> <span class='ocrx_word' id='word_1_278' title='bbox 1452 1215 1507 1231; x_wconf 79' lang='lat' dir='ltr'>mea</span> <span class='ocrx_word' id='word_1_279' title='bbox 1516 1211 1565 1231; x_wconf 71' lang='lat' dir='ltr'>est.</span> 
     </span>
    </p>

    <p class='ocr_par' dir='ltr' id='par_1_11' title="bbox 925 1253 1618 2134">
     <span class='ocr_line' id='line_1_47' title="bbox 929 1253 1615 1299; baseline -0.007 -7"><span class='ocrx_word' id='word_1_280' title='bbox 929 1258 1011 1292; x_wconf 90' lang='lat' dir='ltr'>Hoc</span> <span class='ocrx_word' id='word_1_281' title='bbox 1030 1269 1134 1292; x_wconf 89' lang='lat' dir='ltr'>sensu</span> <span class='ocrx_word' id='word_1_282' title='bbox 1157 1255 1372 1290; x_wconf 85' lang='lat' dir='ltr'>:debueram</span> <span class='ocrx_word' id='word_1_283' title='bbox 1398 1267 1439 1289; x_wconf 83' lang='lat' dir='ltr'>ex</span> <span class='ocrx_word' id='word_1_284' title='bbox 1459 1253 1531 1299; x_wconf 86' lang='lat' dir='ltr'>ipsa</span> <span class='ocrx_word' id='word_1_285' title='bbox 1556 1259 1615 1287; x_wconf 90' lang='lat' dir='ltr'>tua</span> 
     </span>
     <span class='ocr_line' id='line_1_48' title="bbox 928 1305 1613 1352; baseline -0.007 -8"><span class='ocrx_word' id='word_1_286' title='bbox 928 1309 1150 1352; x_wconf 84' lang='lat' dir='ltr'>narratione,</span> <span class='ocrx_word' id='word_1_287' title='bbox 1174 1308 1218 1343; x_wconf 91' lang='lat' dir='ltr'>de</span> <span class='ocrx_word' id='word_1_288' title='bbox 1242 1319 1349 1342; x_wconf 90' lang='lat' dir='ltr'>uxore</span> <span class='ocrx_word' id='word_1_289' title='bbox 1367 1305 1501 1341; x_wconf 89' lang='lat' dir='ltr'>Creusa</span> <span class='ocrx_word' id='word_1_290' title='bbox 1523 1317 1613 1351; x_wconf 89' lang='lat' dir='ltr'>pro-</span> 
     </span>
     <span class='ocr_line' id='line_1_49' title="bbox 929 1357 1612 1407; baseline -0.007 -11"><span class='ocrx_word' id='word_1_291' title='bbox 929 1361 1000 1396; x_wconf 91' lang='lat' dir='ltr'>dita</span> <span class='ocrx_word' id='word_1_292' title='bbox 1013 1387 1022 1405; x_wconf 98' lang='lat'>,</span> <span class='ocrx_word' id='word_1_293' title='bbox 1043 1360 1226 1407; x_wconf 82' lang='lat' dir='ltr'>perfidiam</span> <span class='ocrx_word' id='word_1_294' title='bbox 1243 1365 1341 1394; x_wconf 84' lang='lat' dir='ltr'>tuam</span> <span class='ocrx_word' id='word_1_295' title='bbox 1358 1357 1513 1393; x_wconf 85' lang='lat' dir='ltr'>didicisse</span> <span class='ocrx_word' id='word_1_296' title='bbox 1525 1363 1589 1392; x_wconf 88' lang='lat' dir='ltr'>etc.</span> <span class='ocrx_word' id='word_1_297' title='bbox 1604 1370 1612 1399; x_wconf 89' lang='lat'>;</span> 
     </span>
     <span class='ocr_line' id='line_1_50' title="bbox 927 1408 1617 1459; baseline -0.009 -10"><span class='ocrx_word' id='word_1_298' title='bbox 927 1426 1034 1459; x_wconf 89' lang='lat' dir='ltr'>quare</span> <span class='ocrx_word' id='word_1_299' title='bbox 1052 1426 1110 1448; x_wconf 90' lang='lat' dir='ltr'>me</span> <span class='ocrx_word' id='word_1_300' title='bbox 1135 1424 1274 1459; x_wconf 90' lang='lat' dir='ltr'>quoque</span> <span class='ocrx_word' id='word_1_301' title='bbox 1287 1425 1360 1452; x_wconf 82' lang='lat' dir='ltr'>ure,</span> <span class='ocrx_word' id='word_1_302' title='bbox 1390 1417 1429 1445; x_wconf 90' lang='lat' dir='ltr'>ut</span> <span class='ocrx_word' id='word_1_303' title='bbox 1446 1408 1617 1445; x_wconf 88' lang='lat' dir='ltr'>Creusam</span> 
     </span>
     <span class='ocr_line' id='line_1_51' title="bbox 926 1460 1616 1512; baseline -0.007 -12"><span class='ocrx_word' id='word_1_304' title='bbox 926 1465 963 1500; x_wconf 89' lang='lat' dir='ltr'>in</span> <span class='ocrx_word' id='word_1_305' title='bbox 984 1466 1064 1512; x_wconf 85' lang='lat' dir='ltr'>igne</span> <span class='ocrx_word' id='word_1_306' title='bbox 1096 1472 1131 1500; x_wconf 91' lang='lat' dir='ltr'>et</span> <span class='ocrx_word' id='word_1_307' title='bbox 1156 1463 1309 1499; x_wconf 86' lang='lat' dir='ltr'>flammis</span> <span class='ocrx_word' id='word_1_308' title='bbox 1332 1461 1536 1509; x_wconf 85' lang='lat' dir='ltr'>prodidisti;</span> <span class='ocrx_word' id='word_1_309' title='bbox 1560 1460 1616 1495; x_wconf 83' lang='lat' dir='ltr'>illa</span> 
     </span>
     <span class='ocr_line' id='line_1_52' title="bbox 926 1514 1614 1563; baseline -0.009 -10"><span class='ocrx_word' id='word_1_310' title='bbox 926 1514 1024 1553; x_wconf 88' lang='lat' dir='ltr'>enim</span> <span class='ocrx_word' id='word_1_311' title='bbox 1040 1530 1142 1563; x_wconf 88' lang='lat' dir='ltr'>poena</span> <span class='ocrx_word' id='word_1_312' title='bbox 1159 1517 1278 1552; x_wconf 90' lang='lat' dir='ltr'>minor</span> <span class='ocrx_word' id='word_1_313' title='bbox 1288 1515 1402 1550; x_wconf 90' lang='lat' dir='ltr'>adhuc</span> <span class='ocrx_word' id='word_1_314' title='bbox 1419 1514 1518 1559; x_wconf 87' lang='lat' dir='ltr'>culpa</span> <span class='ocrx_word' id='word_1_315' title='bbox 1534 1525 1614 1548; x_wconf 90' lang='lat' dir='ltr'>mea</span> 
     </span>
     <span class='ocr_line' id='line_1_53' title="bbox 927 1561 1617 1605; baseline -0.009 -1"><span class='ocrx_word' id='word_1_316' title='bbox 927 1570 1005 1605; x_wconf 88' lang='lat' dir='ltr'>erit.</span> <span class='ocrx_word' id='word_1_317' title='bbox 1021 1570 1152 1604; x_wconf 74' lang='lat' dir='ltr'>BURM.</span> <span class='ocrx_word' id='word_1_318' title='bbox 1175 1587 1219 1596; x_wconf 91' lang='lat'>·—</span> <span class='ocrx_word' id='word_1_319' title='bbox 1235 1561 1348 1602; x_wconf 86' lang='lat' dir='ltr'>Totus</span> <span class='ocrx_word' id='word_1_320' title='bbox 1364 1565 1566 1601; x_wconf 84' lang='lat' dir='ltr'>adsentiar·</span> <span class='ocrx_word' id='word_1_321' title='bbox 1556 1578 1617 1599; x_wconf 86' lang='lat' dir='ltr'>m-</span> 
     </span>
     <span class='ocr_line' id='line_1_54' title="bbox 925 1616 1618 1668; baseline -0.009 -11"><span class='ocrx_word' id='word_1_322' title='bbox 925 1622 1071 1668; x_wconf 83' lang='lat' dir='ltr'>terpreti</span> <span class='ocrx_word' id='word_1_323' title='bbox 1086 1619 1326 1667; x_wconf 85' lang='lat' dir='ltr'>sagacissimo;</span> <span class='ocrx_word' id='word_1_324' title='bbox 1345 1617 1411 1653; x_wconf 85' lang='lat' dir='ltr'>nisi</span> <span class='ocrx_word' id='word_1_325' title='bbox 1429 1616 1523 1663; x_wconf 92' lang='lat' dir='ltr'>quod</span> <span class='ocrx_word' id='word_1_326' title='bbox 1535 1630 1618 1652; x_wconf 86' lang='lat' dir='ltr'>ver-</span> 
     </span>
     <span class='ocr_line' id='line_1_55' title="bbox 925 1669 1616 1716; baseline -0.012 -5"><span class='ocrx_word' id='word_1_327' title='bbox 925 1675 1013 1710; x_wconf 86' lang='lat' dir='ltr'>bum</span> <span class='ocrx_word' id='word_1_328' title='bbox 1032 1687 1143 1715; x_wconf 84' lang='lat' dir='ltr'>urere,</span> <span class='ocrx_word' id='word_1_329' title='bbox 1163 1686 1237 1708; x_wconf 89' lang='lat' dir='ltr'>non</span> <span class='ocrx_word' id='word_1_330' title='bbox 1254 1684 1298 1707; x_wconf 91' lang='lat' dir='ltr'>eo</span> <span class='ocrx_word' id='word_1_331' title='bbox 1310 1697 1319 1715; x_wconf 94' lang='lat'>,</span> <span class='ocrx_word' id='word_1_332' title='bbox 1346 1683 1417 1716; x_wconf 89' lang='lat' dir='ltr'>quo</span> <span class='ocrx_word' id='word_1_333' title='bbox 1435 1670 1489 1704; x_wconf 84' lang='lat' dir='ltr'>vir</span> <span class='ocrx_word' id='word_1_334' title='bbox 1505 1669 1595 1705; x_wconf 90' lang='lat' dir='ltr'>doct.</span> <span class='ocrx_word' id='word_1_335' title='bbox 1607 1696 1616 1712; x_wconf 89' lang='lat'>‚</span> 
     </span>
     <span class='ocr_line' id='line_1_56' title="bbox 925 1721 1618 1772; baseline -0.01 -9"><span class='ocrx_word' id='word_1_336' title='bbox 925 1740 1031 1763; x_wconf 83' lang='lat' dir='ltr'>sensu</span> <span class='ocrx_word' id='word_1_337' title='bbox 1057 1725 1299 1772; x_wconf 86' lang='lat' dir='ltr'>accipiendum</span> <span class='ocrx_word' id='word_1_338' title='bbox 1327 1723 1533 1759; x_wconf 87' lang='lat' dir='ltr'>existimem.</span> <span class='ocrx_word' id='word_1_339' title='bbox 1562 1721 1618 1756; x_wconf 93' lang='lat' dir='ltr'>De</span> 
     </span>
     <span class='ocr_line' id='line_1_57' title="bbox 927 1774 1617 1822; baseline -0.01 -7"><span class='ocrx_word' id='word_1_340' title='bbox 927 1792 1047 1814; x_wconf 88' lang='lat' dir='ltr'>amore</span> <span class='ocrx_word' id='word_1_341' title='bbox 1065 1777 1161 1814; x_wconf 91' lang='lat' dir='ltr'>Dido</span> <span class='ocrx_word' id='word_1_342' title='bbox 1177 1776 1360 1822; x_wconf 85' lang='lat' dir='ltr'>intelligit,</span> <span class='ocrx_word' id='word_1_343' title='bbox 1389 1782 1426 1810; x_wconf 91' lang='lat' dir='ltr'>et</span> <span class='ocrx_word' id='word_1_344' title='bbox 1443 1774 1541 1816; x_wconf 88' lang='lat' dir='ltr'>dicit;</span> <span class='ocrx_word' id='word_1_345' title='bbox 1558 1787 1617 1808; x_wconf 82' lang='lat' dir='ltr'>ure</span> 
     </span>
     <span class='ocr_line' id='line_1_58' title="bbox 926 1828 1613 1874; baseline -0.009 -7"><span class='ocrx_word' id='word_1_346' title='bbox 926 1843 1000 1874; x_wconf 85' lang='lat' dir='ltr'>me‚·</span> <span class='ocrx_word' id='word_1_347' title='bbox 1025 1833 1078 1865; x_wconf 80' lang='lat' dir='ltr'>sac</span> <span class='ocrx_word' id='word_1_348' title='bbox 1102 1829 1247 1872; x_wconf 81' lang='lat' dir='ltr'>insano,</span> <span class='ocrx_word' id='word_1_349' title='bbox 1276 1835 1316 1863; x_wconf 87' lang='lat' dir='ltr'>ut</span> <span class='ocrx_word' id='word_1_350' title='bbox 1339 1828 1473 1871; x_wconf 90' lang='lat' dir='ltr'>merui,</span> <span class='ocrx_word' id='word_1_351' title='bbox 1495 1839 1613 1862; x_wconf 85' lang='lat' dir='ltr'>amore</span> 
     </span>
     <span class='ocr_line' id='line_1_59' title="bbox 926 1880 1616 1930; baseline -0.009 -12"><span class='ocrx_word' id='word_1_352' title='bbox 926 1895 1081 1930; x_wconf 88' lang='lat' dir='ltr'>peream.</span> <span class='ocrx_word' id='word_1_353' title='bbox 1108 1880 1204 1917; x_wconf 86' lang='lat' dir='ltr'>Nihil</span> <span class='ocrx_word' id='word_1_354' title='bbox 1223 1881 1279 1915; x_wconf 88' lang='lat' dir='ltr'>hic</span> <span class='ocrx_word' id='word_1_355' title='bbox 1297 1880 1340 1915; x_wconf 90' lang='lat' dir='ltr'>ad</span> <span class='ocrx_word' id='word_1_356' title='bbox 1359 1880 1478 1924; x_wconf 81' lang='lat' dir='ltr'>Trojae</span> <span class='ocrx_word' id='word_1_357' title='bbox 1497 1880 1616 1914; x_wconf 88' lang='lat' dir='ltr'>incen-</span> 
     </span>
     <span class='ocr_line' id='line_1_60' title="bbox 927 1932 1615 1978; baseline -0.006 -9"><span class='ocrx_word' id='word_1_358' title='bbox 927 1933 1220 1970; x_wconf 77' lang='lat' dir='ltr'>dium-Servanda</span> <span class='ocrx_word' id='word_1_359' title='bbox 1228 1933 1334 1978; x_wconf 80' lang='lat' dir='ltr'>igitur</span> <span class='ocrx_word' id='word_1_360' title='bbox 1341 1940 1411 1967; x_wconf 84' lang='lat' dir='ltr'>vet.</span> <span class='ocrx_word' id='word_1_361' title='bbox 1421 1932 1535 1975; x_wconf 87' lang='lat' dir='ltr'>lectio,</span> <span class='ocrx_word' id='word_1_362' title='bbox 1547 1944 1615 1965; x_wconf 86' lang='lat' dir='ltr'>nec</span> 
     </span>
     <span class='ocr_line' id='line_1_61' title="bbox 927 1982 1614 2029; baseline -0.007 -8"><span class='ocrx_word' id='word_1_363' title='bbox 927 1987 975 2022; x_wconf 90' lang='lat' dir='ltr'>ita</span> <span class='ocrx_word' id='word_1_364' title='bbox 999 1986 1219 2029; x_wconf 88' lang='lat' dir='ltr'>recentibus,</span> <span class='ocrx_word' id='word_1_365' title='bbox 1245 1985 1342 2019; x_wconf 81' lang='lat' dir='ltr'>facile</span> <span class='ocrx_word' id='word_1_366' title='bbox 1371 1982 1588 2018; x_wconf 90' lang='lat' dir='ltr'>credendum</span> <span class='ocrx_word' id='word_1_367' title='bbox 1605 2009 1614 2026; x_wconf 91' lang='lat'>,</span> 
     </span>
     <span class='ocr_line' id='line_1_62' title="bbox 929 2035 1617 2084; baseline -0.007 -11"><span class='ocrx_word' id='word_1_368' title='bbox 929 2038 1087 2084; x_wconf 86' lang='lat' dir='ltr'>quamvis</span> <span class='ocrx_word' id='word_1_369' title='bbox 1104 2036 1304 2072; x_wconf 87' lang='lat' dir='ltr'>Burmanni</span> <span class='ocrx_word' id='word_1_370' title='bbox 1316 2035 1529 2071; x_wconf 88' lang='lat' dir='ltr'>sententiam</span> <span class='ocrx_word' id='word_1_371' title='bbox 1542 2041 1617 2069; x_wconf 89' lang='lat' dir='ltr'>toto</span> 
     </span>
     <span class='ocr_line' id='line_1_63' title="bbox 929 2087 1596 2134; baseline -0.007 -9"><span class='ocrx_word' id='word_1_372' title='bbox 929 2090 1049 2125; x_wconf 89' lang='lat' dir='ltr'>animo</span> <span class='ocrx_word' id='word_1_373' title='bbox 1065 2089 1156 2124; x_wconf 89' lang='lat' dir='ltr'>doct.</span> <span class='ocrx_word' id='word_1_374' title='bbox 1176 2089 1337 2134; x_wconf 75' lang='lat' dir='ltr'>Lennep.</span> <span class='ocrx_word' id='word_1_375' title='bbox 1356 2087 1596 2132; x_wconf 83' lang='lat' dir='ltr'>amplectatur.</span> 
     </span>
    </p>

    <p class='ocr_par' dir='ltr' id='par_1_12' title="bbox 928 2141 1620 2597">
     <span class='ocr_line' id='line_1_64' title="bbox 974 2141 1617 2188; baseline -0.006 -12"><span class='ocrx_word' id='word_1_376' title='bbox 974 2142 1026 2188; x_wconf 88' lang='lat'>87.</span> <span class='ocrx_word' id='word_1_377' title='bbox 1048 2145 1136 2186; x_wconf 80' lang='lat' dir='ltr'>Quin</span> <span class='ocrx_word' id='word_1_378' title='bbox 1159 2145 1193 2175; x_wconf 77' lang='lat' dir='ltr'>le</span> <span class='ocrx_word' id='word_1_379' title='bbox 1209 2145 1269 2175; x_wconf 82' lang='lat' dir='ltr'>lua</span> <span class='ocrx_word' id='word_1_380' title='bbox 1290 2142 1428 2175; x_wconf 79' lang='lat' dir='ltr'>numina</span> <span class='ocrx_word' id='word_1_381' title='bbox 1446 2141 1617 2173; x_wconf 81' lang='lat' dir='ltr'>damnenl.</span> 
     </span>
     <span class='ocr_line' id='line_1_65' title="bbox 928 2191 1619 2238; baseline -0.006 -9"><span class='ocrx_word' id='word_1_382' title='bbox 928 2196 1090 2236; x_wconf 80' lang='lat' dir='ltr'>Munera,</span> <span class='ocrx_word' id='word_1_383' title='bbox 1122 2193 1225 2228; x_wconf 84' lang='lat' dir='ltr'>multi</span> <span class='ocrx_word' id='word_1_384' title='bbox 1248 2205 1289 2228; x_wconf 82' lang='lat' dir='ltr'>ex</span> <span class='ocrx_word' id='word_1_385' title='bbox 1315 2191 1459 2238; x_wconf 85' lang='lat' dir='ltr'>scriptis.</span> <span class='ocrx_word' id='word_1_386' title='bbox 1486 2191 1619 2226; x_wconf 89' lang='lat' dir='ltr'>Putea-</span> 
     </span>
     <span class='ocr_line' id='line_1_66' title="bbox 929 2247 1619 2291; baseline -0.007 -9"><span class='ocrx_word' id='word_1_387' title='bbox 929 2261 1017 2282; x_wconf 90' lang='lat' dir='ltr'>neus</span> <span class='ocrx_word' id='word_1_388' title='bbox 1030 2274 1039 2291; x_wconf 90' lang='lat'>,</span> <span class='ocrx_word' id='word_1_389' title='bbox 1069 2248 1157 2291; x_wconf 81' lang='lat' dir='ltr'>Quin</span> <span class='ocrx_word' id='word_1_390' title='bbox 1183 2250 1252 2281; x_wconf 74' lang='lat' dir='ltr'>tete</span> <span class='ocrx_word' id='word_1_391' title='bbox 1272 2258 1410 2280; x_wconf 84' lang='lat' dir='ltr'>munera</span> <span class='ocrx_word' id='word_1_392' title='bbox 1431 2247 1597 2279; x_wconf 79' lang='lat' dir='ltr'>damnant</span> <span class='ocrx_word' id='word_1_393' title='bbox 1609 2257 1619 2277; x_wconf 87' lang='grc'>.·</span> 
     </span>
     <span class='ocr_line' id='line_1_67' title="bbox 930 2296 1618 2346; baseline -0.006 -12"><span class='ocrx_word' id='word_1_394' title='bbox 930 2299 1026 2346; x_wconf 89' lang='lat' dir='ltr'>quod</span> <span class='ocrx_word' id='word_1_395' title='bbox 1051 2299 1199 2334; x_wconf 90' lang='lat' dir='ltr'>omnino</span> <span class='ocrx_word' id='word_1_396' title='bbox 1224 2305 1409 2344; x_wconf 86' lang='lat' dir='ltr'>repugnat.</span> <span class='ocrx_word' id='word_1_397' title='bbox 1453 2296 1510 2331; x_wconf 90' lang='lat' dir='ltr'>De</span> <span class='ocrx_word' id='word_1_398' title='bbox 1541 2296 1618 2331; x_wconf 89' lang='lat' dir='ltr'>Diis</span> 
     </span>
     <span class='ocr_line' id='line_1_68' title="bbox 929 2350 1619 2395; baseline -0.007 -7"><span class='ocrx_word' id='word_1_399' title='bbox 929 2359 1023 2388; x_wconf 89' lang='lat' dir='ltr'>certe</span> <span class='ocrx_word' id='word_1_400' title='bbox 1056 2352 1181 2387; x_wconf 78' lang='lat' dir='ltr'>AEneae</span> <span class='ocrx_word' id='word_1_401' title='bbox 1212 2350 1397 2386; x_wconf 88' lang='lat' dir='ltr'>comitibus</span> <span class='ocrx_word' id='word_1_402' title='bbox 1419 2350 1490 2395; x_wconf 78' lang='lat' dir='ltr'>jam</span> <span class='ocrx_word' id='word_1_403' title='bbox 1514 2361 1619 2394; x_wconf 88' lang='lat' dir='ltr'>supra</span> 
     </span>
     <span class='ocr_line' id='line_1_69' title="bbox 930 2403 1618 2452; baseline -0.007 -12"><span class='ocrx_word' id='word_1_404' title='bbox 930 2412 1058 2452; x_wconf 82' lang='lat' dir='ltr'>egerat.</span> <span class='ocrx_word' id='word_1_405' title='bbox 1070 2405 1118 2439; x_wconf 90' lang='lat' dir='ltr'>H.</span> <span class='ocrx_word' id='word_1_406' title='bbox 1130 2404 1175 2439; x_wconf 84' lang='lat' dir='ltr'>In</span> <span class='ocrx_word' id='word_1_407' title='bbox 1185 2403 1298 2449; x_wconf 84' lang='lat' dir='ltr'>Regio</span> <span class='ocrx_word' id='word_1_408' title='bbox 1308 2409 1344 2438; x_wconf 92' lang='lat' dir='ltr'>et</span> <span class='ocrx_word' id='word_1_409' title='bbox 1355 2403 1515 2437; x_wconf 85' lang='lat' dir='ltr'>Francos.</span> <span class='ocrx_word' id='word_1_410' title='bbox 1528 2407 1618 2443; x_wconf 85' lang='lat' dir='ltr'>erat,</span> 
     </span>
     <span class='ocr_line' id='line_1_70' title="bbox 931 2452 1620 2500; baseline -0.009 -8"><span class='ocrx_word' id='word_1_411' title='bbox 931 2463 965 2492; x_wconf 75' lang='lat' dir='ltr'>le</span> <span class='ocrx_word' id='word_1_412' title='bbox 980 2470 1057 2492; x_wconf 83' lang='lat' dir='ltr'>mea</span> <span class='ocrx_word' id='word_1_413' title='bbox 1073 2466 1231 2498; x_wconf 84' lang='lat' dir='ltr'>munera‚·</span> <span class='ocrx_word' id='word_1_414' title='bbox 1254 2454 1316 2490; x_wconf 84' lang='lat' dir='ltr'>sed</span> <span class='ocrx_word' id='word_1_415' title='bbox 1327 2455 1497 2500; x_wconf 91' lang='lat' dir='ltr'>optimam</span> <span class='ocrx_word' id='word_1_416' title='bbox 1512 2452 1620 2488; x_wconf 91' lang='lat' dir='ltr'>credo</span> 
     </span>
     <span class='ocr_line' id='line_1_71' title="bbox 930 2507 1618 2550; baseline -0.009 -5"><span class='ocrx_word' id='word_1_417' title='bbox 930 2509 1064 2545; x_wconf 88' lang='lat' dir='ltr'>Moreti</span> <span class='ocrx_word' id='word_1_418' title='bbox 1091 2508 1218 2544; x_wconf 78' lang='lat' dir='ltr'>codicis</span> <span class='ocrx_word' id='word_1_419' title='bbox 1240 2507 1428 2542; x_wconf 87' lang='lat' dir='ltr'>lectionem</span> <span class='ocrx_word' id='word_1_420' title='bbox 1446 2518 1454 2541; x_wconf 90' lang='lat'>:</span> <span class='ocrx_word' id='word_1_421' title='bbox 1480 2507 1567 2550; x_wconf 79' lang='lat' dir='ltr'>Quin</span> <span class='ocrx_word' id='word_1_422' title='bbox 1583 2509 1618 2540; x_wconf 84' lang='lat' dir='ltr'>te</span> 
     </span>
     <span class='ocr_line' id='line_1_72' title="bbox 930 2559 1482 2597; baseline -0.011 0"><span class='ocrx_word' id='word_1_423' title='bbox 930 2567 991 2597; x_wconf 76' lang='lat' dir='ltr'>lua</span> <span class='ocrx_word' id='word_1_424' title='bbox 1004 2564 1147 2597; x_wconf 78' lang='lat' dir='ltr'>cn’nn’na</span> <span class='ocrx_word' id='word_1_425' title='bbox 1163 2562 1334 2595; x_wconf 83' lang='lat' dir='ltr'>damnent.</span> <span class='ocrx_word' id='word_1_426' title='bbox 1350 2559 1482 2594; x_wconf 70' lang='lat' dir='ltr'>BURM.</span> 
     </span>
    </p>

    <p class='ocr_par' dir='ltr' id='par_1_13' title="bbox 929 2610 1615 2817">
     <span class='ocr_line' id='line_1_73' title="bbox 974 2610 1613 2662; baseline -0.009 -13"><span class='ocrx_word' id='word_1_427' title='bbox 974 2628 1027 2662; x_wconf 80' lang='lat'>9²·</span> <span class='ocrx_word' id='word_1_428' title='bbox 1044 2614 1192 2658; x_wconf 80' lang='lat' dir='ltr'>Sepulla.</span> <span class='ocrx_word' id='word_1_429' title='bbox 1211 2610 1464 2646; x_wconf 85' lang='lat' dir='ltr'>Lincolniensis</span> <span class='ocrx_word' id='word_1_430' title='bbox 1475 2611 1613 2644; x_wconf 78' lang='lat' dir='ltr'>relicta:</span> 
     </span>
     <span class='ocr_line' id='line_1_74' title="bbox 929 2663 1612 2708; baseline -0.01 -7"><span class='ocrx_word' id='word_1_431' title='bbox 929 2667 1021 2701; x_wconf 88' lang='lat' dir='ltr'>male</span> <span class='ocrx_word' id='word_1_432' title='bbox 1035 2678 1044 2701; x_wconf 76' lang='lat' dir='ltr'>t</span> <span class='ocrx_word' id='word_1_433' title='bbox 1059 2665 1129 2700; x_wconf 85' lang='lat' dir='ltr'>vid.</span> <span class='ocrx_word' id='word_1_434' title='bbox 1150 2664 1194 2700; x_wconf 90' lang='lat' dir='ltr'>ad</span> <span class='ocrx_word' id='word_1_435' title='bbox 1218 2665 1363 2700; x_wconf 85' lang='lat' dir='ltr'>Petron.</span> <span class='ocrx_word' id='word_1_436' title='bbox 1387 2663 1588 2708; x_wconf 83' lang='lat' dir='ltr'>Fragment.</span> <span class='ocrx_word' id='word_1_437' title='bbox 1603 2687 1612 2703; x_wconf 82' lang='lat'>,</span> 
     </span>
     <span class='ocr_line' id='line_1_75' title="bbox 929 2714 1615 2765; baseline -0.009 -11"><span class='ocrx_word' id='word_1_438' title='bbox 929 2733 964 2765; x_wconf 88' lang='lat' dir='ltr'>p.</span> <span class='ocrx_word' id='word_1_439' title='bbox 976 2719 1051 2765; x_wconf 81' lang='lat'>676.</span> <span class='ocrx_word' id='word_1_440' title='bbox 1068 2719 1198 2753; x_wconf 72' lang='lat' dir='ltr'>Bunm.</span> <span class='ocrx_word' id='word_1_441' title='bbox 1212 2735 1257 2743; x_wconf 94' lang='lat'>—-</span> <span class='ocrx_word' id='word_1_442' title='bbox 1273 2715 1374 2751; x_wconf 88' lang='lat' dir='ltr'>Adde</span> <span class='ocrx_word' id='word_1_443' title='bbox 1392 2714 1486 2761; x_wconf 88' lang='lat' dir='ltr'>quod</span> <span class='ocrx_word' id='word_1_444' title='bbox 1502 2714 1615 2749; x_wconf 79' lang='lat' dir='ltr'>multo</span> 
     </span>
     <span class='ocr_line' id='line_1_76' title="bbox 931 2769 1439 2817; baseline -0.008 -11"><span class='ocrx_word' id='word_1_445' title='bbox 931 2771 1040 2817; x_wconf 84' lang='lat' dir='ltr'>magis</span> <span class='ocrx_word' id='word_1_446' title='bbox 1060 2769 1100 2806; x_wconf 85' lang='lat' dir='ltr'>ad</span> <span class='ocrx_word' id='word_1_447' title='bbox 1120 2781 1282 2814; x_wconf 84' lang='lat' dir='ltr'>sensum,</span> <span class='ocrx_word' id='word_1_448' title='bbox 1297 2770 1439 2813; x_wconf 82' lang='lat' dir='ltr'>sepulta.</span> 
     </span>
    </p>
   </div>
  </div>
 </body>
</html>
