1884 3112
320 249 407 307 224

767 255 1129 303 EPISTOLA
1164 259 1286 309 XII.

1676 3 1686 26 ,
1718 0 1724 34 5
1743 0 1884 196 fl]

320 342 587 409 Complexos
610 344 778 393 utinam
802 347 1112 414 Symplegades
1134 351 1377 411 elisissent,

382 424 631 487 Nostraque
655 423 924 473 adhaererent
949 426 1124 476 ossibus
1150 448 1251 477 ossa
1274 430 1387 478 tuis!
1514 485 1517 489 ¹

315 497 410 545 Aut
432 516 513 545 nos
536 498 680 565 Scylla
702 519 836 567 rapax
856 502 1038 551 canibus
1061 504 1250 554 misisset
1267 505 1484 555 edendos!
1577 493 1581 502 .

379 575 549 624 Debuit
571 576 754 639 ingratis
778 578 922 644 Scylla
937 592 1099 630 vnocere
1122 582 1239 631 viris.

316 651 515 719 Quaeque
529 654 667 702 vomit
678 654 837 703 fluctus
857 657 1059 717 totidem,
1080 660 1351 727 totidemque
1369 662 1588 722 resorbet,
1659 679 1720 712 125

377 731 473 778 Nos
498 751 674 798 quoque
695 733 930 783 Trinacriae
951 737 1260 802 supposuisset
1281 757 1403 805 aquae
1422 741 1431 787 !

314 805 478 873 Sospes
502 808 557 855 ad
579 810 830 858 Haemonias
853 811 1079 878 victorque
1103 815 1330 863 reverteris
1353 816 1509 873 urbes,

377 883 568 931 Ponitur
588 884 643 932 ad
665 887 832 951 patrios
855 907 985 937 aurea
1005 889 1105 938 lana
1127 891 1260 938 Deos.

313 959 437 1022 Quid
456 960 639 1008 referam
662 961 792 1011 Peliae
811 976 960 1023 natas,
985 966 1147 1032 pietate
1170 979 1402 1026 nocentes,

379 1035 586 1101 Caesaque
610 1037 804 1099 virginea
824 1041 1018 1089 membra
1040 1054 1222 1107 paterna
1242 1045 1409 1092 manu?

1659 1059 1719 1094 130

306 1111 370 1159 Ut
391 1111 571 1178 culpent
593 1112 690 1172 alii,
712 1115 795 1162 tibi
818 1134 886 1164 me
910 1116 1086 1166 laudare
1107 1137 1280 1167 necesse
1304 1131 1393 1177 est,

371 1188 460 1236 Pro
486 1209 574 1255 quo
600 1209 698 1238 sum
719 1191 850 1239 toties
873 1211 965 1242 esse
991 1206 1138 1242 coacta
1154 1213 1330 1244 nocens.

308 1264 458 1312 Ausus
483 1284 528 1313 es
554 1285 580 1313 o
595 1303 606 1324 ‚
631 1266 752 1331 justo
774 1267 934 1317 desunt
957 1289 1036 1318 sua
1056 1271 1189 1319 verba
1210 1270 1374 1329 dolori,

371 1342 521 1390 Ausus
544 1362 611 1400 es,
637 1343 852 1403 AEisom'a,
878 1346 1040 1405 dicere,
1067 1347 1160 1396 cede
1181 1348 1311 1396 domo.
1339 1388 1342 1395 ,

306 1450 442 1485 dex-ent.
456 1450 536 1484 Vid.
550 1451 639 1485 Hor.
656 1462 715 1495 111,
727 1451 798 1487 od.
814 1464 856 1498 11,
871 1454 922 1488 28.
938 1446 979 1489 B.

349 1515 419 1536 121.
443 1503 579 1537 Utinam
604 1505 839 1549 Symplegades
860 1508 979 1540 ellinic-

302 1558 380 1587 senl
388 1553 398 1588 ,¹
415 1554 583 1590 Errantes
602 1556 753 1600 scopuli,
768 1556 826 1601 qui
840 1563 875 1591 et
889 1559 979 1603 Cya-

302 1617 371 1638 neoe
394 1608 510 1640 z‘nsulae
530 1606 610 1641 dicti
624 1633 633 1650 ,
661 1620 810 1652 quorum
841 1610 977 1654 egregia

302 1656 340 1690 in
357 1657 518 1702 Apollon.
535 1669 583 1701 11,
597 1659 658 1703 317
673 1673 680 1699 ;
695 1659 778 1692 etin
795 1659 872 1693 val.
885 1660 975 1694 Flac.

301 1719 352 1752 lv,
372 1709 431 1743 561
444 1735 454 1752 ,
472 1708 630 1743 adeunda
652 1709 845 1755 descriptio.

341 1774 354 1794 ι
360 1761 401 1794 23
409 1761 495 1794 ,Λιιί
500 1773 561 1794 nos
568 1762 681 1807 Scylla
687 1761 803 1805 rapa'x.
810 1762 932 1809 Scyllae
939 1769 976 1797 et

303 1808 578 1857 Symplegadum
585 1811 640 1846 hic
653 1813 808 1846 mention
814 1826 871 1847 em
881 1814 971 1857 facit,

298 1861 353 1895 vel
365 1863 456 1906 quia,
471 1869 510 1896 ut
521 1862 633 1908 Orph.
645 1864 726 1909 Arg.
745 1865 840 1908 1246,
855 1864 971 1908 tradit,

300 1912 396 1959 Argo
415 1914 470 1948 illa
487 1915 559 1949 loca
576 1917 791 1960 penetravit;
813 1917 867 1951 vel
894 1917 973 1962 quia

299 1964 447 2001 Ovidius
467 1966 566 2001 finxit
582 1968 747 2002 Medeam
764 1976 969 2013 voventem,

298 2024 338 2051 ut
351 2017 425 2052 loca
441 2018 498 2052 illa
514 2020 687 2054 transisset
700 2047 709 2064 ,
727 2033 796 2065 quo
805 2021 897 2056 locus
910 2015 972 2067 ipsi

299 2077 386 2105 esset
411 2070 637 2105 devotionum
657 2079 691 2106 et
714 2072 869 2107 dirarum
886 2073 971 2107 hor-

297 2134 416 2156 rorem
431 2123 590 2168 augendi.
610 2124 740 2159 BURM.
760 2143 805 2152 ·—·
823 2125 910 2160 Haec
926 2125 969 2160 de

299 2173 412 2220 Scylla
440 2175 567 2210 Phorci
595 2176 663 2211 filia
675 2204 684 2221 ,
717 2178 754 2212 in
790 2179 970 2224 scopulum

297 2237 476 2271 conversa,
491 2240 595 2272 quam
607 2229 654 2263 sic
666 2229 824 2264 describit
835 2230 968 2276 virgit:

296 2285 382 2309 Prima
392 2285 503 2310 hominis
512 2286 588 2312 facies
596 2307 604 2318 ,
617 2293 641 2312 et
652 2287 758 2321 pulchro
770 2294 870 2322 pectore
880 2290 967 2322 virgo,

293 2333 365 2357 Pube
375 2339 463 2367 tenus-13
479 2341 605 2368 postrema
624 2336 729 2361 immani
741 2346 846 2371 corpore
861 2338 948 2371 pristis
958 2356 966 2369 ,

295 2382 454 2416 Delphinum
466 2384 559 2409 caudas
571 2390 642 2410 utero
653 2385 789 2411 commissa
797 2387 928 2419 luporum.

294 2431 365 2466 Sed
380 2439 414 2466 et
429 2432 522 2466 illam
540 2433 596 2467 hic
608 2433 754 2469 Ovidius
766 2436 964 2481 confundit,

296 2496 375 2517 cum
386 2484 459 2519 Nisi
469 2485 550 2528 filia,
564 2485 606 2519 de
622 2499 688 2531 qua
698 2486 824 2533 Georg.
835 2500 866 2532 1,
883 2489 966 2532 406:

295 2548 370 2579 quae
389 2549 497 2580 quum
513 2549 532 2570 a
549 2538 692 2582 Minoe,
709 2551 814 2584 quem
833 2539 965 2585 perdite

293 2587 494 2632 deamabat,
513 2589 679 2635 cujusque
696 2591 733 2625 in
750 2592 894 2637 gratiam
910 2605 965 2637 pa-

295 2645 402 2683 trem,
426 2642 514 2676 cives
538 2649 573 2677 et
597 2644 720 2678 urbem
743 2643 962 2689 prodiderat,

293 2698 427 2736 spreta,
452 2693 655 2740 desertaque
676 2696 815 2741 fuisset,
838 2696 963 2732 merito

293 2742 417 2778 dicitur
431 2747 574 2789 thgr-alth·
586 2760 704 2783 nocere
719 2751 810 2782 vz'n‘s.

1091 1470 1103 1490 1
1110 1457 1162 1491 25.
1175 1458 1313 1503 Quaeque
1320 1460 1546 1504 vomilfiuclus
1552 1465 1617 1495 etc.
1625 1456 1715 1495 Cha-

1042 1507 1190 1554 rybdem
1205 1509 1379 1556 designat,
1398 1523 1475 1557 quae

1229 1571 1286 1594 Imo
1300 1570 1413 1595 barathri
1426 1576 1465 1597 ter
1476 1573 1575 1605 gurgite
1586 1577 1673 1599 vum

1040 1616 1129 1641 Sorbet
1140 1618 1168 1641 in
1176 1617 1424 1650 abruptumssuctus,
1430 1629 1573 1654 rursusque
1580 1620 1630 1646 snb
1638 1629 1715 1645 tuns

1039 1664 1123 1697 Erigit
1131 1665 1242 1690 alternos
1252 1685 1260 1696 ,
1273 1671 1299 1691 et
1311 1667 1395 1692 sidera
1407 1667 1524 1693 verber-t
1533 1669 1609 1693 unda.

1307 1716 1396 1740 Vnm.
1414 1715 1516 1740 AEneid.
1531 1722 1571 1741 111
1582 1734 1591 1746 ,
1608 1716 1666 1741 421.

1086 1774 1155 1806 ¹²7·
1171 1762 1285 1795 Urbes.
1300 1763 1408 1796 Artes
1417 1763 1636 1806 Hasniensis3
1651 1777 1710 1799 so-

1037 1810 1146 1846 lemni
1161 1814 1425 1857 permutatione.
1437 1815 1522 1848 Mox
1533 1827 1596 1860 pro
1607 1829 1710 1851 aurea

1037 1866 1350 1908 Iammura-apronia
1357 1866 1509 1911 quinque
1521 1879 1530 1901 z
1539 1874 1621 1911 tres,
1629 1880 1709 1902 cum

1037 1915 1202 1960 excerptis
1228 1915 1358 1951 Douzae
1366 1943 1374 1957 ‚
1403 1919 1560 1952 Barbara
1583 1922 1708 1964 preda.

1038 1966 1313 2012 Argentinensis,
1329 1971 1470 2003 barbara
1482 1972 1564 2005 lana
1575 1983 1584 2004 .·
1595 1970 1708 2007 efficta

1036 2017 1109 2053 haec
1129 2020 1246 2054 omnia
1262 2033 1302 2054 ex
1319 2020 1424 2065 Epist.
1438 2031 1469 2065 1,
1492 2035 1553 2069 ¹²9
1569 2034 1578 2056 ε

1068 2078 1176 2103 Ponitur
1188 2078 1220 2103 nd
1232 2080 1326 2111 patrios
1336 2078 1445 2104 barbara
1455 2080 1538 2112 praeda
1549 2081 1627 2105 Deos.
1640 2080 1672 2105 B.

1081 2139 1094 2159 1
1101 2126 1139 2159 32
1144 2152 1152 2159 .
1169 2128 1258 2161 Esse
1266 2132 1386 2162 coacta
1393 2140 1524 2163 noceas.
1540 2127 1706 2164 Francius

1034 2177 1236 2222 conjiciebat
1249 2191 1256 2213 :

1065 2233 1115 2258 Pro
1125 2241 1177 2266 quo
1190 2241 1247 2257 sum
1257 2234 1332 2258 toties
1344 2233 1412 2258 facta
1422 2238 1529 2259 nocente
1539 2242 1642 2259 nocem.

1034 2281 1105 2316 Nos
1122 2281 1208 2316 nihil
1222 2289 1398 2317 mutamus
1415 2296 1423 2317 :
1440 2287 1594 2317 coactam
1609 2282 1705 2317 enim

1028 2346 1067 2368 se
1086 2333 1128 2367 ad
1148 2334 1255 2368 scelus
1272 2333 1451 2369 decentius
1467 2334 1547 2369 dicit
1559 2361 1568 2378 ,
1600 2346 1704 2380 quam

1031 2385 1056 2419 si
1067 2393 1190 2430 sponte
1203 2398 1332 2420 nocens
1345 2393 1432 2421 esset
1443 2387 1539 2421 sacta.
1555 2386 1704 2431 Expres-

1032 2436 1074 2471 sit
1092 2436 1261 2472 Ovidium
1275 2438 1408 2472 Seneca
1419 2464 1428 2481 ,
1447 2437 1576 2472 Medea
1589 2463 1599 2481 ,
1619 2436 1703 2470 280:

1064 2493 1152 2518 Tetios
1166 2501 1259 2517 nocens
1272 2502 1330 2518 sum
1342 2492 1419 2524 sacta,
1430 2494 1474 2518 sed
1484 2501 1616 2526 nunqnam
1627 2492 1701 2518 mihi.

1078 2542 1149 2585 134.
1170 2543 1257 2576 Cede
1272 2543 1376 2575 domo.
1392 2541 1556 2576 Formula
1567 2540 1703 2586 repudii

1031 2592 1121 2638 apud
1139 2593 1335 2634 Romanos;
1358 2593 1431 2627 talis
1445 2600 1479 2627 et
1495 2592 1550 2626 illa
1563 2591 1702 2626 abdica-

1030 2645 1133 2679 tionis
1146 2645 1236 2690 apud
1247 2645 1535 2689 Quinctilianum,
1544 2643 1698 2678 Declam.

1030 2706 1188 2740 CCLVIII,
1216 2697 1274 2730 ubi
1290 2703 1387 2742 pater
1412 2695 1453 2730 ad
1473 2695 1584 2731 filium
1602 2709 1610 2731 ι
1625 2697 1699 2730 dis-

1029 2751 1108 2784 cede
1124 2751 1165 2785 dc
1180 2751 1275 2785 domo
1291 2761 1373 2784 mea.
1389 2748 1520 2783 Hssms.
