1884 3112
625 233 900 283 OENONE
934 230 1200 278 PARIDI.
1538 227 1618 271 103

264 334 528 387 Miscuimus
549 330 752 382 lacrimas
774 339 960 378 moestus
983 331 1310 392 uterqoessuas.

198 415 303 465 Non
323 413 386 463 sic
409 411 628 481 appositis
645 407 839 458 vincitur
859 404 1028 454 vitibus
1051 401 1220 460 ulmus,

210 505 216 534 .·
263 493 327 541 Ut
350 503 426 540 tua
449 501 555 541 sunt
578 486 696 538 collo
717 483 902 535 brachia
921 500 1034 531 nexa
1054 498 1166 529 meo.

199 568 295 618 Ah!
323 567 520 635 quoties,
547 582 686 632 quum
707 574 750 611 te
774 570 908 610 vento
931 575 1162 624 quererere
1182 553 1341 612 teneri,

264 645 480 694 Riserunt
497 641 703 692 comites!
727 637 802 687 ille
826 634 1047 686 secundus
1070 644 1175 682 erat.
1587 641 1629 676 5ο

202 721 371 772 Oscula
393 720 584 770 dimissae
606 716 780 785 quoties
803 712 992 781 repetita
1015 709 1202 759 dedisti!

267 799 417 863 Quam
440 796 514 845 vix
535 793 750 844 sustinuit
771 791 915 840 dicere
939 788 1111 852 lingua,
1136 785 1270 835 Vale!

200 946 254 983 Ut
267 945 316 982 ibi
328 944 413 991 legit
427 939 748 980 Slichtenhorstius.
775 937 880 984 Epis-

199 998 270 1034 tola
284 996 440 1033 Canaces
450 1022 460 1040 ,
481 1009 519 1043 77
533 1007 542 1031 :

197 1050 241 1077 sie
251 1058 310 1076 nea
320 1048 419 1076 vibus-i
431 1047 552 1083 pallentis
562 1046 678 1072 membra
689 1044 800 1071 videm.

168 1103 173 1109 ⁸
199 1099 256 1135 Ita
291 1111 422 1145 nempe
462 1095 714 1143 reponendum
742 1105 880 1130 censeo.

199 1151 356 1199 Epistola
370 1149 531 1194 Acontii,
548 1149 612 1193 48:

229 1204 314 1239 Inque
326 1211 384 1229 meo
394 1202 484 1237 cupidi
497 1207 572 1235 rapta
582 1200 665 1226 ferere
678 1199 748 1225 sinu.

202 1251 398 1299 Quomodo
418 1258 455 1287 et
468 1250 568 1286 illum
587 1261 727 1284 versum
741 1260 783 1282 ex
796 1259 882 1281 ves-

199 1305 290 1352 tigiis
315 1304 439 1351 optimi
464 1302 591 1339 codicis
615 1298 881 1336 emendandum

200 1356 338 1404 opinor.
353 1356 461 1392 Trist.
474 1366 505 1391 11
514 1381 524 1400 ,
540 1355 603 1403 89:

202 1416 506 1452 At,=pemiui,viumque
513 1423 597 1441 meam
602 1421 739 1448 moresque
746 1412 886 1446 probabas,

250 1462 317 1494 mo,
331 1471 410 1497 quoni
421 1461 529 1487 dodun·
536 1478 545 1492 ,
560 1459 739 1494 pretereuntis
751 1466 828 1492 equo.

205 1509 317 1556 Quod
343 1510 435 1546 male
459 1515 602 1545 mutant
632 1507 712 1543 libri
740 1513 886 1542 veteres.

204 1562 340 1600 Seneca
348 1589 360 1608 ,
376 1561 571 1612 Hippolyto
580 1587 590 1605 ,
614 1574 629 1595 1
638 1571 699 1608 19:

397 1641 429 1649 ...
442 1623 510 1656 Quis
523 1618 594 1647 nie-⁵
606 1620 707 1646 misero
717 1621 806 1652 neus,

234 1672 292 1699 Ant
302 1671 364 1707 qui·
374 1672 468 1706 iuvem
478 1670 603 1698 nod-lu»
613 1669 730 1695 ssnmmns
738 1668 837 1703 queat?

204 1721 398 1766 Ausonius,
417 1721 526 1768 Epist.
545 1730 653 1764 xxlv,
669 1731 737 1754 20:

444 1782 501 1808 Nec
512 1780 590 1816 eulpa
602 1766 724 1807 duorum'

201 1830 257 1855 Ista
265 1848 275 1862 ,
289 1829 335 1856 sed
347 1829 428 1855 nnius
437 1834 542 1855 tantum
554 1835 608 1854 tua.

204 1879 389 1927 Virgilius,
415 1877 514 1922 Ciri3
532 1878 596 1925 273
612 1890 622 1912 :

204 1940 284 1973 Quod
297 1945 322 1966 te
333 1948 379 1974 per
388 1939 488 1966 Divum
500 1939 603 1965 crebros
618 1937 732 1964 obtestor
742 1945 858 1967 amores,

203 1990 307 2024 Perque
323 1994 402 2014 tunm
418 1988 541 2014 memoris
557 1987 682 2013 baustum
698 1985 763 2011 mihi
781 1990 872 2019 peetus

255 2060 257 2063 ,
301 2034 423 2060 alumna.

209 2083 284 2129 Qui
299 2083 394 2120 locus
407 2082 506 2118 nullo
520 2082 630 2118 modo
643 2079 888 2117 sollicitandus.

209 2136 396 2180 Horatius,
412 2136 515 2180 mm,
533 2135 605 2171 Sat.
618 2146 677 2179 ιν,
696 2146 757 2170 22:

402 2215 433 2223 ...
451 2198 543 2231 Quum
558 2205 615 2221 mea
630 2204 708 2221 nemo

207 2246 309 2278 Script-
318 2244 402 2278 ὴςα,
415 2245 496 2277 vulgo
513 2244 620 2269 recitare
635 2242 760 2267 timentis.
780 2242 887 2267 Harus-

209 2311 254 2320 —·
262 2293 401 2330 Nimius
407 2292 559 2328 multum
569 2292 735 2328 Heinsius
744 2318 753 2336 ,
764 2291 802 2326 in
809 2303 891 2327 con-

210 2345 372 2393 gerendis
395 2352 448 2381 tot
471 2344 636 2392 exemplis
651 2371 661 2389 ,
688 2356 766 2390 quae
780 2342 889 2388 nihil,

211 2405 272 2434 aut
285 2399 359 2434 sere
376 2397 464 2433 nihil
480 2397 523 2432 ad
543 2410 620 2431 rem
642 2397 798 2438 faciunt3
823 2408 891 2431 nec

208 2451 282 2486 ullo
296 2450 406 2485 modo
418 2449 659 2485 difficultatem
673 2448 890 2494 infringunt,

211 2515 289 2550 quae
311 2511 385 2539 tota
409 2502 466 2538 hic
480 2503 516 2537 in
539 2501 715 2537 locutione
734 2507 892 2536 versatur

210 2556 348 2592 insolita
360 2581 369 2599 ,
397 2559 531 2590 nostms
589 2556 733 2599 flentis,·
753 2553 892 2600 pluralis

211 2608 280 2644 scil.
297 2621 380 2644 cum
396 2607 562 2654 singulari
575 2619 726 2641 numero
740 2633 751 2651 ,
769 2605 808 2641 in
820 2617 892 2642 una

211 2660 406 2706 eademque
451 2672 600 2706 persona
638 2658 892 2694 commissione.

214 2713 308 2758 Quae
323 2719 443 2748 tamen
457 2725 540 2747 vera
559 2712 662 2747 lectio
685 2718 756 2756 est,
782 2723 892 2757 quum

211 2765 248 2800 in
261 2764 351 2801 Edd.
360 2771 561 2800 constanter
575 2771 733 2800 occurrat
747 2775 823 2810 quoe
838 2764 893 2808 ius

946 935 1079 970 habent
1092 940 1128 969 et
1142 931 1385 968 auctoritatem
1396 929 1506 966 MSS.
1519 928 1634 964 Miror

943 987 1001 1023 hic
1018 987 1162 1023 tacuisse
1183 985 1393 1031 interpretes
1404 1010 1413 1027 ,
1429 989 1466 1018 et
1476 982 1633 1028 Lennep.

945 1039 1139 1086 praesertim
1151 1065 1162 1083 ‚
1189 1038 1250 1084 qui
1276 1044 1371 1073 certe
1396 1048 1472 1070 non
1493 1047 1635 1074 emune-

947 1100 992 1128 tae
1007 1092 1124 1127 minus
1135 1118 1145 1136 ,
1160 1103 1267 1137 quam
1285 1089 1400 1125 caeteri
1411 1115 1421 1132 ,
1437 1087 1540 1124 naris.
1557 1087 1633 1133 Ego

948 1157 1013 1192 pro
1021 1144 1152 1179 viribus
1161 1142 1316 1179 conabor
1324 1141 1503 1187 explicare.
1517 1139 1634 1174 Ambo

947 1196 1127 1238 flevimus;
1144 1197 1294 1241 etflesli,
1313 1200 1350 1228 et
1359 1191 1634 1227 m'dtlrtiflentem

947 1262 1006 1284 me
1020 1263 1029 1291 ς
1053 1260 1138 1294 ergo
1153 1248 1336 1292 utriusque
1353 1244 1471 1280 flentis
1487 1246 1613 1279 ocellos
1624 1269 1634 1284 ,

947 1300 983 1335 id
994 1307 1058 1344 est,
1070 1305 1215 1342 nostros,
1228 1298 1354 1334 vidisti.
1370 1296 1479 1343 Quod
1493 1295 1638 1342 quidem

948 1365 968 1389 e
996 1352 1225 1399 sequentibus
1256 1357 1353 1397 patet
1383 1349 1611 1384 manifestum
1626 1360 1634 1383 :

981 1413 1138 1439 Miscuimus
1154 1412 1276 1438 lacrimas
1289 1416 1394 1437 mestus
1408 1417 1518 1444 uterque
1532 1417 1600 1434 suas.

992 1463 1047 1507 48.
1065 1463 1220 1498 Brachia
1237 1473 1329 1496 nexa
1349 1473 1432 1495 meo.
1446 1461 1549 1494 Nea-a
1569 1471 1638 1493 ve-

949 1519 1042 1549 teres
1069 1513 1148 1549 libri
1173 1525 1298 1563 omnes
1316 1539 1326 1558 ,
1358 1510 1550 1547 Basileensi
1580 1522 1641 1544 ex-

948 1574 1050 1614 cepto
1063 1581 1072 1610 ;
1102 1566 1198 1612 quod
1226 1566 1379 1613 probum
1404 1571 1466 1600 est.
1488 1562 1638 1607 Statius,

948 1616 1045 1668 Syl'v.
1064 1631 1105 1661 v,
1127 1618 1248 1655 Carm.
1264 1630 1321 1664 1v,
1341 1619 1380 1653 15
1396 1629 1405 1652 ε

950 1680 988 1706 At
1002 1690 1084 1713 nunc,
1096 1681 1159 1712 heu,
1171 1680 1269 1714 aliquis
1281 1679 1357 1713 long-
1369 1678 1420 1704 σιὼ
1430 1683 1519 1711 nocte,
1531 1677 1629 1713 puello

948 1729 1060 1755 Brachia
1069 1738 1143 1756 nexa
1151 1735 1253 1761 tenens,
1266 1728 1369 1754 ultrote
1377 1747 1386 1760 ,
1400 1729 1510 1758 Somne,
1524 1725 1637 1761 repellit.

951 1779 1065 1815 Theb.
1082 1789 1135 1823 iv,
1150 1778 1193 1813 26
1208 1791 1216 1812 :

1201 1839 1307 1865 Certant
1323 1839 1459 1863 innectere
1471 1836 1540 1862 eollo

1047 1888 1166 1914 Brachia.

952 1937 1057 1974 Silius
1075 1938 1214 1973 Italicus
1227 1963 1237 1982 ,
1255 1947 1301 1972 111
1312 1963 1322 1982 ,
1343 1939 1406 1982 412
1418 1962 1427 1980 ,
1447 1948 1488 1970 ex
1500 1933 1640 1981 optimis

951 1990 1183 2026 membranis:

1211 2060 1242 2068 ...
1262 2041 1335 2068 Fluit
1347 2040 1432 2067 omnis
1443 2039 1476 2065 ab
1488 2040 1571 2066 antris

951 2092 1095 2120 Nemidum
1110 2091 1220 2123 chorus,
1232 2096 1258 2116 et
1271 2097 1346 2117 sueto
1356 2090 1496 2116 certamine
1509 2087 1590 2114 nandi

951 2141 1066 2168 candid·
1079 2141 1217 2175 perspieuo
1233 2145 1396 2166 connectunt
1411 2139 1519 2165 bra-:hia
1533 2143 1621 2172 ponto.

954 2192 1051 2227 Licet
1065 2191 1119 2226 alii
1129 2190 1247 2238 legant
1257 2216 1268 2235 ,
1286 2192 1492 2225 conandum.
1502 2188 1626 2223 Hssms
1633 2214 1640 2221 .

998 2247 1051 2280 50.
1078 2246 1143 2278 Ille
1166 2243 1337 2289 (ventus)
1361 2243 1529 2278 secundus
1558 2244 1643 2275 erat.

954 2297 1088 2333 Amore
1107 2309 1171 2332 suo
1194 2296 1232 2332 in
1260 2295 1433 2335 OEnonen
1456 2294 1639 2330 distractus

955 2350 1066 2395 Paris,
1080 2349 1190 2384 varias
1201 2346 1417 2384 immorandi
1425 2359 1543 2382 causas
1557 2358 1640 2380 nec-

955 2404 1049 2438 tebat
1062 2429 1071 2447 ,
1090 2414 1174 2447 quas
1188 2402 1300 2444 inter,
1323 2403 1444 2435 ventos
1459 2401 1639 2438 adversos,

954 2455 1116 2491 ridebant
1133 2454 1287 2490 comites.
1306 2453 1444 2487 Ventus
1460 2451 1588 2497 quippe
1606 2457 1642 2485 et

955 2507 1167 2554 navigaturis
1185 2507 1368 2547 secundus,
1393 2511 1429 2539 et
1446 2503 1509 2550 ipsi
1527 2503 1642 2538 OEno·

955 2573 1011 2595 nae
1022 2587 1031 2603 ,
1049 2572 1125 2606 quae
1142 2558 1308 2594 Paridem
1326 2557 1364 2592 in
1388 2556 1462 2591 dies
1485 2555 1643 2591 tentabat

957 2613 1135 2648 distinere.
1166 2611 1302 2657 Argute
1330 2609 1458 2651 nimis;
1490 2607 1551 2643 sed
1578 2619 1643 2654 pro

956 2665 1100 2712 ingenio
1113 2670 1242 2711 poetae‚
1258 2662 1319 2709 qui
1331 2661 1426 2697 istius
1433 2659 1531 2695 modi
1540 2660 1642 2706 nugis

959 2718 1035 2764 plus
1051 2729 1151 2762 aequo
1173 2715 1366 2751 delectatur
1383 2726 1391 2749 ε
1408 2714 1447 2749 in
1463 2713 1532 2748 hoc
1547 2719 1641 2748 certe

962 2770 1106 2806 minime
1125 2767 1325 2804 laudandus.
1465 2769 1467 2771 '
