1884 3112
548 890 1054 938 ARGUMENTUM
1088 892 1547 939 HALIEUTICI.

404 1019 549 1059 Utrum
577 1020 767 1061 terrestria
793 1020 972 1074 aquaticis
999 1020 1240 1071 animalibus,
1261 1035 1308 1060 an
1335 1020 1574 1063 terrestribus
1597 1021 1766 1075 aquatica

350 1092 532 1139 praestent
546 1085 728 1126 industria
741 1114 753 1136 ‚
771 1086 910 1139 quaerit
923 1094 961 1125 ct
976 1086 1154 1126 examinat
1168 1084 1390 1128 Plutarchus
1402 1117 1414 1138 .,
1430 1088 1470 1127 in
1488 1086 1617 1128 libello
1628 1117 1640 1137 ‚
1656 1088 1765 1141 cujus

350 1151 430 1205 ipsa
448 1151 610 1204 quaestio
625 1151 760 1192 titulus
772 1166 781 1199 ;
799 1159 838 1190 et
847 1151 1014 1191 adductis
1026 1151 1205 1206 utrinque
1215 1182 1226 1203 ‚
1237 1152 1375 1207 quibus
1387 1168 1492 1194 suam
1501 1153 1663 1207 quisque
1673 1153 1767 1207 opi-

350 1215 505 1256 nionem
524 1224 698 1267 tueatur,
716 1215 893 1270 exemplis
904 1246 916 1267 ‚
933 1216 1044 1257 dubia
1061 1232 1218 1272 prorsus
1232 1233 1293 1259 res
1308 1218 1354 1258 ab
1368 1217 1510 1259 arbitro
1524 1215 1766 1271 relinquitur.

352 1282 399 1322 ld
428 1296 549 1338 genus
571 1289 835 1338 argumentum
858 1283 1001 1322 Noster
1029 1283 1099 1323 sibi
1121 1285 1271 1325 videtur
1297 1284 1561 1340 proposuisse,
1583 1292 1767 1338 quantum

351 1347 440 1388 licet
458 1349 668 1403 conjicere,
687 1363 708 1389 e
727 1348 893 1389 collectis
911 1348 1005 1388 adeo
1023 1350 1157 1390 misere
1176 1351 1353 1406 discerpti
1374 1359 1498 1405 poetae
1515 1349 1768 1391 membris.—

351 1414 438 1454 Vid.
457 1412 616 1456 Aristot-
635 1416 736 1456 Hist.
757 1415 919 1455 Animal.
939 1414 1069 1468 ibique
1085 1416 1166 1456 Jul.
1191 1416 1290 1457 Caes.
1312 1417 1419 1458 Scala
1434 1416 1557 1457 Gratii
1582 1415 1765 1472 Cyneget·

355 1479 519 1533 Oppian.
536 1481 700 1521 Halieut.
720 1489 758 1520 et
777 1481 957 1535 Cyneget.
978 1481 1038 1520 ed,
1052 1481 1226 1520 Schneid.
1248 1480 1514 1537 Argentorati‚
1538 1480 1651 1536 1776.
1666 1481 1765 1521 Plin.

354 1544 455 1582 Hist.
487 1545 575 1584 Nat.
604 1546 661 1584 IX
683 1553 722 1584 et
745 1545 911 1584 XXXII.
933 1567 985 1575 —
1006 1546 1106 1594 Quae
1129 1546 1219 1585 mira
1238 1547 1406 1585 referunt
1426 1554 1569 1587 veteres
1592 1545 1638 1585 de
1659 1559 1766 1599 quo-

354 1609 522 1648 rumdam
537 1610 703 1650 Piscium
716 1610 898 1650 industria
908 1640 918 1660 ‚
932 1625 1064 1666 magna
1073 1625 1118 1650 ex
1134 1620 1236 1665 parte
1247 1612 1448 1653 infirmavit
1463 1612 1610 1653 credula
1620 1613 1744 1653 minus
1754 1641 1767 1663 ‚

357 1673 421 1712 sed
446 1672 663 1728 diligentior
687 1674 939 1714 recentiorum
953 1675 1170 1728 exploratio.
1195 1677 1282 1719 Vid.
1303 1677 1446 1716 BLocn
1465 1706 1477 1726 ‚
1491 1677 1552 1715 LA
1573 1676 1766 1727 (ἶέΡὲυΕ,

357 1737 462 1778 Hist.
488 1738 557 1778 des
578 1739 781 1783 Poissons;
802 1740 1014 1779 VALMONT
1028 1751 1083 1779 DE
1098 1742 1277 1779 BOMARE
1289 1770 1301 1791 ‚
1320 1741 1430 1780 Dict.
1447 1740 1602 1782 d’Hist.
1617 1741 1710 1781 Nae.
1726 1750 1765 1782 et

359 1802 531 1855 cemus,
547 1806 666 1844 Noles
682 1804 733 1844 de
755 1816 801 1842 sa
824 1803 947 1843 Trad.
969 1803 1019 1843 de
1039 1804 1174 1845 I'Hz'st.
1194 1804 1263 1845 des
1279 1807 1486 1847 Animaax
1505 1806 1737 1848 d’Aristote.
