1884 3112
276 264 331 306 88
615 265 938 311 SIDRONII
982 261 1323 315 HOSSCHII

274 353 440 414 Flecte,
466 367 608 422 pater,
634 358 796 421 crimen
818 377 827 404 :
848 358 955 425 quid
977 358 1024 406 in
1048 358 1135 407 alta
1159 361 1375 410 Ceraunia
1398 364 1553 413 saevis?
1646 380 1687 414 25

339 432 433 479 Aut
455 433 563 497 quid
585 433 631 480 in
656 433 920 482 immeritum
942 434 1126 484 fulmina
1149 438 1297 503 perdis
1318 439 1502 488 Athon?

277 510 382 558 Haec
410 521 599 575 spectas,
625 522 669 558 et
691 509 834 559 adhuc
859 513 1089 578 spectaris,
1116 514 1314 564 Phoehe?
1334 518 1488 584 Neque
1511 516 1586 566 illa

340 585 445 633 Visa
469 585 688 652 Thyestea
711 607 779 636 res
805 589 888 636 tibi
914 589 1047 652 digna
1067 590 1136 638 via
1159 592 1257 639 est?

277 663 380 708 Non
405 661 602 726 trepidos
626 664 783 711 avertis
806 668 973 730 equos?
996 668 1099 715 Non
1121 668 1295 716 conscia
1318 667 1492 728 saltem,

342 741 409 788 Ne
433 740 608 789 videant
626 754 824 808 neptem,
850 742 1017 792 lumina
1039 744 1159 792 nube
1181 745 1328 807 tegis?
1432 751 1447 785 Ι
1649 762 1691 796 30

279 815 352 864 Sic
374 816 455 863 ubi
480 828 520 864 te
541 818 669 882 justae
693 819 911 885 Superum
935 820 1188 868 devovimus
1212 821 1304 878 irae,

343 891 450 940 Visa
471 893 616 941 minor
638 895 795 943 merito
819 907 971 944 nostra
995 895 1172 962 querela
1193 907 1270 943 tuo
1296 907 1375 944 est.

283 967 459 1016 Scilicet
481 968 643 1018 idcirco
665 970 861 1037 populos
883 972 1092 1031 vitamus,
1117 984 1161 1020 et
1181 972 1341 1030 urbes,

344 1044 666 1112 Illecebrasque
689 1047 821 1106 aulae,
845 1048 1143 1115 femineosque
1165 1048 1350 1107 choros;

283 1122 451 1170 Idcirco
473 1122 601 1171 silvas
625 1123 829 1183 colimus;
856 1136 1071 1191 castaeque
1095 1124 1268 1181 Dianae,
1655 1139 1697 1172 35

347 1199 495 1247 Laude
519 1200 761 1265 pudicitiae,
784 1201 986 1267 proxima
1009 1219 1112 1249 cura
1136 1219 1308 1258 sumus,

285 1279 348 1324 Ut
367 1276 561 1343 spolium
583 1279 727 1326 nostri
749 1277 908 1327 referas
931 1277 1092 1326 infame
1114 1276 1334 1343 pudoris?

350 1355 450 1401 Hoc
474 1354 634 1402 meruit
656 1355 816 1414 virtus,
841 1355 927 1403 hoc
951 1374 1075 1404 meus
1095 1354 1171 1421 ‘ille
1195 1353 1351 1416 rigor?

289 1431 415 1480 Talia
438 1433 615 1480 conanti
638 1433 802 1482 meritae
826 1433 911 1481 tibi
935 1432 1077 1481 dicere
1089 1426 1249 1494 ‘lingua

331 1503 517 1566 'Haesit,
542 1520 587 1556 et
606 1508 652 1556 in
675 1509 820 1574 primo
847 1509 1015 1557 destitit
1037 1528 1110 1557 ore
1135 1525 1284 1556 sonus.
1655 1520 1699 1566 4⁰

288 1585 392 1632 Non
416 1583 626 1632 calamum
650 1586 840 1634 excussit
863 1585 1014 1648 digitis
1037 1583 1336 1633 scribentibus
1355 1582 1550 1630 horror?

353 1663 458 1709 Non
482 1680 612 1727 opere
636 1661 682 1709 in
704 1662 851 1710 medio
877 1662 1095 1725 diriguere
1117 1661 1304 1710 manus?

294 1739 396 1787 Non
420 1738 559 1786 subiit
582 1738 733 1787 saltem
755 1740 1033 1788 mandantem
1057 1738 1159 1787 talia
1181 1737 1290 1787 ceris

355 1818 420 1865 Te
443 1817 622 1883 pudor?
643 1818 706 1866 At
730 1837 848 1866 ceras
871 1817 1099 1866 erubuisse
1122 1835 1233 1865 reor.

295 1894 419 1957 Quid
443 1913 603 1960 queror
625 1894 864 1943 extinctum
887 1895 971 1943 tibi
993 1913 1086 1942 non
1108 1892 1276 1941 venisse
1299 1889 1512 1958 pudorem
1530 1890 1549 1937 Ρ
1660 1901 1703 1947 45

359 1971 554 2019 Pessima
576 1971 807 2020 facundam
830 1983 872 2019 te
898 1989 1075 2037 quoque
1097 1989 1225 2018 causa
1246 1968 1350 2016 facit
1368 1987 1379 2016 :

295 2047 598 2114 Exemploque
620 2049 744 2097 Jovis
767 2061 855 2096 tam
880 2047 1134 2096 detestabile
1158 2047 1321 2095 crimen

365 2126 610 2175 Contendis
632 2126 726 2175 fieri
748 2146 899 2193 posse,
918 2146 998 2174 nec
1022 2144 1114 2173 esse
1138 2123 1272 2172 nefas.

299 2203 397 2249 Hoc
420 2203 651 2268 proprium
675 2202 825 2251 sceleri
847 2214 913 2251 est
932 2202 1121 2250 :larvam
1146 2201 1234 2249 sibi
1258 2218 1429 2266 semper
1449 2197 1627 2247 honesti

365 2279 557 2342 Quaerit,
583 2291 626 2327 et
644 2280 728 2328 hoc
752 2279 848 2328 velo
872 2291 1014 2346 coepta
1033 2277 1239 2344 pudenda
1258 2277 1379 2339 tegit.
1664 2288 1705 2320 50

304 2358 493 2405 Invitam
516 2357 613 2414 sed,
640 2357 723 2415 ais,
751 2357 827 2423 qui
850 2357 974 2404 Divis
996 2356 1183 2421 imperat
1204 2355 1334 2420 ipsis,

367 2436 428 2482 Et
449 2434 612 2482 Divum
632 2434 753 2481 Deus
776 2444 861 2491 est,
888 2432 1074 2480 scribere
1095 2431 1223 2497 jussit
1246 2431 1397 2478 Amor.

303 2511 424 2559 Ficta
449 2510 588 2567 canis;
611 2510 815 2558 nocuisse
840 2509 922 2556 tibi
946 2527 1025 2557 sua
1046 2508 1151 2565 tela,
1177 2507 1356 2573 suisque

370 2588 453 2635 Uri
472 2599 514 2635 te
536 2587 719 2635 flammis
741 2587 836 2653 ipse
860 2585 1036 2651 Cupido
1060 2595 1204 2647 negat.

307 2663 466 2729 Stipite
489 2675 532 2712 te
555 2663 730 2728 Stygio,
756 2661 960 2726 sanieque
987 2661 1258 2709 tumentibus
1280 2656 1431 2723 hydris
1556 2703 1559 2705 ,
1667 2668 1709 2702 55

370 2739 583 2798 Perculit,
610 2751 652 2789 et
672 2738 867 2788 stimulat
889 2737 942 2787 de
967 2737 1109 2786 tribus
1132 2755 1221 2785 una
1241 2752 1378 2782 soror.

1873 868 1884 909 i
