1884 3112
357 255 436 306 160

787 259 1135 304 EPISTOLA
1175 261 1294 308 VII.

346 348 436 397 Nec
459 367 553 397 mea
575 367 691 398 nunc
714 350 858 415 primo
882 351 1099 400 feriuntur
1120 364 1300 418 pectora
1320 348 1406 400 telo
1425 371 1436 400 ε

410 423 490 472 Ille
513 423 637 472 locus
660 424 759 472 saevi
781 424 940 474 vulnus
963 427 1141 475 Amoris
1164 427 1310 476 habet.

1687 454 1749 488 ¹9⁰

344 499 475 546 Anna
497 518 641 556 soror,
667 518 794 548 soror
813 500 963 559 Anna,
987 520 1091 550 meae
1113 501 1223 551 m'ale
1248 503 1421 552 conscia
1443 501 1603 570 culpae,'

410 578 509 624 Jam
532 576 657 624 dabis
681 577 728 624 in
751 577 917 626 cineres
942 577 1097 627 ultima
1119 578 1236 627 dona
1255 598 1387 627 meos.

346 652 436 699 Nec
449 688 461 709 ‚
489 664 717 700 consumta
737 653 879 715 rogis,
905 654 1119 702 inscribar
1138 675 1147 702 :
1168 654 1312 703 Elissa
1334 654 1515 702 Sichaei!

410 728 509 775 Hoc
534 739 677 775 tamen
700 728 747 775 in
768 728 927 776 tumuli
949 748 1163 779 marmore
1188 750 1359 779 carmen
1382 731 1493 779 erit:
1543 724 1546 727 ”

346 803 543 851 Praebuit
564 804 726 852 AEneas
750 816 793 852 et
816 824 988 854 causam
1008 807 1164 854 mortis
1188 818 1232 855 et
1253 824 1426 864 ensem;

1690 819 1752 865 ¹9⁵

411 882 515 946 Ipsa
538 899 617 928 sua
641 879 760 928 Dido
785 882 980 930 concidit
1001 902 1081 931 usa
1102 902 1246 931 manu.

347 1021 430 1043 nam
439 1008 502 1043 alia
513 1008 759 1054 significatione
775 1004 927 1054 Solinus,
945 1024 1018 1056 cap.

345 1061 459 1106 primo
474 1061 700 1108 Polyhistoris
709 1089 718 1106 ,
732 1065 887 1106 posuisse
901 1065 1016 1103 sedes,

344 1116 543 1149 instruxisse
558 1117 694 1153 maneb,
710 1126 773 1157 pro
785 1113 943 1147 struxisse
961 1120 1020 1148 aut

347 1163 560 1206 condidisse,
577 1162 669 1197 dixit.
686 1163 820 1198 HEINS.

394 1215 465 1262 ¹93·
480 1216 553 1250 Nec
567 1217 738 1254 inscribar,
757 1216 874 1248 ΕΖΔ-,πα
890 1215 1020 1249 Sae'chaet'.

347 1265 441 1301 Nam
451 1266 489 1300 in
501 1266 642 1300 tumulis
654 1265 842 1300 mulierum
855 1266 1022 1301 inscribe-

347 1318 475 1353 bantur
483 1319 690 1353 maritorum
700 1318 855 1352 nomina.
863 1318 920 1353 Sic
929 1317 1020 1364 apud

347 1369 478 1405 Lucan.
493 1381 523 1405 11
536 1397 546 1414 ,
564 1371 628 1415 343
642 1383 650 1405 ε

477 1431 568 1456 Liceat
579 1431 681 1457 tumulo
693 1430 825 1464 scripsisse
838 1439 845 1456 :
859 1431 984 1456 cxi-orus

348 1480 479 1505 Mancu-

394 1530 465 1576 ¹94·
504 1529 644 1562 Tumult‘.
676 1526 797 1562 Codex
824 1527 1023 1562 chartaceus

351 1579 432 1614 Car.
442 1580 608 1621 Struma,
624 1581 723 1612 tituli.
741 1579 873 1611 Titulus
885 1584 937 1611 est
950 1577 1024 1611 ins-

348 1632 480 1677 criptio.
503 1631 584 1666 Am.
601 1641 651 1674 11,
670 1641 724 1664 ΧΠ
737 1656 746 1673 ,
769 1631 833 1663 25:

347 1689 480 1722 Adjiciam
491 1689 598 1713 titulum
609 1692 709 1712 servata
722 1687 793 1712 Naso
804 1686 923 1711 Corinna.
933 1686 971 1710 H.

349 1737 420 1772 Sed
429 1737 554 1772 rectius
567 1749 711 1771 marmor
717 1737 839 1769 tumuli
848 1734 913 1768 dici
922 1739 1005 1779 puto
1014 1744 1023 1767 ε

348 1802 458 1835 quum
465 1790 582 1823 titulus
592 1790 762 1822 marmon's
776 1786 899 1831 potius,
917 1797 1022 1830 quam

348 1844 443 1876 tituli
461 1852 605 1874 marmor
632 1838 819 1873 dicendum
847 1844 955 1880 esset,
986 1844 1022 1871 et

351 1891 487 1938 Virgilii
511 1891 604 1926 locus
637 1891 678 1924 ab
707 1889 777 1924 aliis
807 1888 994 1935 productus
1010 1914 1019 1932 ,

348 1945 472 1978 tumulo
483 1943 696 1987 superaddite
706 1953 839 1975 carmen
846 1967 854 1981 ‚
867 1939 945 1974 satis
956 1939 1023 1974 hoc

349 1995 476 2030 evincit
499 2007 507 2028 :
531 1993 656 2039 passim
683 2005 767 2027 vero
791 1991 981 2037 permutari
1003 2003 1023 2024 a

348 2047 493 2082 librariis
505 2046 636 2079 titulum
649 2051 684 2079 et
696 2046 853 2078 tumulum
863 2044 1023 2087 frequen-

351 2100 416 2135 tius
432 2098 633 2134 videbimus.

1129 1012 1200 1059 196.
1225 1013 1308 1055 Ipsa
1323 1023 1386 1045 sua
1411 1012 1506 1045 Dido
1525 1011 1676 1045 concidit
1691 1021 1755 1044 usa

1083 1075 1192 1096 manu.
1220 1063 1362 1108 Ignorat
1388 1075 1495 1097 nemo
1525 1068 1635 1096 totam
1664 1061 1755 1097 hanc

1081 1114 1233 1147 fabulam
1241 1140 1250 1158 ,
1261 1115 1315 1148 cui
1332 1114 1467 1149 Ennius
1476 1114 1514 1149 in
1527 1113 1654 1148 Annal.
1663 1125 1755 1159 prae-

1084 1163 1228 1208 luserat,
1249 1177 1268 1199 a
1285 1166 1430 1211 Virgilio
1452 1165 1696 1212 excogitatam,
1719 1172 1755 1200 et

1084 1222 1204 1249 contra
1219 1215 1326 1251 fidem
1346 1217 1514 1261 historin,
1532 1223 1605 1252 arte
1617 1217 1706 1251 mira
1720 1223 1756 1251 et

1085 1265 1128 1299 ad
1143 1267 1328 1302 maximam
1345 1269 1514 1304 Romanae
1528 1267 1755 1304 poeseoslau-

1086 1317 1167 1352 dem
1179 1345 1189 1362 ‚
1216 1320 1253 1354 in
1277 1333 1418 1354 carmen
1445 1332 1548 1355 suum
1577 1319 1755 1355 inductam

1085 1371 1198 1406 fuisse.
1213 1371 1353 1406 Servius
1365 1371 1406 1406 ad
1416 1382 1430 1405 1
1443 1370 1755 1407 AEneidoszaDido

1086 1424 1230 1458 nomine
1247 1425 1366 1458 Elissa
1383 1430 1484 1458 antea
1500 1422 1590 1458 dicta
1605 1429 1657 1458 est
1673 1422 1756 1458 :sed

1086 1482 1163 1520 post
1178 1475 1371 1519 interitum,
1385 1488 1404 1510 a
1413 1475 1531 1510 Poenis
1537 1476 1630 1510 Dido
1639 1474 1758 1520 appel-

1086 1525 1153 1559 lata
1163 1551 1172 1568 ,
1183 1525 1219 1558 id
1235 1532 1305 1568 est,
1332 1530 1463 1570 virago,
1481 1526 1606 1571 punica
1619 1525 1736 1572 lingua
1746 1553 1757 1570 ‚

1087 1577 1180 1621 quod
1196 1589 1306 1621 quum
1321 1590 1339 1611 a
1352 1577 1420 1611 suis
1435 1577 1564 1612 civibus
1577 1585 1759 1623 cogeretur

1086 1627 1224 1662 cuidam
1251 1627 1294 1662 de
1318 1628 1420 1662 Afris.
1438 1628 1575 1673 regibus
1598 1629 1757 1672 (Iarbae)

1086 1679 1218 1713 nubere
1230 1705 1240 1723 ,
1265 1685 1299 1713 et
1314 1679 1437 1724 prioris
1452 1679 1568 1713 mariti
1579 1691 1697 1714 amore
1710 1685 1760 1714 te-

1086 1736 1242 1774 neretur,
1259 1730 1339 1764 sorti
1351 1743 1387 1765 se
1399 1730 1516 1764 animo
1524 1730 1737 1765 interfecerit
1747 1756 1757 1773 ‚

1086 1789 1122 1817 et
1149 1782 1186 1815 in
1200 1793 1333 1828 ‚pyram
1363 1781 1522 1827 injecerit
1533 1807 1544 1825 ‚
1567 1793 1673 1826 quam
1700 1793 1737 1816 se
1747 1807 1758 1825 ,

1087 1833 1130 1868 ad
1147 1831 1330 1879 expiandos
1352 1833 1474 1878 prioris
1489 1832 1604 1866 mariti
1618 1844 1758 1876 manes,

1087 1884 1298 1928 exstruxisse,
1310 1883 1471 1930 fingebat.
1481 1898 1498 1914 »
1510 1883 1633 1918 Fusius
1648 1883 1760 1918 Justi-

1087 1950 1165 1980 nus,
1179 1936 1235 1970 lib.
1247 1946 1353 1979 xv111,
1364 1948 1435 1981 cap.
1446 1937 1475 1969 5.
1489 1935 1607 1970 Exstat
1616 1947 1656 1969 ea
1665 1934 1708 1969 de
1719 1947 1759 1969 re

1086 1987 1313 2033 inAntholog.
1325 1986 1435 2022 Graee.
1443 1997 1495 2031 lv,
1505 2000 1538 2035 9,
1547 1986 1760 2032 epigramma

1086 2039 1334 2086 lepidissimum
1342 2064 1352 2082 ,
1369 2037 1480 2083 quod,
1495 2038 1557 2073 etsi
1570 2037 1672 2083 paulo
1680 2037 1761 2072 lon-

1088 2092 1161 2138 gius
1171 2118 1180 2136 ,
1197 2091 1317 2126 lectori
1330 2102 1418 2136 aegre
1433 2089 1658 2126 invideamus.

753 2194 852 2234 ἘΙΣ
888 2187 1102 2232 ’mmm
1139 2179 1343 2230 ΔῐΔοῦΣ.

513 2258 713 2317 Ᾰρχέτυπον
742 2263 864 2305 Διδοῦς
894 2261 1091 2314 ἐρικυδέος,
1121 2256 1147 2295 ὦ
1168 2260 1260 2308 ξένε,
1289 2259 1441 2302 λεύσσεις
1458 2285 1470 2307 ‚

567 2326 692 2363 Εἰκόνα
708 2351 720 2372 ,
749 2327 919 2361 θεσπὶσεω
940 2322 1054 2358 κάλλεί
1071 2321 1304 2370 λαμπομένην.

511 2390 595 2427 Τοὶη
622 2386 680 2422 καὶ
695 2384 853 2436 γενόμην·
881 2376 951 2419 ἀλλ
979 2384 1017 2419 οὐ
1038 2381 1112 2417 νόον
1133 2379 1201 2417 οἷον
1223 2381 1383 2427 ἀκούεις,

566 2445 718 2497 Αἰσχρὸν
740 2437 790 2481 ἐπ’
816 2445 974 2515 εὐφήμοις
994 2441 1093 2490 δόξαν
1110 2441 1325 2491 ἐνεγκαμένη.

512 2506 602 2543 Οὐδὲ
620 2506 687 2556 ’γὰρ
708 2506 843 2542 Αἰνείαν
863 2494 938 2540 πότ
963 2501 1142 2552 ἐσέδρακον
1155 2527 1168 2548 ‚
1193 2500 1271 2537 οὐδὲ
1301 2499 1456 2551 χρόνοισι

564 2568 687 2616 Τροίης
708 2564 917 2615 περθομένης
940 2562 1060 2602 ηλυθον
1087 2562 1119 2603 ἐς
1149 2560 1294 2600 Λιὸύην·

515 2617 605 2661 Ᾰλλὰ
628 2624 707 2674 βίας
738 2625 910 2673 φεύγουσα
934 2621 1100 2672 Ιαρόαἱων
1125 2620 1294 2669 ὑμεναίων
1311 2645 1324 2666 ,

568 2690 665 2733 Πῆξα
685 2684 772 2727 κατὰ
792 2683 929 2734 κραδίης
947 2683 1116 2731 φάσγανον
1135 2681 1338 2729 ἀμφίτομον.

514 2745 666 2795 Πιερίδες
679 2771 691 2791 ‚
711 2747 745 2781 τί
765 2758 823 2793 μοι
847 2742 948 2793 ἁγνόν
975 2741 1230 2791 ἐφωπλίσσασθε
1249 2740 1422 2789 Μάρωνα;

565 2808 652 2842 Τοῖα
674 2796 745 2839 καθ’
770 2804 931 2853 ἡμετέρης
949 2800 1101 2848 ψεύσαιτο
1119 2801 1343 2849 σωφροσύνης.
