1884 3112
309 295 395 351 248

735 290 1098 363 'EptsToLA
1132 294 1277 349 xiv.

305 390 414 437 Esse
438 408 553 439 ream
576 402 773 456 praestat,
800 411 931 457 quam
953 393 1016 442 sic
1037 393 1252 460 placuisse
1275 398 1475 462 parenti;

369 467 474 514 Non
497 467 621 532 piget
639 467 854 517 immunes
879 468 1006 518 caedis
1028 470 1189 521 habere
1213 465 1382 522 manus.

305 542 382 590 Me
405 553 531 607 pater
552 542 653 604 igne
677 542 797 602 licet,
824 564 954 611 quem
976 566 1068 595 non
1091 549 1368 609 violavimus,
1393 563 1516 610 urat;

370 617 569 684 Quaeque
593 618 773 667 aderant
796 621 948 679 sacris,
976 623 1127 672 tendat
1144 625 1189 673 in
1216 645 1293 674 ora
1316 625 1459 684 faces3
1682 652 1721 678 ιο

303 694 397 742 Aut
419 693 498 742 illo
518 693 710 759 jugulet,
737 714 867 761 quem
889 716 982 746 non
1003 699 1115 749 hene
1140 702 1344 763 tradidit,
1371 722 1493 762 ense;

371 771 458 827 Ut,
487 790 572 836 qua
594 790 686 819 non
711 773 867 821 cecidit
888 775 955 822 vir
976 795 1100 834 nece,
1125 790 1264 843 nupta
1287 778 1437 827 cadam
1456 796 1467 824 :

240 857 251 859 “
305 848 409 895 Non
434 858 602 906 tamen,
627 861 679 896 ut
701 849 849 898 dicant
871 852 1122 911 morientia,
1141 855 1339 911 Poem'let,
1366 875 1461 915 ora,

368 923 542 972 Efficiet
561 945 572 973 :
591 945 682 974 non
702 946 768 984 es,
796 948 926 994 quam
949 929 1072 995 piget
1097 949 1189 978 esse
1211 931 1343 996 piam.
1383 985 1386 990 ἦ

303 1000 519 1048 Poeniteat
542 1001 715 1050 sceleris
738 1004 960 1063 Danaum,
987 1023 1206 1070 saevasque
1230 1024 1402 1055 sorores
1423 1026 1435 1054 :
1682 1021 1720 1056 ιε

370 1077 454 1124 Hie
478 1077 592 1126 solet
614 1090 794 1126 eventus
813 1079 925 1128 facta
949 1080 1136 1129 nefanda
1159 1082 1296 1147 sequi.

306 1154 397 1201 Cor
419 1166 548 1219 pavet
568 1154 796 1204 admonitu
821 1168 1036 1205 temeratae
1058 1157 1269 1220 sanguine
1293 1159 1463 1218 noctis;

368 1231 428 1277 Et
451 1231 625 1280 subitus
650 1232 808 1281 dextrae
829 1233 1041 1300 praepedit
1063 1252 1162 1281 orsa
1183 1245 1362 1282 tremor.

343 1402 370 1433 7.
385 1389 473 1421 Esse
485 1401 573 1422 ream
581 1393 734 1432 praeslal.
751 1388 803 1423 Ex
819 1388 973 1436 AEschyli

302 1440 481 1474 Prometh.
503 1439 589 1483 866,
613 1440 877 1476 adumbratum:
904 1472 908 1479 ,
929 1474 933 1480 ⁴

482 1497 569 1527 Δυοῖν
589 1497 618 1527 δέ
642 1494 757 1543 θάτερον
773 1497 952 1537 βουλήσεται
966 1517 976 1536 ,

302 1545 408 1578 Κλιῖειν
421 1545 541 1581 ἄναλκις
551 1549 663 1588 μᾶλλον
677 1571 686 1588 ,
708 1546 723 1585 ἢ
746 1550 912 1591 μιαίφονος.
934 1545 976 1578 Β.

344 1608 375 1641 9.
406 1597 465 1629 Me
482 1600 585 1639 paler
600 1600 675 1641 igne
697 1604 759 1631 etc.
789 1598 898 1631 Hunc
922 1597 977 1630 lo-

300 1660 381 1680 cum
398 1647 533 1692 longius
549 1648 690 1693 quidam
713 1649 871 1683 referunt
885 1675 894 1692 ‚
916 1649 975 1682 vi·-

299 1697 440 1742 delicet,
458 1706 497 1733 ut
519 1699 562 1733 de
590 1712 632 1733 eo
658 1701 736 1745 igne
762 1700 944 1745 accipiatur
962 1725 972 1744 ,

300 1763 406 1794 quem
436 1763 527 1784 nova
554 1758 664 1796 nupta
691 1761 771 1786 cuni
795 1764 883 1796 aqua
897 1777 905 1794 ,
934 1764 975 1785 ex

300 1814 399 1835 more
416 1803 584 1847 nuptiali,
602 1810 743 1849 tangere
760 1803 890 1838 solebat
905 1816 912 1837 :
930 1802 973 1837 de

300 1866 367 1897 qua
379 1867 418 1887 re
434 1854 638 1889 Plutarchus
651 1855 688 1888 in
699 1854 974 1889 problematibus

300 1905 472 1939 meminit.
485 1905 556 1939 Sed
568 1919 632 1951 ego
644 1906 717 1940 haec
726 1918 799 1940 non
813 1906 859 1940 ita
875 1906 973 1941 anxie

299 1957 532 2002 perquirenda
568 1957 724 1991 existimo
746 1971 755 1999 3
786 1958 972 2003 ignemque

299 2009 492 2054 nuptialem
510 2009 710 2054 simpliciter
732 2010 888 2055 intelligo
904 2036 914 2053 ,
934 2016 974 2044 ut

298 2062 367 2094 sint
376 2065 569 2110 πκρα>.λήλως
579 2060 669 2095 dicta
681 2087 691 2105 ,
708 2064 796 2105 t‘gmk
806 2068 841 2095 et
845 2061 950 2105 faces
959 2087 969 2102 ,

300 2112 343 2146 de
361 2113 482 2157 quibus
496 2113 532 2145 in
546 2113 704 2157 sequenti
720 2125 822 2148 versu
837 2113 972 2148 dicitur.

303 2164 394 2209 Quae
404 2164 513 2208 figura
523 2164 631 2209 poetis
640 2165 907 2200 familiarissima.
918 2166 970 2210 NI.

345 2216 397 2250 13.
414 2216 462 2248 Ut
470 2218 587 2249 dicant
593 2220 768 2251 morienna
778 2244 786 2257 ,
805 2220 970 2259 Poenllet,

297 2279 367 2301 ora.
394 2267 467 2311 Qui
485 2280 503 2301 e
516 2268 641 2302 nostris
658 2276 758 2313 pocta
777 2281 971 2314 argumen-

298 2325 377 2352 tum
387 2319 454 2353 hoc
466 2332 547 2354 vere
567 2321 749 2366 tragicum,
761 2321 853 2355 haud
865 2321 971 2356 invita

297 2373 524 2417 Melpomene
535 2399 545 2416 ,
561 2373 718 2407 tractavit
731 2375 744 2417 (
754 2375 802 2407 Le
811 2375 932 2408 sth'erre
941 2374 968 2417 ),

297 2423 615 2471 Hypermnestram
625 2424 759 2460 inducit
770 2425 832 2470 ipsi
845 2425 969 2459 Danao

294 2476 566 2520 respondentem
581 2489 589 2511 :

295 2537 357 2561 Mei
364 2537 374 2560 !
385 2537 574 2569 me'riterqu’un
577 2539 648 2569 jour,
654 2545 715 2561 avec
723 2545 776 2562 mex
781 2545 858 2562 soeurx
864 2535 970 2561 cruelles

294 2587 424 2612 L'univers
430 2596 472 2611 mo
483 2588 611 2622 consbnda
616 2597 647 2613 en
654 2597 698 2612 son
706 2587 815 2613 horraeur
815 2596 887 2621 pour
893 2586 951 2612 elles
962 2598 971 2619 3

296 2639 334 2663 Et
344 2639 507 2664 maudissant
518 2648 580 2663 mon
589 2647 649 2664 nom
657 2648 714 2664 sam
722 2648 789 2665 cesse
796 2647 857 2664 aoec
868 2639 893 2663 le
904 2639 971 2673 leur,

295 2690 359 2715 Dise
379 2702 386 2714 .-
404 2693 612 2724 Hyper-mnatre
633 2689 694 2717 att-2·-
701 2693 760 2728 [σι-ε
782 2701 800 2716 a
819 2692 908 2717 souille'
925 2701 969 2717 son

377 2741 511 2767 malla-ur:

293 2792 348 2817 Par
360 2801 394 2817 un
406 2791 484 2818 ldclze
496 2800 583 2819 retour
594 2794 642 2820 ello
655 2796 711 2820 s’aezst
724 2796 870 2827 amentio,-

1036 1397 1096 1424 Ella
1108 1406 1126 1424 a
1139 1397 1214 1424 sauod
1227 1397 1333 1431 Lym-de
1342 1416 1354 1431 ,
1376 1388 1404 1424 ἐκ
1413 1400 1465 1424 s’en
1478 1404 1518 1424 ese
1527 1397 1645 1433 repense
1656 1399 1668 1425 1

1078 1483 1082 1486 Ι
1197 1475 1201 1480 ἢ
1380 1446 1464 1479 (Act.
1486 1454 1536 1479 iv,
1559 1448 1601 1473 Se.
1614 1447 1666 1480 a.)

1087 1496 1135 1539 14.
1147 1497 1222 1530 Non
1233 1509 1271 1530 es
1281 1523 1291 1538 ,
1309 1509 1406 1541 quam
1415 1499 1513 1540 piget
1521 1509 1597 1530 esse
1606 1499 1716 1541 piam.

1042 1545 1200 1592 Elliptice
1221 1547 1464 1594 et‘eleganter.‘
1480 1547 1519 1583 Si
1538 1560 1658 1583 sensus
1673 1546 1718 1582 ad

1041 1598 1223 1645 Lynceum
1229 1601 1401 1634 referatur
1412 1600 1456 1634 :is
1467 1613 1502 1635 es
1509 1613 1606 1643 sane,
1617 1600 1718 1645 cujus

1038 1649 1075 1682 in
1085 1651 1229 1695 gratiam
1237 1664 1310 1685 non
1317 1664 1374 1685 me
1382 1651 1497 1696 pigeat
1504 1652 1604 1686 fuisse
1612 1652 1716 1697 piam.

1039 1701 1172 1736 sivero
1189 1702 1231 1736 ad
1253 1703 1588 1749 Hypermnestram‚
1605 1703 1716 1748 ipsam

1036 1766 1072 1788 se
1090 1754 1325 1799 alloquentem
1334 1768 1342 1789 :
1350 1757 1426 1790 Non
1432 1768 1530 1799 esea,
1542 1768 1640 1800 quam
1650 1763 1715 1790 etc.

1037 1804 1110 1839 Sed
1120 1806 1331 1841 ambitiosius
1342 1806 1448 1841 credo
1459 1832 1469 1850 ‚
1495 1819 1602 1852 quam
1619 1806 1723 1852 quod⁴

1038 1855 1215 1892 dicentem
1234 1857 1365 1892 deceat.

1083 1908 1132 1942 16.
1151 1910 1221 1943 Hic
1231 1911 1320 1943 solet
1334 1913 1470 1955 eventus
1490 1915 1554 1944 etc.
1578 1908 1716 1944 Scilicet

1031 1960 1325 2004 poemrendilocus
1338 1986 1348 2004 ‚
1367 1967 1402 1995 et
1414 1973 1513 1995 causa
1528 1986 1538 2004 ‚
1560 1972 1637 2005 quoe
1653 1973 1717 1995 no-

1027 2011 1144 2055 sanda
1154 2012 1231 2046 licet
1241 2025 1314 2046 non
1325 2025 1462 2058 semper
1469 2019 1646 2057 sequatur,
1655 2025 1716 2047 se·-

1035 2067 1217 2108 quitamen
1227 2063 1343 2107 debet,
1352 2070 1390 2098 et
1396 2066 1486 2099 solet
1495 2064 1714 2109 plerumquev

1082 2128 1094 2148 1
1102 2129 1131 2159 7.
1146 2116 1338 2149 Admonitu.
1351 2114 1471 2150 Codex
1481 2116 1505 2150 J
1508 2115 1594 2159 unii,
1609 2119 1710 2150 atto-

1034 2169 1106 2199 nitu
1116 2193 1124 2206 ,
1147 2173 1186 2200 ut
1196 2179 1269 2211 sup.
1285 2167 1393 2212 Epist.
1418 2177 1458 2201 lx
1471 2193 1481 2211 ,
1510 2167 1582 2201 135.
1609 2166 1711 2202 Idem

1036 2217 1143 2251 codex
1153 2243 1163 2261 ‚
1190 2219 1387 2263 mensfitgit
1403 2222 1560 2254 attondu.

1080 2277 1128 2310 18.
1158 2279 1325 2322 Pru-pedit
1347 2290 1425 2312 orsa
1457 2283 1584 2313 tremor.
1618 2279 1709 2312 Ossa

1031 2329 1141 2363 nostri
1170 2337 1378 2364 constanter.
1408 2330 1602 2376 Naugerius
1629 2342 1706 2364 orsa

1033 2381 1129 2415 malit
1156 2395 1196 2416 ex
1219 2383 1287 2417 suis
1303 2394 1311 2416 :
1327 2381 1422 2427 quod
1447 2388 1482 2416 et
1509 2381 1708 2416 Christiano

1032 2432 1186 2467 Daumio
1198 2447 1233 2468 se
1245 2434 1428 2479 probabat;
1441 2445 1623 2479 perperam
1633 2444 1710 2467 con-

1032 2488 1132 2526 cutit,
1149 2492 1297 2529 quatuor
1310 2485 1398 2520 libri.
1412 2485 1507 2519 Male
1519 2485 1623 2519 etiam
1639 2483 1707 2519 Ge-

1031 2535 1183 2571 bhardus
1195 2545 1342 2571 conatur
1351 2544 1488 2572 mutare
1495 2538 1659 2582 praepedit
1668 2536 1706 2570 in

1025 2591 1187 2632 precipit.
1195 2588 1252 2623 Sic
1259 2595 1294 2623 et
1302 2588 1413 2623 Plaut.
1424 2588 1601 2632 Casinam,
1610 2589 1644 2631 5,
1654 2600 1706 2633 27:

1036 2641 1318 2683 Timorproepedil
1325 2642 1419 2674 dicta
1430 2643 1573 2684 Iinguoe5
1591 2645 1627 2673 et
1641 2638 1683 2673 fin
1696 2651 1705 2674 :

1036 2693 1150 2725 Timor
1156 2693 1319 2735 proepedit
1335 2693 1445 2725 verba.
1465 2691 1598 2725 HEINS.
1607 2708 1652 2716 —
1665 2689 1703 2725 Si

1030 2755 1110 2776 ossa
1121 2756 1155 2776 re
1161 2743 1207 2776 tin
1213 2743 1344 2776 endum
1354 2768 1364 2785 ,
1375 2741 1597 2787 intelligenda
1608 2747 1703 2776 certe

1030 2793 1217 2839 digitorum
1245 2807 1317 2829 ossa
1341 2800 1375 2828 et
1393 2792 1523 2828 articuli
1540 2818 1550 2836 ,
1580 2793 1703 2838 quibus
