1884 3112
310 278 396 323 290

743 263 1099 308 EPISTOLA
1133 266 1278 310 XVI.

370 353 554 402 Texitur
579 365 624 402 et
647 354 781 401 costis
804 354 949 420 panda
972 355 1117 403 carina
1140 356 1244 405 suis.

1659 386 1719 410 110

310 432 527 480 Addimus
552 444 784 490 antennas,
811 443 854 480 et
875 431 969 480 vela
992 433 1217 498 sequentia
1237 431 1401 482 malos:

370 508 546 574 Accipit
569 519 613 556 et
635 508 780 574 pictos
804 509 968 574 puppis
994 509 1160 559 adunca
1184 511 1317 558 Deos.

310 587 411 650 Qua
436 597 580 633 tamen
605 585 698 651 ipse
717 585 873 643 vehor,
900 585 1106 634 comitata
1129 586 1347 652 Cupidine
1369 604 1526 652 parve,

372 663 573 728 Sponsor
596 661 792 725 conjugii
817 672 903 709 stat
927 662 1021 711 Dea
1043 663 1161 729 picta
1182 664 1263 711 sui.

262 752 265 755 ·
303 738 516 804 Imposita
539 750 605 785 est
626 737 749 785 factae
771 749 1008 804 postquam
1032 759 1187 787 manus
1210 739 1364 787 ultima
1387 738 1537 799 classi,

1649 755 1711 790 115

367 814 579 861 Protinus
605 812 766 875 AEgaeis
789 813 851 861 ire
870 814 1059 879 jubebar
1081 816 1231 881 aquis;

303 890 362 936 Et
384 900 509 955 pater
532 900 575 936 et
600 889 789 950 genitrix
812 889 1017 938 inhibent
1039 909 1134 938 mea
1156 902 1259 939 vota
1281 890 1502 952 rogando,

370 965 745 1031 Propositumque
768 965 846 1013 viae
867 982 972 1015 voce
996 978 1227 1015 morantur
1248 967 1343 1015 iter.

299 1043 358 1089 Et
376 1060 504 1089 soror
525 1040 699 1098 effusis,
725 1052 777 1088 ut
800 1053 912 1100 crat,
941 1042 1186 1091 Cassandra
1207 1041 1399 1108 capillis,

365 1118 518 1181 Quum
540 1116 703 1165 vellent
724 1129 888 1166 nostrae
907 1118 995 1182 jam
1014 1119 1114 1167 dare
1135 1118 1230 1167 vela
1248 1130 1390 1167 rates:

1650 1147 1710 1170 120

298 1195 403 1258 Quo
427 1194 548 1242 ruis?
570 1193 799 1252 exclamat;
825 1194 983 1244 referes
1007 1194 1210 1243 incendia
1232 1206 1377 1243 tecum
1397 1214 1408 1243 :

366 1271 544 1334 Quanta
566 1290 646 1337 per
667 1271 770 1328 has,
795 1271 959 1330 nescis,
984 1272 1155 1320 flamma
1177 1283 1355 1337 petatur
1375 1290 1522 1338 aquas.

301 1349 417 1396 Vera
432 1347 526 1395 ,fuit
549 1359 688 1406 vates3
713 1347 855 1394 dictos
875 1347 1121 1395 invenimus
1143 1347 1266 1410 ignes
1285 1367 1296 1395 :

363 1426 425 1472 Et
447 1424 565 1473 ferus
589 1424 636 1471 in
653 1422 777 1471 molli
799 1435 977 1489 pectore
1001 1423 1154 1485 flagrat
1177 1443 1310 1471 amor.

349 1578 363 1598 1
373 1578 384 1598 1
395 1578 421 1598 1.
460 1566 544 1599 Vela
567 1567 739 1609 sequentia
764 1565 880 1598 malos.
917 1556 973 1598 De

299 1615 396 1650 malis
412 1614 610 1661 pendentia.

346 1682 359 1702 1
369 1667 416 1701 13.
431 1668 506 1710 Qua
516 1671 626 1701 tamen
635 1670 707 1711 lpse
719 1668 827 1702 vehor.
839 1666 892 1700 lta
902 1666 973 1711 qui-

299 1719 381 1753 dem
390 1718 493 1763 vulgo
508 1718 652 1764 legitur:
664 1730 727 1763 ego
742 1715 825 1752 vero
839 1718 970 1762 malim,

303 1773 379 1813 Qua
410 1774 490 1804 lunc
512 1772 584 1813 lpse
614 1771 719 1803 vehor
728 1781 741 1812 ;
767 1769 849 1813 quid
876 1769 971 1803 enirn

298 1821 399 1856 {aciat
421 1821 487 1855 hoc
511 1821 586 1855 loco
612 1819 821 1854 adversativa
849 1824 972 1855 lamen.

301 1874 439 1907 Mrem..
463 1872 558 1908 Nihil
581 1879 677 1906 muta
692 1885 700 1907 ε
715 1871 855 1917 reliquae
869 1885 973 1919 naves

299 1938 377 1959 suos
406 1937 551 1970 quaeque
575 1924 669 1959 Deos
693 1925 863 1970 accipiunt
880 1939 888 1966 ;
913 1923 974 1959 sed

300 1989 380 2011 mea
402 1976 583 2010 Venerem
605 1983 641 2010 et
664 1975 885 2022 Cupidinem.
911 1975 974 2011 Est

300 2040 384 2074 ergo
396 2031 508 2061 tamen
522 2040 586 2073 pro
601 2030 666 2062 sed
679 2028 829 2073 positum
841 2042 849 2070 ;
866 2035 901 2062 et
915 2041 975 2062 ex-

301 2079 382 2124 cipit
396 2080 495 2113 suam
509 2091 634 2113 navem
649 2093 668 2114 a
680 2080 828 2125 reliquis.
845 2079 973 2114 BURM.

348 2144 362 2165 1
371 2132 419 2174 14.
435 2131 580 2174 Sponsor
591 2132 741 2176 conjugii
750 2134 811 2166 sui.
828 2131 974 2165 Senten-

302 2183 350 2217 tia
367 2188 417 2216 est
431 2195 439 2216 :
456 2181 531 2216 Dea
545 2208 554 2225 ‚
573 2195 649 2227 quae
666 2182 751 2216 mihi
773 2182 974 2228 conjugium

304 2242 404 2269 tuum
415 2233 617 2279 spopondit,
629 2241 694 2268 stat
703 2235 790 2279 picta
805 2230 886 2268 cuin
900 2232 976 2267 Cu-

304 2284 419 2332 pidine
435 2298 540 2330 parvo
555 2297 563 2319 :
579 2298 615 2320 ac
630 2292 713 2319 nota
729 2298 916 2329 sponsorem
929 2286 975 2320 se-

306 2337 440 2371 minino
468 2349 593 2382 genere
618 2337 701 2381 poni
734 2337 776 2371 de
806 2338 945 2371 Venere
963 2362 973 2380 ,

307 2386 602 2433 quemadmodum
617 2401 647 2422 v.
664 2389 752 2422 Fast.
769 2403 827 2436 ¹92
838 2415 848 2432 ,
865 2388 907 2423 de
924 2401 976 2423 ea.-

306 2439 388 2474 dem
400 2439 478 2474 Dea
493 2439 586 2473 idem
602 2440 710 2474 Poe‘ta
727 2439 830 2475 dixit:

340 2495 452 2528 Optima
464 2500 493 2518 tu
505 2494 601 2527 proprii
614 2494 724 2519 nominis
735 2501 828 2520 auctor
835 2495 895 2520 eris.
917 2495 958 2520 Μ.

305 2543 431 2583 -Τιιί,
445 2542 645 2588 Naugerius.
662 2542 732 2577 Sed
746 2543 831 2577 nihil
844 2549 975 2577 temere

307 2602 405 2628 muto
427 2606 436 2629 :
456 2607 548 2628 suum
570 2594 777 2639 conjugium,
801 2594 893 2639 quod
920 2594 975 2628 illa

306 2647 463 2689 (Venus)
480 2645 692 2690 promiserat.
705 2646 836 2680 HEINS.
847 2664 890 2671 -
904 2647 975 2679 Co—

307 2701 426 2730 mitola
452 2710 535 2730 vero
565 2698 725 2741 Cupidine
741 2710 843 2741 parvo
871 2698 975 2731 etiam

309 2748 455 2782 occurrit
476 2749 530 2782 lih.
546 2759 575 2782 11
589 2775 597 2792 ‚
617 2749 745 2784 Fastor.
761 2749 832 2792 463.
847 2748 974 2782 Btmm.

1084 1577 1098 1597 1
1107 1563 1156 1598 16.
1170 1565 1286 1607 AEgeis
1299 1563 1500 1607 irejubebar
1506 1565 1610 1608 aquh.
1623 1563 1711 1600 Pris-

1039 1626 1087 1649 cae
1099 1615 1267 1650 editiones
1274 1616 1429 1659 J'ubebal.
1443 1615 1562 1651 Scribe
1577 1618 1715 1651 lubebat

1035 1665 1091 1699 vel
1107 1666 1258 1709 juvabat
1272 1679 1282 1700 .·
1304 1679 1387 1700 nam
1412 1666 1485 1701 haec
1509 1666 1580 1701 duo
1606 1666 1712 1702 verba

1036 1729 1124 1762 saepe
1146 1717 1413 1752 confunduntur
1424 1717 1460 1752 in
1478 1717 1572 1752 libris
1592 1725 1711 1757 vetus-

1036 1770 1089 1804 tis.
1117 1770 1251 1804 Hnms.
1271 1770 1346 1815 Ego
1368 1769 1454 1804 nihil
1472 1777 1582 1805 muto.
1597 1772 1709 1805 Jube-

1037 1823 1101 1854 bar
1114 1820 1240 1855 scilicet
1263 1833 1282 1854 a
1304 1822 1428 1855 Venere
1450 1834 1624 1866 sponsore,
1643 1834 1711 1867 qua

1039 1871 1125 1906 duce
1140 1878 1176 1906 et
1192 1872 1325 1917 auspice
1336 1898 1345 1915 ,
1360 1872 1554 1918 ingressum
1566 1885 1602 1907 se
1613 1885 1710 1907 mare

1038 1922 1094 1957 ait.
1108 1925 1258 1957 Jubebat
1268 1930 1342 1957 erat
1356 1923 1393 1957 in
1407 1924 1545 1959 Veneta
1557 1936 1629 1959 una
1642 1924 1711 1959 edi-

1037 1973 1144 2009 tione.
1161 1975 1292 2009 BURM.

1084 2039 1097 2059 1
1107 2026 1154 2060 18.
1167 2027 1374 2070 Propositum
1386 2029 1448 2060 vzioe
1459 2030 1532 2061 iler-
1549 2026 1710 2062 Pleonas·

1037 2089 1115 2111 mus
1132 2089 1140 2112 ε
1161 2090 1247 2111 nam
1262 2077 1341 2112 satis
1352 2078 1466 2112 suerat
1478 2077 1594 2113 dicere
1607 2104 1616 2122 ,
1628 2091 1711 2123 pro-

1032 2132 1179 2172 positum
1201 2128 1434 2163 tYer.‹·M1cY1..
1458 2126 1615 2174 Repone'
1627 2143 1709 2165 meo

1037 2179 1189 2224 periculo
1201 2206 1211 2223 ‚
1220 2183 1283 2224 pia
1297 2193 1384 2214 voce.
1403 2180 1451 2214 H.
1472 2177 1710 2218 Periculosius,

1085 2245 1098 2265 1
1107 2245 1155 2278 19·
1169 2233 1220 2265 Et
1225 2244 1320 2266 soror
1326 2231 1464 2276 effusis,
1476 2237 1515 2267 ut
1523 2238 1610 2275 erat,
1625 2236 1712 2269 Cas-

1037 2285 1162 2317 sandra
1183 2286 1318 2327 capillis
1339 2291 1403 2319 etc.
1431 2284 1486 2320 De
1519 2283 1711 2320 Cassandra

1038 2335 1117 2370 satis
1132 2348 1303 2380 superque
1313 2362 1322 2379 ,
1338 2336 1570 2381 superioribus
1583 2337 1691 2382 Epist.

1086 2399 1157 2421 120.
1177 2389 1256 2422 Cum
1270 2390 1398 2422 vellent
1411 2393 1531 2422 nostra·
1536 2388 1616 2434 jam
1628 2390 1708 2422 dam

1039 2440 1117 2472 vela
1137 2443 1237 2473 rates.
1258 2438 1348 2473 Illud
1371 2443 1490 2473 nostroe
1516 2439 1618 2486 friget
1641 2439 1709 2474 hoe

1038 2489 1123 2524 loco.
1136 2490 1277 2525 Rectius
1291 2490 1426 2536 legatur
1434 2504 1591 2535 propere.
1602 2490 1689 2525 Vel:

1070 2545 1160 2576 Quum
1171 2545 1264 2570 vellem
1274 2551 1367 2570 nosti-m
1379 2546 1431 2578 jam
1443 2545 1504 2570 dne
1515 2546 1572 2571 vela
1583 2544 1640 2570 nti.
1654 2545 1691 2570 H.

1086 2594 1157 2627 123.
1181 2595 1304 2628 Dictos
1325 2595 1429 2638 Ignes.
1450 2595 1572 2629 Dictos
1579 2619 1590 2637 ,
1607 2593 1644 2627 id
1659 2600 1711 2628 est

1039 2643 1220 2690 praedictos
1235 2658 1255 2679 a
1271 2652 1358 2680 vate.

1086 2698 1156 2739 124.
1168 2696 1325 2741 Etsems.
1337 2697 1427 2732 Puto
1438 2722 1448 2741 ,
1457 2696 1622 2742 ensems5
1632 2696 1685 2732 vel
1697 2723 1706 2741 ,

1038 2749 1171 2793 efferus.
1189 2749 1320 2784 Hnms.
