1884 3112
631 262 819 307 HERO
855 259 1199 308 LEANDRO.

1537 261 1624 324 347

195 354 292 409 Aut
311 371 430 404 mare
453 354 732 422 prospiciens
744 393 757 414 ‚
782 355 942 405 odioso
963 356 1138 405 concita
1153 365 1289 405 vento

264 432 475 500 Corripio
494 432 642 481 verbis
665 452 845 500 aequora
863 452 990 500 paene
1011 434 1126 483 tuis:

106 514 120 521 ⁸
154 499 157 516 θ
196 510 294 561 Aut
314 510 395 559 ubi
419 510 593 560 saevitl'ae
614 510 798 578 paulum
824 512 969 574 gravis
992 511 1114 561 unda
1136 513 1335 571 remisit‚'

262 588 402 637 Posse
426 587 626 655 quidem,
650 587 728 636 sed
747 600 790 637 te
814 587 934 638 nolle
957 590 1128 648 venire,
1155 603 1338 657 querum

197 663 409 732 Dumque
433 684 614 732 queror,
638 665 828 715 lacrimae
848 686 930 733 per
953 668 1144 716 amantia
1160 667 1330 718 lumina
1349 679 1550 729 manant,
1588 684 1631 718 25

259 741 434 791 Pollice
459 761 569 809 quas
593 742 782 791 tremulo
807 744 986 794 conscia
1010 745 1146 794 siccat
1168 765 1292 795 anus·

196 819 322 888 Saepe
341 820 410 869 tui
433 831 586 887 specto
612 821 651 868 si
674 821 766 869 sint
787 821 836 869 in
859 820 1199 889 litore'passus;

259 890 497 966 Impositas
521 909 732 965 tanquam
754 911 899 948 servet
922 919 1053 949 arena
1074 912 1218 950 notas.

194 975 347 1044 thue
369 995 524 1040 rogem
546 975 601 1025 de
626 987 692 1036 te,
716 989 761 1026 et
784 978 975 1027 scribam
995 978 1078 1027 tibi
1093 1016 1105 1037 ‚
1131 979 1168 1027 si
1192 978 1293 1046 quis
1316 979 1482 1047 Abydo

258 1053 466 1111 Venerit,
492 1065 587 1113 aut,
614 1074 786 1122 quaero,
811 1055 849 1103 si
875 1055 976 1122 quis
1000 1055 1198 1122 Abydon
1221 1067 1303 1104 eat.
1587 1073 1631 1106 3ο

195 1130 323 1196 Quid
343 1131 554 1189 reseram,
579 1131 756 1198 quoties
781 1132 881 1181 dem
901 1132 1101 1182 vestibus
1126 1131 1304 1192 oscula,
1332 1152 1443 1200 quas
1467 1145 1518 1182 tu

260 1207 623 1276 Hellespontiaca
644 1209 779 1277 ponis
802 1209 949 1269 iturus
970 1212 1121 1278 aqua?

239 1329 294 1351 αι.
316 1315 393 1351 Aut
411 1327 513 1350 mam.
535 1314 611 1350 Aut
625 1315 724 1360 freta
746 1314 881 1351 Douzae

195 1374 356 1414 excerpta
369 1394 380 1412 ,
397 1374 433 1402 et
448 1379 579 1402 novem
590 1367 735 1403 codices.

243 1434 297 1456 υ.
318 1421 468 1465 ιΕᾳιιονα
477 1433 575 1465 pene
591 1423 669 1455 tuis.
690 1420 785 1455 Male
804 1419 881 1463 alii,

195 1483 284 1515 sepe
296 1475 391 1506 mets.
407 1471 563 1518 Respicit
577 1473 674 1507 enim
690 1471 734 1507 ad
751 1485 881 1519 expos-

194 1524 406 1560 tutationem
416 1525 586 1571 Leandri,
596 1539 703 1572 quam
713 1539 818 1572 supra
827 1527 882 1561 vi-

195 1575 332 1620 dimum
347 1577 414 1613 nisi
428 1591 559 1624 equom
572 1591 678 1620 sava,
693 1579 806 1625 placet
821 1592 882 1614 re-

194 1629 290 1675 poni.
298 1629 434 1665 Hnms.
443 1631 572 1675 Nempe
578 1634 664 1665 meis
673 1631 863 1667 Beruensis
872 1644 880 1666 :

193 1693 284 1716 seva
302 1681 411 1716 etiam
425 1681 595 1717 Francius
609 1683 829 1728 conjecerat:
844 1690 881 1718 et

193 1731 263 1768 hoc
279 1732 432 1780 probum
448 1739 535 1779 puto
545 1759 555 1777 ,
574 1733 619 1768 ob
631 1734 879 1780 repetitionem

193 1790 338 1830 sevitie,
345 1799 419 1833 sqq.
426 1800 515 1823 vers.
525 1787 586 1824 sic
595 1788 688 1835 apud
701 1789 826 1824 Horat.
835 1800 878 1833 11,

194 1839 267 1876 Od.
283 1852 326 1885 x,
343 1853 386 1889 9:
401 1844 539 1883 seems,
557 1855 622 1888 pro
636 1846 759 1887 sepius
773 1856 881 1890 repo-

194 1892 357 1928 nendum
371 1900 468 1939 puto.
483 1894 614 1929 Bunm.

240 1947 293 1982 23.
305 1947 446 1982 sauma
449 1950 601 1993 paulum.
616 1949 738 1984 Potest
753 1950 828 1996 capi
843 1956 882 1984 ut

195 1998 290 2045 apud
304 1999 450 2035 Terent.
462 2000 557 2035 And.
574 2011 611 2044 v,
624 2001 659 2044 3,
671 2014 702 2035 v.
717 2001 758 2035 32
773 2004 882 2036 :Pau-

193 2053 263 2088 lam
272 2055 442 2098 supplan:
452 2053 497 2087 In
509 2052 720 2088 editionibus
731 2053 881 2099 antiquis

195 2106 344 2142 Venetis
364 2113 400 2142 et
414 2106 625 2142 Bersmanni
637 2133 648 2152 ,
666 2114 702 2142 et
717 2115 882 2153 quatuor-

195 2159 311 2196 decim
321 2161 456 2207 scriptis
471 2161 587 2207 reperi
600 2165 773 2196 sevitiam.
785 2162 881 2196 Soen’·

197 2218 276 2250 tien
299 2215 407 2250 etiam
426 2215 464 2250 in
481 2215 614 2251 Moreti
627 2242 636 2260 ,
663 2223 700 2251 et
724 2216 881 2262 quinque

197 2266 293 2303 aliis:
306 2274 347 2302 ut
361 2266 495 2303 dictum
510 2276 598 2303 esset
609 2295 618 2313 ,
634 2268 813 2314 quomodo
818 2282 882 2313 pa-

196 2320 378 2365 mmfidem
391 2321 515 2355 habete
526 2346 536 2364 ‚
555 2320 647 2366 apud
663 2320 831 2356 Plautum
845 2328 882 2357 et

199 2369 419 2406 Terentium.
434 2371 565 2407 Buam.

234 2421 288 2457 26.
299 2423 447 2458 Conscia
453 2427 565 2458 siccat
572 2437 669 2459 anus.
678 2424 757 2459 Has
753 2424 883 2462 niensis

198 2484 235 2513 et
243 2475 482 2523 Lemniensis,
497 2480 650 2523 Cretica;
665 2491 747 2514 cum
759 2480 879 2525 glossa,

197 2532 239 2566 id
248 2534 304 2564 est
311 2531 355 2565 de
366 2532 478 2566 Creta.
489 2530 561 2565 Sed
575 2530 765 2580 legendum
780 2539 879 2577 puto,

204 2586 335 2620 Trecia.
352 2583 411 2619 Sic
430 2584 487 2620 lib.
506 2595 557 2629 11,
580 2584 657 2620 Art.
682 2584 800 2620 Amat.
816 2598 881 2632 pro

197 2637 296 2671 Mars
324 2638 450 2672 Tmcen
470 2641 632 2682 occupat,
650 2637 741 2672 male
761 2639 881 2673 Creten

198 2690 413 2726 scribebatur
437 2697 529 2726 ante.
558 2690 664 2737 Apud
691 2691 882 2727 Horatium

199 2741 257 2776 lib.
270 2752 335 2787 111,
352 2742 424 2778 Od.
441 2754 480 2777 ιχ
494 2755 503 2778 z
520 2755 597 2788 quae
613 2742 651 2777 iu
664 2742 810 2789 vulgatis
820 2756 882 2779 co-

200 2791 348 2838 dicibus,
370 2796 473 2830 Chloe
486 2796 610 2831 Cressa
623 2801 675 2831 est
686 2821 696 2839 ,
713 2794 805 2835 hanc
820 2808 882 2844 ye-

945 1324 1038 1354 tusta
1054 1318 1263 1365 exemplaria
1286 1320 1466 1354 Thressam
1482 1319 1631 1355 faciunt:

947 1372 1038 1418 apud
1064 1373 1276 1417 Maronem,
1299 1386 1364 1420 pro
1384 1376 1508 1410 Cressa
1527 1387 1634 1419 genus

946 1427 1075 1461 Pholoe
1083 1454 1091 1466 ,
1104 1426 1311 1463 Scholiastes
1319 1427 1459 1462 Horatii
1471 1428 1635 1474 antiquus

947 1478 1102 1522 agnoscit
1124 1480 1311 1514 Thressam.
1329 1479 1464 1515 Hssms.

989 1544 1009 1565 2
1015 1544 1042 1578 7.
1052 1533 1174 1566 Sisint.
1185 1534 1377 1576 Quasisint,
1388 1546 1481 1568 unus
1487 1531 1633 1569 RIoreti.

989 1596 1042 1631 29.
1070 1584 1180 1630 thue
1199 1598 1309 1629 rogem
1325 1587 1368 1619 de
1383 1589 1418 1619 te
1435 1588 1473 1620 et
1488 1587 1636 1619 scribam

945 1638 1020 1670 tibi.
1041 1637 1173 1673 Versus
1188 1638 1290 1684 paulo
1307 1638 1440 1673 durior.
1463 1638 1559 1673 Libri
1574 1651 1633 1673 sex

945 1691 980 1724 τὲ
995 1694 1032 1724 et
1042 1702 1117 1726 non
1132 1699 1326 1738 agnoscunt
1339 1705 1347 1727 t
1360 1706 1453 1728 unus
1468 1692 1633 1727 Ambro-

945 1741 1062 1778 sianus
1074 1769 1084 1788 ,
1098 1748 1138 1778 ut
1150 1747 1305 1780 scribam.
1330 1746 1424 1780 Puto
1441 1744 1632 1792 legendum

946 1792 1014 1829 hoc
1029 1795 1138 1830 modo
1150 1802 1268 1831 totum
1278 1796 1451 1832 distichon
1463 1810 1471 1832 :

946 1854 1039 1888 thue
1055 1864 1144 1889 rogem
1160 1857 1192 1882 de
1206 1863 1231 1882 te
1245 1866 1429 1891 quarumque,
1455 1857 1508 1883 huc
1528 1858 1551 1883 si
1574 1858 1633 1893 quis

1046 1905 1145 1940 Abydo

979 1954 1085 1979 Venerit
1097 1962 1103 1979 :
1117 1959 1162 1978 aut
1176 1954 1300 1986 scribam,
1309 1955 1330 1980 si
1339 1955 1400 1989 quis
1411 1954 1584 1991 Abydoneat.
1594 1956 1632 1982 11.

947 2002 1094 2038 —Nihil
1111 2010 1198 2049 puto
1212 2003 1451 2039 movendum:
1467 2004 1529 2040 sed
1550 2018 1633 2040 sen-

947 2067 1004 2090 sus
1015 2061 1050 2090 et
1065 2055 1154 2090 ordo
1166 2056 1213 2090 ita
1227 2055 1512 2100 constituendus;
1530 2063 1570 2092 ut
1580 2069 1634 2092 ro-

948 2123 1028 2155 gem
1045 2109 1088 2144 de
1106 2116 1159 2154 te,
1177 2116 1212 2144 et
1227 2110 1376 2145 scribam
1389 2110 1450 2145 tibi
1463 2137 1474 2155 ‚
1491 2124 1630 2157 quaero,

947 2165 982 2195 si
1001 2161 1059 2205 (id
1082 2168 1133 2196 est
1147 2162 1208 2205 an)
1227 2162 1303 2207 quis
1320 2162 1448 2210 Abydo
1471 2164 1632 2208 venerit,

948 2222 1008 2250 aut
1032 2216 1059 2251 si
1083 2216 1159 2261 quis
1184 2215 1338 2264 Abydon
1363 2223 1420 2251 eat
1437 2229 1445 2251 :
1462 2216 1547 2252 illud
1573 2223 1637 2252 aat

947 2267 1038 2303 male
1052 2280 1134 2302 cum
1144 2281 1251 2313 qua-ro
1264 2268 1496 2314 conjunctum
1512 2271 1634 2305 consu-

948 2321 999 2356 dit
1014 2334 1166 2357 sensum.
1187 2322 1319 2358 BURM.

992 2373 1011 2407 3
1018 2387 1029 2408 1
1037 2400 1044 2408 .
1072 2375 1212 2417 Quoties
1223 2375 1267 2408 do
1277 2377 1428 2410 vestibus
1438 2378 1565 2411 oscula.
1576 2378 1634 2412 De

947 2428 1099 2460 vestibus
1114 2426 1325 2462 Puteaneus.
1353 2426 1446 2474 Lege
1462 2429 1538 2462 dem
1552 2441 1562 2462 .·
1580 2435 1635 2463 at-

948 2489 1015 2522 que
1039 2477 1086 2511 ita
1104 2491 1162 2512 sex
1177 2478 1304 2524 scripti.
1324 2478 1384 2514 Sic
1405 2479 1498 2525 apud
1515 2480 1632 2515 Valer.

948 2529 1111 2564 Flaccum
1127 2529 1229 2565 simili
1247 2542 1367 2565 errore
1385 2530 1531 2576 legitur,
1555 2533 1634 2566 De—

945 2586 1049 2617 sinite
1056 2585 1246 2627 amplczus,
1259 2595 1371 2628 quum
1382 2582 1632 2628 reponendum

946 2635 1012 2679 sit,
1030 2637 1120 2670 Dem
1131 2639 1253 2678 st'nzte,
1268 2637 1325 2671 lib.
1339 2648 1376 2671 lv
1386 2663 1395 2681 ‚
1409 2637 1484 2681 634.
1499 2637 1633 2673 HEINS.

991 2691 1043 2725 32.
1053 2692 1343 2735 Hellespontiaca.
1355 2691 1588 2726 Farnesianus
1597 2698 1634 2725 et

949 2742 1160 2778 Oxoniensis
1176 2755 1196 2777 a
1211 2754 1322 2777 manu
1339 2743 1476 2788 primo,
1494 2744 1634 2779 Helles-

939 2799 1125 2841 pontiacas
1136 2809 1254 2842 aquas.
1273 2796 1406 2833 BUnM.
