1884 3112
656 240 782 286 DID
797 240 837 284 Ο
870 239 1085 285 AENEAE.

1511 244 1590 285 155

230 333 406 400 Vixque
427 332 560 382 rudes
581 345 734 401 portas
756 333 884 382 urbis
905 343 952 382 et
969 351 1087 382 arma
1105 344 1229 399 paro.

167 409 296 461 Mille
318 411 467 478 procis
489 410 656 479 placui,
681 411 760 478 qui
781 430 851 460 me
876 410 1019 460 coiere
1043 422 1296 477 querentes,

228 488 390 538 Nescio
416 507 546 556 quem
569 487 772 537 thalamis
794 488 1093 555 praeposuisse
1118 488 1222 538 suis.

167 563 294 629 Quid
313 565 491 614 dubitas
514 565 704 615 vinctam
730 563 905 614 Gaetulo
931 564 1100 614 tradere
1124 564 1297 614 Iarbae?

1532 574 1592 612 125

230 641 503 690 Praebuerim
526 640 679 691 sceleri
701 640 884 690 brachia
905 653 1059 690 nostra
1079 653 1170 691 tuo.

165 720 248 768 Est
269 720 401 769 etiam
420 718 577 779 frater,
602 719 728 785 cujus
749 737 907 768 manus
929 719 1065 786 impia
1088 719 1235 786 poscit

229 799 447 866 Respergi
468 810 648 858 nostro,
674 816 828 865 sparsa
850 816 1005 846 eruore
1029 796 1125 845 viri.

163 877 286 927 Pone
307 878 453 936 Deos,
477 889 523 926 et
547 895 645 944 quae
669 876 893 940 tangendo
919 894 1041 925 sacra
1062 874 1296 942 profanas:

225 955 329 1003 Non
345 953 461 1003 bene
484 953 676 1003 caelestes
700 953 839 1021 impia
863 951 1016 1002 dextra
1039 950 1159 1000 colit.

1530 964 1589 997 130

161 1029 211 1079 Si
233 1041 283 1079 tu
307 1027 452 1079 cultor
473 1048 568 1079 eras
590 1028 751 1096 elapsis
771 1031 874 1094 igne
897 1029 1076 1079 futurus
1091 1067 1103 1087 ,

224 1108 419 1157 Poenitet
440 1106 615 1175 elapsos
637 1106 821 1170 ignibus
844 1126 937 1156 esse
962 1108 1097 1156 Deos.

87 1178 93 1182 ,
158 1186 363 1236 Forsitan
385 1198 430 1236 et
453 1185 677 1250 gravidam
699 1185 842 1244 Dido,
869 1184 1097 1242 scelerate,
1121 1183 1372 1250 relinquas;

158 1350 289 1381 tument
308 1359 319 1380 .·
341 1358 448 1392 quare
470 1345 705 1382 insistendum
726 1345 839 1382 vesti-

160 1398 223 1443 giis
241 1396 355 1433 Codd.
372 1397 535 1445 Lugdun.
550 1405 586 1433 et
601 1398 783 1442 Scriverii,
800 1398 838 1433 in

159 1449 285 1495 quibus
300 1453 439 1495 lehem,-
461 1458 499 1486 et
516 1450 724 1498 legendum,
748 1453 840 1486 bella

157 1505 301 1547 nitreas,
315 1502 370 1538 vel
381 1529 392 1548 ‚
411 1505 503 1538 bella
513 1507 648 1546 tonant,
666 1504 838 1540 censebat.

159 1552 286 1590 Claud.
299 1568 372 1591 ιιι.
386 1554 494 1591 Com.
506 1556 645 1591 Honor.
652 1556 708 1591 63:
717 1558 839 1592 Cius‘ltla

153 1620 268 1644 nnus
282 1610 374 1644 bella
386 1613 515 1645 tonant.
535 1609 607 1645 Sed
623 1623 689 1656 pro
699 1609 837 1656 vulgata

154 1667 207 1695 est
228 1659 314 1700 illud
335 1661 534 1707 Paterculi,
558 1662 615 1698 lib.
638 1673 691 1707 11,
715 1675 744 1698 c.
771 1664 836 1699 15:

152 1714 250 1748 Mon
269 1713 383 1749 Dmsi
392 1714 475 1759 jam
492 1716 625 1760 pridem
646 1719 836 1750 tumescens

151 1767 275 1801 bellum
303 1769 470 1802 excitam?
494 1768 662 1802 Italicum.
700 1768 836 1803 Hmns.

153 1817 305 1864 Vulgata
326 1825 420 1854 recte
441 1832 478 1855 se
498 1819 612 1855 habet.
634 1837 679 1847 --
694 1822 836 1855 Femina

151 1873 273 1905 lenton
311 1870 469 1907 Tentant
484 1898 495 1916 ‚
527 1873 651 1908 volunt
687 1873 835 1919 experiri

150 1928 273 1968 gentes
282 1922 441 1960 finitimae
450 1951 460 1969 ‚
473 1924 556 1971 quid
560 1925 697 1970 semina
706 1925 835 1972 possim

151 1980 188 2009 et
202 1979 399 2021 peregrina,
424 1976 467 2012 ad
486 1977 747 2013 defendendam
773 1992 837 2013 ur-

150 2026 234 2062 bem
244 2040 352 2074 quam
360 2030 485 2072 statui;
505 2037 541 2066 et
555 2038 700 2077 propter
715 2038 749 2066 te
765 2031 835 2066 bel-

149 2078 225 2115 lum
240 2080 328 2116 mibi
345 2081 515 2119 indicunt.

197 2145 271 2168 122.
303 2136 434 2180 W‘sque
458 2137 569 2170 rudes.
602 2137 720 2172 Portae
738 2143 832 2173 recte

150 2185 251 2218 rudes
261 2193 402 2231 possent
411 2187 568 2234 intelligi,
579 2188 742 2223 nondum
758 2196 831 2224 arte

151 2235 265 2271 fabrili
281 2239 442 2283 perfecte
462 2247 500 2275 et
517 2241 652 2286 politae3
676 2249 716 2276 ut
733 2244 832 2277 rudes

151 2291 251 2332 remi,
271 2287 396 2325 Claud.
407 2292 510 2327 Praes.
523 2293 561 2328 in
576 2293 680 2340 Rapt.
691 2295 832 2330 Proser·

149 2340 242 2386 pinae
255 2367 265 2386 ,
283 2348 319 2377 et
334 2345 416 2378 rude
429 2347 559 2379 solium.
576 2345 648 2380 sed
663 2359 773 2392 quum
794 2347 830 2382 in

149 2393 322 2429 Puteanei
336 2396 503 2442 excerptis
511 2397 572 2442 sit,
589 2402 702 2444 virque
713 2402 827 2443 radin·

147 2445 186 2480 in
203 2445 537 2491 Leidensiadamza,
553 2463 618 2497 ego
631 2464 672 2486 ex
684 2453 830 2500 vestigiis

148 2510 274 2534 eorum
289 2499 404 2546 legere
425 2502 587 2538 mallem:

179 2558 285 2593 Vixque
295 2560 369 2585 rudis
381 2566 468 2594 portas
482 2562 553 2587 urbis
567 2563 599 2589 ad
609 2573 680 2590 arma
689 2574 759 2599 paro.

152 2605 205 2641 Ut
214 2606 259 2642 sit
274 2621 416 2644 sensus:
432 2623 498 2657 ego
511 2611 642 2647 femina
652 2640 662 2658 ,
677 2614 772 2651 rudis
784 2616 827 2651 ad

149 2671 266 2704 arma,
290 2661 345 2696 vix
369 2675 455 2708 paro
481 2671 597 2709 portas
625 2667 719 2702 urbis
734 2694 743 2712 ,
772 2669 828 2705 vel

147 2710 272 2756 etiam,
288 2713 344 2748 vix
366 2727 451 2760 paro
473 2722 590 2761 portas
612 2718 707 2754 urbis
729 2720 827 2756 rudis

149 2761 192 2796 ad
207 2775 315 2800 arma.
330 2765 389 2802 Sic
405 2767 484 2802 infr.
499 2768 564 2814 Ep.
578 2781 616 2805 x1
627 2797 637 2815 ,
656 2771 698 2815 48
708 2798 718 2816 ,
736 2775 827 2808 mdis

904 1347 1083 1391 adportas
1095 1356 1109 1388 ,⁵
1127 1347 1221 1380 mdttr
1232 1347 1284 1380 ad
1303 1347 1442 1380 Veneris
1445 1345 1588 1391 furtum.

906 1398 972 1444 Ep.
986 1408 1079 1442 xvn,
1097 1400 1154 1442 ¹4¹
1169 1424 1178 1442 ‚
1197 1405 1232 1433 et
1245 1398 1373 1433 Justin.
1385 1409 1399 1431 1
1410 1424 1420 1442 ,
1441 1411 1453 1431 1
1468 1424 1477 1443 ,
1491 1399 1589 1431 rudes

903 1453 956 1486 ad
964 1453 1186 1486 reu‘stendum
1192 1454 1344 1496 populos.

953 1505 1024 1547 ¹³4·
1039 1505 1166 1539 Nescio
1175 1516 1280 1548 quem.
1298 1505 1377 1538 Vox
1389 1509 1589 1539 contemtus

902 1561 974 1599 est,
990 1568 1059 1601 qua
1073 1568 1174 1602 reges
1189 1554 1246 1590 isti
1262 1555 1415 1590 AEneam
1432 1555 1586 1600 designa-

901 1607 1005 1652 bant,
1022 1608 1121 1653 cujus
1144 1607 1236 1642 sama
1263 1607 1306 1642 ad
1337 1620 1396 1642 eos
1423 1606 1587 1642 nondum

902 1666 1121 1706 pervenerat.
1153 1659 1286 1695 Audias
1313 1659 1394 1695 licet
1424 1660 1561 1695 larbam
1575 1685 1585 1703 ,

901 1712 986 1747 AEn.
1002 1723 1062 1757 iv,
1084 1713 1171 1748 215:

899 1773 934 1798 Et
946 1782 1017 1798 nunc
1028 1772 1073 1799 illa
1084 1774 1162 1799 Par-is
1170 1792 1181 1806 ,
1193 1782 1254 1798 cum
1264 1774 1382 1799 semiviro
1394 1773 1521 1799 comitatu
1531 1791 1540 1803 ,

899 1822 1015 1847 Moeonin
1026 1827 1145 1847 mentum
1162 1823 1239 1847 mitra
1248 1842 1256 1854 ,
1275 1822 1427 1856 crinemque
1440 1822 1585 1847 madentem

899 1870 1034 1897 subnexus

947 1920 1019 1954 126.
1048 1922 1262 1956 Praebuedm.
1299 1920 1423 1956 Douza
1447 1921 1584 1968 legebat

891 1974 1109 2015 prebuerant.

947 2037 1018 2070 127.
1048 2026 1176 2059 Poscit.
1209 2026 1330 2060 Possit
1343 2051 1352 2066 ,
1381 2032 1583 2061 constanter

897 2074 975 2110 libri
992 2082 1128 2112 veteres
1143 2103 1153 2120 ,
1178 2090 1266 2123 quos
1278 2090 1426 2123 sequor:
1444 2078 1510 2113 nisi
1522 2078 1580 2114 le—

898 2127 1055 2175 gendum
1069 2155 1078 2172 ,
1091 2134 1226 2174 poscat.
1246 2131 1382 2166 Hzms.

944 2194 1015 2229 129.
1026 2183 1120 2216 Pone
1136 2183 1243 2217 Deos.
1253 2181 1391 2218 Omitte
1404 2182 1500 2219 Deos
1511 2189 1583 2218 tes-

897 2233 962 2267 tari
976 2260 985 2277 ,
1008 2246 1076 2268 nec
1092 2240 1212 2281 tangas
1226 2247 1320 2270 sacra
1331 2261 1340 2279 ,
1362 2248 1440 2280 quae
1457 2236 1581 2282 polluis

896 2285 1096 2331 tangendo;
1115 2293 1151 2321 et
1169 2299 1308 2322 causam
1325 2286 1440 2322 addit:

927 2346 990 2372 Non
1002 2346 1067 2371 bene
1082 2347 1197 2372 catenes
1210 2348 1291 2382 impia
1303 2348 1395 2374 dextra
1407 2348 1479 2374 colit.

943 2409 954 2430 1
962 2395 1014 2429 33.
1023 2397 1181 2431 Forsitan
1189 2399 1404 2443 etgmvidam
1413 2399 1531 2432 Didae
1538 2405 1579 2433 tc.

895 2447 1099 2493 Elegantius
1106 2449 1233 2494 multo,
1242 2457 1279 2485 et
1286 2449 1466 2486 decentius
1475 2450 1579 2485 simul

1041 1890 1050 1902 ‚
1068 1876 1143 1905 rapto
1155 1872 1273 1904 potitur!

868 2496 871 2499 ’
893 2507 1012 2535 nostra
1025 2500 1117 2546 apud
1131 2503 1163 2536 V
1166 2502 1253 2548 irgil.
1270 2502 1414 2537 AEneid.
1426 2514 1478 2546 lv,
1493 2503 1554 2548 327
1569 2515 1578 2537 ε

893 2569 988 2594 Saltem
1001 2569 1021 2593 si
1035 2578 1087 2603 qua
1097 2569 1162 2594 mihi
1175 2570 1207 2595 de
1219 2575 1244 2595 te
1256 2577 1375 2604 suscept-
1387 2570 1480 2596 suisset

891 2617 963 2643 Ante
974 2618 1061 2650 sugam
1074 2618 1191 2652 soboles3
1205 2620 1296 2654 siquis
1309 2619 1373 2644 mibi
1382 2620 1509 2654 parvulus
1519 2620 1578 2646 nulu

891 2667 1006 2692 Laden-et
1020 2669 1114 2693 AEneas
1125 2669 1132 2692 1

890 2723 986 2759 Nihil
1004 2724 1108 2760 habet
1121 2725 1323 2772 hujusmodi
1339 2740 1468 2771 sermo,
1480 2727 1576 2773 quod

889 2788 962 2810 non
986 2776 1270 2814 honestissimum
1295 2793 1471 2826 quemque
1496 2780 1574 2815 lec-
