1884 3112
137 1168 271 1216 magica
288 1181 385 1205 sacra
405 1167 542 1215 petitis:
558 1179 628 1201 nox
642 1166 739 1202 enim
753 1179 820 1202 ar-

137 1233 244 1264 cana,
279 1229 358 1267 que
385 1220 508 1267 magia
529 1218 756 1265 impenditur.
776 1219 819 1254 B.

182 1273 236 1318 43.
256 1274 481 1319 Queriturpue·
492 1273 569 1307 Deo
578 1274 752 1316 placuisse
761 1284 820 1314 po-

138 1329 235 1362 tenti.
241 1325 326 1362 Non
333 1331 409 1360 erat
417 1331 512 1359 certe
522 1323 712 1366 Alcmenae,
724 1321 820 1357 unde

138 1377 203 1413 sibi
226 1374 458 1424 gratularetur
478 1375 560 1411 Jovi
580 1375 742 1420 placuisse
758 1401 768 1418 ,
784 1381 821 1409 et

138 1430 254 1466 filiurn
263 1442 306 1465 ex
315 1441 360 1465 eo
372 1428 558 1474 suscepisse
570 1453 580 1472 ,
598 1439 705 1473 quem
717 1426 821 1461 inde-

137 1483 227 1518 sessa
242 1480 396 1517 Junonis
405 1480 470 1524 ira,
485 1485 670 1526 postquam
685 1484 737 1514 tot
748 1484 821 1512 tan-

137 1534 251 1581 tisque
259 1532 434 1570 laboribus
439 1533 627 1568 infractum
633 1530 819 1574 vexaverit,

137 1587 308 1623 infamare
315 1598 413 1621 nunc
422 1590 536 1619 tentat
549 1583 640 1630 apud
654 1589 819 1629 posteros.

137 1640 233 1676 Nam
253 1651 297 1674 eo
316 1637 537 1685 potissimum
552 1648 655 1672 sensu
676 1638 826 1681 queritur

137 1686 310 1728 Alcmene
327 1692 406 1725 Deo
419 1691 764 1734 placu1tesepotentz·;
784 1694 820 1723 et

136 1743 346 1780 exstinctum
362 1741 557 1778 Herculem
572 1740 689 1784 malit,
712 1753 819 1786 quam

134 1796 315 1832 infamem.
321 1812 366 1822 -·
373 1796 520 1830 Potenti.
529 1794 573 1829 In
582 1806 656 1828 uno
667 1793 819 1829 Strozzae

137 1849 320 1893 erat-‚Deo
324 1849 500 1893 placuisse
509 1849 656 1887 tonanti,
677 1845 770 1891 quod
783 1853 819 1881 et

136 1913 202 1947 pro
211 1899 460 1936 varialectione
467 1899 505 1935 in
514 1898 677 1934 Scriverii
692 1906 727 1933 et
738 1899 819 1934 Sar-

136 1952 223 1988 ravii
235 1958 310 1988 erat
320 1950 532 1998 adscriptum
545 1965 554 1992 ;
571 1963 687 1996 neque
708 1951 820 1986 Hein-

135 2006 189 2042 sio
196 2003 642 2052 displicebatPetenlz2Dou
647 2016 693 2038 2ae
700 2003 819 2038 codex.

180 2059 235 2103 44.
242 2058 642 2104 NecpaterAmpkitryon
652 2063 715 2092 etc.
733 2055 819 2090 Am-

136 2109 385 2158 phitryonem,
413 2109 520 2145 etiam
532 2115 721 2155 antequam
735 2108 819 2143 De—

138 2162 252 2209 ianira
274 2162 420 2198 Herculi
434 2162 627 2209 nupsisset,
650 2162 688 2196 in
702 2173 820 2208 pugna

138 2222 262 2251 contra
295 2215 437 2264 Minyas
475 2214 635 2250 cecidisse
652 2240 661 2258 ‚
699 2219 820 2248 auctor

138 2265 302 2314 Apollod.
317 2277 366 2311 11,
385 2268 520 2311 4;sect.
536 2280 565 2301 2.
588 2265 698 2312 Quod
714 2266 820 2312 igitur

138 2318 195 2355 hic
216 2325 398 2365 tamquam
418 2318 516 2353 vivus
538 2317 652 2353 adhuc
674 2330 822 2353 memo-

136 2377 237 2407 ratur
249 2397 260 2415 ,
286 2370 342 2406 vel
367 2373 550 2416 μνημένικον
576 2371 745 2419 ἁμάρτημα
769 2376 822 2405 est

140 2423 275 2467 Ovidii,
283 2422 338 2457 vel
348 2423 441 2458 abeo
449 2422 673 2468 desumptum
686 2435 728 2456 ex
739 2435 823 2457 auc-

138 2475 273 2512 toribus
283 2473 388 2510 hodie
398 2473 596 2520 deperditis.
605 2473 768 2509 Lanu».
777 2491 822 2501 -—

136 2529 274 2575 Hyllus.
285 2529 368 2568 llos,
382 2525 469 2562 alter
483 2525 707 2562 Lovaniensis
722 2526 821 2573 :lego

137 2581 273 2627 Hyllos.
289 2579 423 2614 Hssms.
562 2608 568 2613 Ι

185 2634 239 2676 45.
257 2632 400 2668 Arbiter
408 2632 618 2678 Eurystheus
635 2638 700 2666 etc.
726 2630 822 2667 Nihil

140 2695 216 2718 non
235 2683 273 2719 in
295 2683 362 2719 hoc
384 2685 530 2718 disticho
556 2682 819 2728 adnotandum,

142 2735 257 2781 quoad
272 2735 463 2771 verborum
479 2735 550 2769 vim
570 2741 606 2770 et
620 2736 821 2781 proprieta-

141 2793 225 2824 tem.
245 2789 312 2826 Ira·
327 2794 364 2824 et
385 2788 528 2835 quidem
548 2791 674 2834 longe,
698 2791 827 2825 arbiter

327 2849 372 2894 I.

493 264 846 310 DEJANIRA
887 265 1217 310 HERCULI.

18 410 24 418 ,
94 372 99 378 “
138 358 357 425 Aucupor
377 355 532 406 infelix
552 358 729 407 incertae
750 377 978 408 murmura
999 358 1149 410 famae:

207 433 386 502 Speque
411 433 546 482 timor
569 434 726 494 dubia,
752 453 941 503 spesque
965 436 1121 485 timore
1143 435 1271 484 cadit.

139 513 289 562 Mater
311 512 460 571 abest3
484 511 773 579 queriturque
797 513 896 562 Deo
921 512 1138 580 placuisse
1160 514 1364 580 potenti:

204 590 298 639 Nec
321 601 448 657 pater
469 589 794 656 Amphitryon,
819 608 900 638 nec
923 608 1034 656 puer
1056 588 1217 657 Hyllus
1242 589 1377 640 adest.

139 665 324 716 Arbiter
345 666 620 734 Eurystheus
643 666 717 715 irae
738 667 767 715 J
770 666 932 714 unonis
954 666 1117 732 iniquae
1525 684 1569 729 423

205 746 409 796 Sentitur
430 744 587 805 nobis;,
606 745 759 810 iraque
781 743 917 807 longa
941 744 1058 792 Deae.

140 823 248 874 Haec
269 822 383 873 mihi
405 822 519 872 ferre
539 840 699 889 parum
721 832 791 870 est
807 840 817 869 τ
836 820 1094 887 peregrinos
1117 819 1242 869 addis
1266 839 1462 882 amores;

205 903 267 950 Et
288 911 429 950 mater
450 899 503 949 de
528 911 570 949 te
595 898 806 966 quaelibet
828 917 922 948 esse
947 909 1109 965 potest.

141 979 248 1030 Non
270 996 354 1042 ego
378 977 632 1027 Partheniis
656 988 908 1026 temeratam
931 974 1121 1024 vallibus
1137 977 1320 1039 Augen,

203 1055 297 1106 Nec
315 1055 500 1105 referam
521 1065 698 1122 partus,
726 1053 913 1102 Ormeni
936 1053 1152 1120 nympha,
1179 1065 1308 1102 tuos:
1522 1071 1565 1106 50

886 1166 1104 1215 Eurystheus
1125 1171 1273 1203 sentitur
1291 1168 1410 1211 nobis;
1434 1168 1470 1203 id
1492 1177 1567 1214 est,

883 1232 1023 1264 semper
1042 1226 1077 1254 et
1102 1219 1230 1265 ubique
1259 1220 1437 1255 infensum
1467 1222 1569 1257 nobis

885 1271 1093 1316 experimur.
1102 1271 1161 1307 Sic
1171 1272 1291 1318 virgil.
1305 1272 1388 1307 AEn.
1400 1283 1468 1318 vn,
1483 1274 1565 1318 434:

886 1328 1002 1361 Sentiat,
1010 1334 1036 1353 et
1044 1329 1274 1354 tandem-Turnum
1279 1331 1436 1363 experiatur
1443 1330 1471 1355 in
1479 1331 1570 1357 armis.

885 1394 930 1404 —·
946 1377 1087 1412 Arbiter
1106 1378 1316 1425 Eurystheus
1341 1382 1489 1414 sentitur
1505 1393 1571 1416 no-

883 1431 936 1463 bis
957 1435 1022 1463 etc.
1050 1429 1132 1464 Non
1149 1436 1289 1464 tantum
1316 1432 1396 1476 quia
1422 1431 1570 1468 Herculi

882 1481 1016 1524 labores
1028 1481 1233 1527 imperabat,
1246 1482 1308 1517 sed
1320 1490 1354 1518 et
1366 1485 1446 1529 quia
1456 1491 1569 1519 totam

884 1534 960 1578 ejus
976 1534 1142 1568 familiam
1167 1536 1450 1580 persequebatur.
1474 1537 1571 1572 Hine

884 1592 953 1629 est,
973 1584 1066 1630 quod
1082 1585 1165 1621 alios
1180 1585 1247 1620 alio
1259 1586 1429 1633 dispersos
1442 1595 1478 1624 et
1491 1588 1570 1625 dis-

884 1638 992 1682 jectos
1010 1637 1102 1673 dicit.
1119 1638 1258 1673 Mrem..

928 1690 981 1734 46.
1005 1692 1126 1735 Iraque
1148 1692 1252 1735 longa
1266 1693 1363 1726 Deoe.
1391 1692 1486 1727 Sunt
1507 1694 1568 1740 qui

883 1743 978 1776 lenta
990 1770 998 1783 ,
1021 1755 1086 1791 pro
1101 1745 1205 1787 longa
1218 1744 1444 1780 scribendum
1461 1747 1571 1782 existi-

883 1801 1004 1829 ment:
1023 1795 1125 1830 male.
1149 1797 1270 1841 Longa
1294 1797 1438 1842 quidem
1456 1806 1491 1834 et
1512 1800 1571 1834 in-

883 1846 980 1882 sensa
996 1847 1083 1882 adeo
1101 1848 1166 1884 fuit
1183 1852 1236 1883 ira
1248 1849 1273 1883 J
1277 1851 1402 1885 unonis
1414 1878 1423 1895 ‚
1441 1858 1481 1885 ut
1496 1865 1570 1887 non

884 1898 966 1933 alios
979 1925 988 1942 ,
1024 1911 1130 1944 quam
1167 1901 1330 1936 Herculis
1365 1903 1445 1937 vitae
1456 1929 1466 1947 ,
1490 1909 1573 1938 ter-

884 1951 1000 1985 minos
1016 1950 1187 1987 habuerit.
1556 1976 1559 1979 -

929 2003 981 2046 48.
999 2005 1056 2037 De
1069 2007 1103 2037 te
1117 2008 1230 2038 mater
1241 2008 1399 2049 quaelibet
1414 2019 1492 2042 esse
1504 2021 1566 2052 po-

886 2059 963 2089 test.
989 2055 1163 2091 Recenset
1182 2056 1343 2102 Apollod.
1359 2069 1411 2103 11,
1433 2072 1506 2106 cap.
1527 2075 1543 2107 7
1559 2088 1569 2105 ‚

884 2119 1012 2152 pueros
1040 2120 1126 2152 quos
1156 2108 1327 2145 Hercules
1359 2119 1571 2158 susceperat.

887 2159 965 2194 Hos
982 2159 1075 2195 inter
1087 2186 1096 2203 ,
1121 2174 1161 2194 ex
1177 2160 1347 2206 Deianira
1362 2189 1372 2206 ‚
1397 2163 1546 2210 Hyllum
1560 2191 1572 2210 ,

888 2211 1095 2258 Ctesippum
1110 2239 1119 2256 ,
1138 2213 1295 2248 Glenum
1311 2221 1347 2249 et
1365 2214 1503 2251 Oniten
1515 2217 1573 2252 ad-

886 2272 1062 2299 numerat.

927 2318 980 2364 49.
999 2318 1192 2351 Partheno&
1205 2320 1403 2353 temeratam
1419 2322 1568 2355 vallibus

886 2370 1017 2414 Augen.
1030 2369 1107 2404 Alei
1122 2370 1212 2416 regis
1227 2370 1296 2406 filia
1308 2397 1319 2415 ‚
1337 2384 1445 2416 quam
1460 2385 1573 2418 quum.

887 2421 1059 2457 Hercules
1087 2421 1125 2456 in
1148 2422 1341 2458 Parthenio
1367 2431 1488 2459 monte
1509 2424 1574 2460 de—

885 2473 1145 2520 prehendisset,
1164 2473 1277 2509 filium
1295 2488 1337 2510 ex
1351 2489 1391 2511 ea
1402 2478 1570 2523 suscepit,

887 2525 1087 2572 Telephum
1114 2527 1260 2562 nomine
1275 2541 1284 2568 ς
1308 2529 1407 2572 cujus
1436 2530 1572 2564 mentio

888 2579 977 2625 apud
993 2579 1138 2627 Hygia„
1154 2591 1211 2613 ιοι
1227 2594 1236 2622 ;
1255 2580 1574 2628 Pausan.v111,48;

886 2630 1048 2677 Apollod.
1063 2642 1092 2665 11
1105 2657 1115 2676 ,
1137 2645 1166 2677 7.

930 2686 985 2719 50.
1010 2685 1081 2718 Nec
1102 2683 1244 2728 restrum
1261 2688 1403 2728 partus,
1437 2687 1577 2723 Ormeni

886 2738 1056 2784 Nympha,
1085 2739 1168 2771 tuos.
1193 2736 1433 2784 Astydamiam
1457 2738 1570 2773 intel·-

886 2789 961 2835 ligii
975 2815 984 2833 ,
1003 2788 1157 2825 Ormeni
1168 2789 1258 2835 regis
1267 2788 1377 2824 filiam
1395 2803 1404 2825 :
1419 2803 1485 2826 nec
1494 2803 1572 2826 eam

1305 2866 1354 2895 12
