1884 3112
681 258 1077 303 PRAEFATIO.
1161 322 1169 332 θ
1516 272 1597 304 xm

173 359 382 420 deveniO,
413 376 544 426 quam
575 340 783 407 ‘Aldinam
810 369 990 416 vocant,
1025 368 1070 406 et
1102 374 1199 424 quae
1229 367 1375 405 totum
1399 356 1488 406 fere
1517 376 1599 406 sae-

172 448 323 499 culum
357 461 442 498 XVI
475 448 706 515 complexa
720 485 732 507 ,
775 466 847 496 eas
886 446 1045 495 criticae
1075 445 1180 494 artis
1210 444 1328 508 leges
1360 446 1538 512 posuit,
1577 465 1602 494 a

173 539 340 606 quibus
367 538 537 587 utinam
559 557 653 586 non
683 537 746 586 ita
770 535 1070 593 recessissent,
1096 535 1173 602 qui
1199 535 1378 602 postea!
1403 537 1605 583 Fuerunt

173 627 337 676 etenim
349 626 427 693 qui
441 624 786 688 ingeniosiorem
797 635 912 672 certe
923 659 935 681 ,
951 621 1065 670 nulli
1078 642 1196 680 vero,
1214 623 1291 689 qui
1303 623 1535 671 rectiorem
1552 622 1608 670 ad

176 713 535 782 interpretandos
554 711 622 762 vel
644 711 943 762 emendandos
965 723 1168 760 auctores
1193 710 1307 759 viam
1328 711 1606 777 paraverint:

177 823 276 872 quae
287 802 383 854 laus
399 823 452 853 eo
467 803 631 870 major,
656 821 745 870 quo
761 802 970 870 pauciora
987 801 1120 868 ipsis,
1143 801 1308 868 quibus
1326 802 1611 868 propositum

178 904 536 961 assequerentur,
557 903 721 960 praesto
738 903 885 941 essent
901 890 1120 948 subsidia;
1143 901 1186 938 et
1205 890 1417 939 acriorem
1436 910 1614 939 sensum

179 982 342 1032 habere
374 979 578 1049 oportuit
605 991 700 1028 tum
734 979 962 1042 elegantiae
987 979 1223 1036 universae,
1249 989 1343 1026 tum
1374 977 1615 1027 characteris

178 1069 420 1137 unicuique
438 1080 669 1119 auctorum
687 1067 888 1135 proprii,
916 1079 987 1125 ut,
1010 1066 1137 1115 nullo
1160 1067 1248 1116 fere
1267 1066 1400 1125 duce,
1427 1066 1614 1129 dignos—

144 1174 149 1181 ‘
184 1170 353 1219 cerem,
378 1158 487 1226 quid
508 1157 775 1222 genuinum,
801 1157 910 1223 quid
932 1155 1201 1214 adulterum;
1220 1155 1482 1222 ejiciendum
1505 1155 1616 1223 quid
1675 1159 1679 1164 ‘

183 1266 236 1297 ex
253 1247 403 1315 operis
424 1258 656 1305 contextu,
681 1245 789 1312 quid
811 1246 858 1292 in
877 1243 1003 1292 illum
1021 1241 1323 1311 recipiendum
1346 1257 1471 1293 esset.

250 1335 442 1402 Propria
454 1334 549 1383 laus
563 1334 656 1383 haec
669 1334 721 1382 A
723 1332 860 1381 ndreoe
882 1333 1104 1399 Naugen'i,
1131 1332 1207 1399 qui
1226 1333 1395 1399 primus
1410 1334 1552 1383 socias
1567 1335 1616 1383 in

188 1422 359 1472 edendo
375 1423 555 1471 Nasone
574 1440 700 1470 curas
722 1440 822 1469 cum
842 1420 973 1469 Aldis
998 1419 1190 1468 contulit
1209 1441 1219 1468 :
1241 1421 1394 1487 Jacop.
1419 1422 1588 1492 Im'qylli
1598 1462 1611 1480 ,

190 1510 249 1560 V
239 1511 305 1559 ict-
331 1509 524 1566 Giselim',
539 1508 616 1557 sed
630 1508 874 1575 praesertim
888 1507 1083 1556 Herculeis·
1106 1506 1292 1573 Ciosani,
1318 1507 1488 1571 (italice
1511 1511 1618 1558 Cio-

172 1601 336 1667 sano),
361 1599 458 1666 qui,
476 1617 614 1666 quum
637 1599 794 1666 etipse
809 1594 1117 1646 Sulmonensis
1139 1609 1277 1657 esset,
1306 1598 1353 1646 in
1380 1618 1432 1648 eo
1455 1601 1619 1648 versari

186 1688 340 1756 patriae
359 1686 503 1737 laudis
521 1699 692 1755 partem
706 1687 827 1736 haud
842 1687 1045 1750 exiguam
1066 1686 1331 1735 existimavit
1344 1724 1356 1746 ,
1381 1688 1419 1735 si
1440 1701 1619 1755 poetam

189 1777 528 1828 Sulmonensem
548 1777 720 1827 civibus
745 1777 837 1826 suis
871 1777 1152 1840 castigatum,
1177 1789 1221 1825 et
1251 1778 1480 1826 commode
1512 1779 1619 1827 satis

189 1866 459 1917 illustratum
482 1867 745 1916 restitueret.
769 1868 863 1915 Nec
885 1885 1010 1934 spem
1031 1877 1212 1915 eventus
1233 1866 1415 1925 fefellit;
1450 1880 1494 1916 et
1523 1887 1621 1934 quae

190 1957 368 2006 Nasone
379 1955 536 2004 merito
552 1953 769 2019 gloriatur
781 1955 933 2004 civitas
943 1993 955 2015 ,
978 1974 1101 2022 aeque
1116 1955 1279 2019 gaudet
1293 1956 1476 2019 dignum
1488 1968 1626 2027 poeta-¹

192 2061 275 2093 suo
296 2034 583 2111 interpretem
606 2041 822 2109 Ciosanum
842 2043 1075 2092 invenisse.

258 2133 360 2182 Hoc
382 2133 594 2182 interesse
614 2132 880 2181 discriminis
899 2133 1015 2182 inter
1030 2132 1151 2182 illius
1172 2135 1310 2182 aetatis
1324 2172 1336 2191 ,
1360 2145 1404 2182 et
1422 2135 1498 2201 qui
1515 2135 1622 2184 sub-

197 2221 374 2287 sequuti
389 2232 494 2270 sunt
506 2232 895 2279 commentatores,
918 2219 1224 2279 animadverti,
1238 2222 1365 2288 quod
1378 2221 1622 2270 modestius

199 2306 252 2356 de
269 2309 415 2375 seipsi
435 2309 606 2376 priores
625 2309 842 2368 sentiant;
861 2320 905 2358 et
922 2309 960 2358 si
978 2308 1086 2375 quid
1100 2310 1322 2359 interdum
1341 2312 1394 2360 de
1415 2331 1497 2360 suo
1516 2330 1625 2379 pro-

197 2395 366 2455 ferant,
389 2397 535 2446 sobrie
555 2417 746 2464 semper,
767 2417 849 2446 nec
870 2398 926 2446 ad
948 2399 1290 2449 ostentationem
1311 2401 1401 2459 sui,
1427 2401 1502 2450 sed
1527 2414 1624 2450 tan—

200 2495 296 2532 tum
317 2483 374 2533 ad
394 2483 735 2534 illustrationem
751 2486 827 2534 rei.
852 2486 1083 2553 Nusquam
1098 2486 1201 2536 illos
1217 2488 1520 2555 deprehendas
1534 2490 1624 2537 dic-

202 2572 363 2622 tatoria
383 2592 488 2622 voce
510 2571 800 2622 exclamantes
823 2593 833 2622 :
858 2573 931 2622 Sic
951 2574 1194 2642 legendum!
1231 2577 1288 2624 sic
1300 2576 1482 2644 profecto
1503 2579 1626 2627 Naso

201 2661 438 2728 scn'psisset;
453 2672 534 2710 etc.
551 2660 782 2727 multoque
791 2661 938 2710 minus
950 2673 1172 2710 auctorem
1186 2662 1334 2729 ipsum
1346 2683 1429 2731 pro
1442 2664 1628 2713 libidine

206 2749 536 2816 perturbantes,
549 2761 615 2799 ’ut
637 2749 752 2799 dicat
769 2750 877 2817 quid
898 2749 964 2799 illi
985 2749 1220 2802 dicendum
1242 2753 1499 2813 statuerint,
1523 2754 1628 2820 quia
