1884 3112
309 222 396 266 358

734 221 1087 268 EPISTOLA
1122 223 1282 268 XIX.

303 315 422 363 Arte·
435 310 643 362 laboratae
663 314 900 362 vincuntur
922 314 977 363 ab
993 316 1172 380 'aequore
1196 333 1399 382 puppes:

368 392 439 439 Tu
457 405 530 439 tua
553 391 653 456 plus
678 391 808 440 remis
832 391 1012 440 brachia
1034 407 1165 458 posse
1188 395 1353 459 putes?

306 467 454 531 Quod
466 467 612 534 cupis,
637 467 723 516 hoc
744 479 886 516 nautae
909 478 1131 526 metuunt,
1156 468 1352 518 Leandre
1367 506 1379 528 ,
1405 480 1552 519 natare
1573 489 1589 518 ε·
1654 485 1716 521 ι85

366 543 524 591 Exitus
547 543 620 591 hic
639 543 790 594 fractis
810 545 1039 610 puppibus
1061 563 1154 593 esse
1178 545 1304 594 solet.

302 622 379 670 Me
401 621 624 676 miseram!
651 621 783 687 cupio
808 640 902 669 non
924 622 1204 688 persuadere,
1231 623 1558 690 quodaehort0r3
1589 647 1591 650 ⁴

367 697 547 764 Sisque,
573 717 752 764 precor,
766 699 957 746 *monitis
980 699 1139 747 fortior
1161 699 1255 766 ipse
1276 700 1397 750 meis.

304 773 559 822 Dummodo
583 774 829 839 perveniaS,
855 794 1122 841 excussaque
1146 795 1259 843 saepe
1279 796 1359 843 per
1380 777 1523 826 undas

368 851 543 916 Injicias
566 851 760 899 humeris
776 851 956 900 brachia
974 851 1086 900 lassa
1108 853 1230 901 meis.

1654 879 1717 917 ¹9⁰

305 927 393 976 Sed
415 927 545 984 mihi,
568 926 770 975 caeruleas
791 928 964 993 quoties
990 929 1199 978 obvertor
1221 929 1277 978 ad
1298 930 1461 989 undas,

368 1005 529 1053 Nescio
555 1023 651 1070 quae
673 1005 879 1070 pavidum
901 1005 1068 1067 frigora
1088 1018 1241 1073 pectus
1263 1008 1458 1066 habent;

303 1084 394 1132 Nec
417 1083 563 1131 minus
586 1083 800 1131 hesternae
821 1082 1071 1131 confundor
1094 1084 1280 1147 imagine
1301 1086 1468 1144 noctis,

370 1159 582 1222 Quamvis
602 1170 669 1207 est
693 1159 826 1208 sacris
849 1159 924 1208 illa
946 1160 1066 1226 piata
1087 1161 1208 1209 meis.

302 1238 502 1303 Namque
527 1238 610 1286 sub
635 1238 838 1296 Aurora,
856 1238 945 1303 jam
969 1238 1234 1288 dormitante
1257 1238 1454 1298 lucerna,

348 1334 418 1368 183.
442 1334 528 1369 Arte
551 1336 710 1368 laborate
738 1337 918 1369 vincuntur
931 1338 976 1369 ab

300 1399 424 1431 oequore
432 1398 568 1429 puppes.
579 1385 708 1420 Melior
716 1385 816 1420 lectio
826 1387 876 1421 :in
891 1387 975 1431 aliis,

300 1441 373 1471 arie
392 1440 550 1471 laboralae
574 1442 766 1481 merguntur
783 1440 827 1472 a'b
850 1452 976 1483 oequore

295 1501 432 1533 puppes.
467 1487 571 1523 CIOF.
601 1489 671 1524 Sed
694 1502 758 1535 ego
789 1490 871 1524 illud
890 1504 978 1525 mer-

297 1545 423 1585 guntur
438 1567 447 1582 ,
485 1540 629 1585 glossam
654 1554 726 1576 esse
752 1542 879 1576 librarii
906 1542 976 1576 ad—

299 1592 441 1626 firmare
463 1592 573 1626 ausim
597 1606 604 1626 :
629 1600 667 1627 ut
692 1600 726 1626 et
742 1593 972 1637 franguntur,

302 1643 394 1688 quod
416 1644 453 1677 in
470 1643 688 1682 Menteliano
709 1651 783 1679 erat
800 1657 807 1678 ε
827 1644 975 1690 elegan-

302 1696 369 1736 tius
385 1696 481 1733 enim
494 1722 503 1740 ,
529 1702 565 1730 et
580 1709 599 1730 a
614 1696 705 1741 vulgi
727 1709 792 1731 usu
807 1693 974 1732 remotius

300 1751 484 1782 vincuntur.
499 1747 620 1792 virgil.
637 1747 676 1782 ix
690 1773 699 1791 ,
716 1761 755 1795 91
770 1758 778 1779 :

301 1807 342 1832 Ne
353 1816 431 1832 cursu
443 1812 567 1841 quassato
580 1807 633 1833 ullo
641 1825 653 1840 ,
673 1817 725 1832 neu
735 1808 838 1833 turbine
849 1810 921 1834 venti

809 1858 907 1884 Eunu.

300 1924 345 1930 —
360 1903 536 1939 Adludere
549 1904 604 1939 hic
619 1911 758 1950 poetam
775 1905 816 1939 ad
829 1906 973 1941 tutelam

300 1955 396 1991 navis
408 1982 417 1998 ,
434 1956 503 1990 sive
523 1957 649 1991 affabre
662 1960 847 1992 laboratam
861 1958 974 1991 numi-

300 2008 354 2042 nis
365 2007 552 2052 imaginem
566 2008 601 2043 in
610 2009 714 2054 puppi
727 2035 735 2052 ,
756 2009 871 2044 minus
880 2016 974 2044 recte

298 2059 433 2096 censuit
447 2060 684 2095 Burmannus.
699 2060 858 2095 Limum).

345 2126 358 2146 1
365 2112 417 2155 84.
426 2113 531 2146 Posse
537 2116 650 2156 putas.
658 2114 763 2146 Putes
770 2112 839 2146 duo
847 2113 971 2158 scripti.

345 2163 416 2197 186.
440 2166 617 2207 Puppibus.
633 2163 808 2204 Navibus}
824 2165 972 2210 Regius:

299 2214 391 2258 quod
409 2214 539 2259 placet,
564 2215 643 2260 quia
658 2229 785 2260 puppes
801 2215 972 2262 praecedit.

297 2267 420 2302 Douza
436 2267 490 2300 hic
507 2272 624 2302 natare
639 2281 702 2312 pro
724 2268 883 2313 navigare
900 2280 972 2313 po-

296 2318 402 2353 situm
418 2318 537 2363 accipit
554 2328 562 2349 :
581 2326 614 2352 et
631 2319 734 2364 legit,
761 2322 871 2353 exitus
890 2321 969 2361 hic,

295 2370 330 2404 id
351 2376 422 2413 est,
440 2370 506 2404 hoc
521 2370 596 2404 loco
608 2370 695 2406 solet
710 2371 828 2405 venire
841 2371 948 2405 exitus
959 2397 969 2414 ,

295 2421 331 2455 id
348 2429 399 2456 est
414 2422 605 2456 submersio
623 2429 658 2456 et
671 2422 818 2467 perditio
834 2422 968 2468 navigii.

296 2474 434 2507 Verum
451 2474 592 2518 quidem
609 2481 660 2508 est
674 2479 792 2508 natare
810 2474 892 2519 poni
906 2486 969 2519 pro

297 2524 457 2570 navigare
472 2551 481 2568 ,
501 2532 539 2559 ut
553 2525 668 2560 docuit
689 2524 804 2559 Cerda
820 2524 862 2559 ad
873 2525 969 2571 Virg.

296 2586 335 2608 1v
347 2601 356 2618 ‚
375 2576 514 2610 AEneid.
530 2576 594 2624 398
609 2590 617 2611 ι
634 2584 669 2611 et
684 2576 730 2611 ita
747 2577 968 2620 Nostervm,

296 2628 385 2662 Met.
406 2630 488 2671 1043
512 2628 571 2662 sed
596 2632 714 2662 natare
736 2628 793 2663 hic
815 2628 857 2662 de
873 2641 969 2662 nau—

294 2679 395 2723 fragis
418 2679 643 2725 capiendum,
670 2680 728 2726 qui
742 2680 864 2725 fracta
884 2693 968 2715 nave

295 2735 427 2765 natant.
447 2731 575 2767 Bunm,

306 1856 461 1880 Vincuntur.

1654 1255 1714 1301 ¹95

1091 1350 1103 1370 1
1110 1337 1160 1382 8'7.
1177 1337 1277 1380 Quod
1282 1338 1401 1371 hodor.
1413 1337 1501 1381 Opto
1508 1335 1572 1372 alii.
1581 1337 1713 1374 Hnms.

1040 1388 1136 1423 Nihil
1152 1396 1269 1433 muta,
1286 1401 1369 1423 nam
1379 1401 1475 1434 aeque
1492 1389 1614 1430 Latine
1625 1388 1691 1424 dici
1703 1415 1714 1433 ,

1040 1442 1156 1474 hortor
1161 1442 1306 1485 aliquid,
1329 1447 1431 1486 atque
1441 1442 1492 1475 ad
1498 1442 1640 1485 aliquid,
1656 1440 1716 1475 do-

1040 1491 1111 1526 cuit
1128 1518 1137 1535 ‚
1176 1491 1242 1527 hoc
1273 1492 1378 1527 etiam
1407 1492 1484 1528 loco
1518 1491 1688 1539 producto
1702 1518 1713 1537 ,

1039 1556 1195 1579 summus
1208 1544 1418 1588 Gronovius,
1428 1544 1470 1580 ad
1478 1544 1561 1580 Sen.
1569 1544 1633 1591 Ep.
1639 1558 1652 1579 1
1658 1558 1676 1579 2
1682 1558 1695 1579 1
1702 1570 1713 1588 ‚

1039 1601 1075 1629 et
1091 1595 1198 1629 Tacit.
1216 1606 1272 1639 x1,
1293 1595 1419 1630 Annal.
1436 1597 1477 1638 3;
1505 1603 1540 1631 et
1558 1595 1715 1631 Graevius

1039 1646 1082 1680 ad
1098 1646 1208 1681 Cicer.
1225 1658 1297 1690 vn„
1317 1647 1358 1681 ad
1378 1647 1450 1682 Att.
1473 1649 1522 1691 14.
1539 1648 1669 1683 Bmur.

1085 1711 1097 1731 1
1103 1711 1141 1744 91
1148 1724 1155 1731 .
1178 1699 1247 1732 Sed
1253 1701 1504 1733 mihicaeruleas
1513 1702 1642 1744 quoties
1651 1701 1713 1733 ob-

1038 1753 1147 1784 vertor
1157 1751 1207 1783 ad
1219 1752 1336 1784 undas.
1356 1751 1410 1785 Ita
1430 1750 1618 1796 legendum
1634 1757 1685 1786 est
1701 1763 1711 1785 ε

1037 1813 1111 1835 non
1133 1808 1173 1835 ut
1200 1801 1490 1846 Commentator,
1519 1802 1578 1847 qui
1599 1802 1683 1848 legit
1701 1829 1711 1848 ,

1036 1855 1197 1887 obversor.
1209 1853 1272 1888 Est
1281 1860 1398 1888 autem
1408 1867 1527 1888 sensus
1538 1866 1546 1888 :
1560 1853 1711 1899 Quoties

1037 1904 1200 1939 obvertor
1207 1904 1250 1939 ad
1261 1905 1370 1940 undas
1383 1920 1391 1947 ;
1408 1904 1475 1940 hoc
1487 1912 1539 1940 est
1550 1931 1559 1949 ,
1577 1906 1711 1951 quoties
1760 1932 1763 1934 —

1037 1957 1167 2002 cogito,
1186 1957 1239 1991 vel
1256 1957 1399 2002 respicio
1416 1957 1459 1991 ad
1475 1957 1605 2001 undas,
1621 1959 1711 1992 Nes-

1036 2012 1089 2042 cio
1102 2011 1193 2053 quod
1197 2011 1354 2052 pavidum
1361 2013 1502 2053 pectora
1507 2009 1625 2054 fulgus
1638 2010 1710 2044 ha-

1036 2063 1123 2094 beat.
1156 2060 1247 2094 Nam
1269 2068 1304 2095 et
1327 2059 1420 2095 hunc
1441 2073 1580 2095 versum
1601 2060 1709 2106 magis

1035 2112 1163 2156 probo,
1176 2125 1281 2157 quam
1296 2119 1334 2146 ut
1345 2111 1447 2157 vulgo
1462 2111 1588 2158 legitur
1598 2138 1608 2156 ‚
1621 2114 1710 2147 Nes·-

1035 2167 1087 2197 cio
1099 2165 1180 2208 quid
1180 2165 1339 2207 pavidum
1340 2163 1470 2217 frigore
1472 2167 1591 2207 pectus
1597 2165 1708 2198 babet.

1082 2229 1151 2261 ¹92·
1175 2217 1299 2250 Nescio
1310 2217 1400 2260 quod
1404 2217 1562 2259 pavidum
1568 2219 1709 2260 pectora

1023 2266 1138 2310 sagrus
1170 2269 1280 2301 habel.
1321 2267 1493 2302 Putabam
1523 2266 1707 2312 aliquando

1033 2320 1141 2352 hebel.
1157 2319 1261 2355 Nunc
1272 2318 1396 2353 accedo
1406 2318 1591 2354 duodecim
1600 2319 1708 2365 scrip-

1034 2370 1076 2407 tis
1092 2371 1263 2405 codicibus
1275 2397 1284 2414 ,
1304 2370 1363 2416 qui
1379 2370 1519 2416 legunt:

1064 2425 1159 2451 Nescio
1171 2434 1228 2458 quse
1240 2425 1364 2458 pavidum
1378 2425 1473 2458 frigora
1484 2431 1574 2458 pectus
1585 2425 1688 2452 habent.

1033 2473 1091 2512 Sic
1107 2486 1244 2518 quoque
1268 2473 1504 2509 Mentelianus
1520 2474 1616 2512 alter.
1634 2473 1706 2509 Ar-

1034 2526 1199 2570 gentinus
1217 2535 1225 2556 =
1242 2527 1244 2529 ’

1175 2580 1303 2606 Pavidum
1314 2585 1416 2613 pectore
1427 2580 1509 2614 frigus
1518 2580 1604 2606 habet.

1032 2629 1137 2664 Forte
1163 2642 1171 2664 ε
1201 2642 1264 2675 pro
1284 2631 1443 2674 pavidam
1461 2633 1596 2674 pectore
1608 2655 1618 2671 ‚
1645 2628 1700 2664 vel

1026 2684 1158 2725 pavidoe
1168 2686 1315 2726 pectora.
1334 2682 1466 2716 HELNS.

1076 2735 1147 2782 195.
1159 2734 1224 2768 Sub
1241 2734 1382 2770 Aurora.
1392 2732 1444 2767 Ita
1454 2731 1533 2766 edit.
1546 2731 1676 2777 priores
1685 2757 1696 2776 ,
