1884 3112
274 247 360 291 268
406 266 417 276 ⁵

705 252 1080 302 -EPISTOLA
1117 258 1230 307 XV.

267 329 432 389 Factus
455 341 587 408 inops
609 342 715 406 agili
737 346 910 411 peragit
929 347 1039 397 freta
1062 350 1217 400 caerula
1238 371 1384 412 remo:
1643 374 1689 410 65

335 418 548 484 Quasque
570 419 682 469 male
706 422 874 481 amisit,
901 443 1019 473 nunc
1043 425 1153 475 male
1179 430 1334 495 quaerit
1358 442 1485 497 opes.

273 495 351 544 Me
377 516 576 563 quoque,
601 499 724 565 quod
746 501 901 550 monui
923 502 1036 551 bene
1061 503 1200 554 multa
1227 506 1435 567 fideliter,
1457 508 1552 559 odit
1574 530 1586 560 ε

331 574 429 622 Hoc
452 575 562 623 mihi
585 575 787 636 libertas,
810 577 897 627 hoc
921 580 997 646 pia
1020 580 1171 645 lingua
1195 583 1326 635 dedit.

263 649 324 696 Et
347 660 555 717 tanquam
580 653 747 712 desint,
775 674 872 720 quae
896 666 964 706 me
989 658 1084 708 sine
1106 660 1192 710 fme
1216 662 1422 728 fatigent,

326 726 592 778 Accumulat
616 749 741 778 curas
765 731 853 780 filia
876 751 1010 798 parva
1031 754 1161 786 meas.
1216 737 1218 739 ’
1640 770 1683 808 7⁰

261 800 428 851 Ultima
454 816 502 854 tu
525 807 690 855 nostris
714 809 883 857 accedis
906 829 1035 859 causa
1058 813 1259 878 querelis.

325 880 427 928 Non
446 882 592 944 agitur
612 895 743 932 vento
767 897 919 934 nostra
941 887 1087 936 carina
1111 908 1207 938 suo.

260 956 373 1004 Ecce
393 956 539 1021 jacent
563 958 677 1007 collo
701 961 839 1026 positi
867 962 960 1011 sine
987 963 1082 1027 lege
1107 967 1255 1033 capilli
1276 989 1286 1017 :

323 1033 414 1082 Nec
436 1036 598 1100 premit
620 1037 831 1086 articulos
856 1037 999 1087 lucida
1023 1059 1191 1103 gemma
1209 1062 1345 1093 meos·

258 1112 390 1160 Veste
410 1124 538 1176 tegor
559 1114 635 1162 vili
656 1135 665 1162 :
689 1115 862 1165 nullum
884 1129 951 1165 est
974 1118 1021 1165 in
1045 1119 1242 1170 crinibus
1265 1141 1419 1171 aurum
1438 1143 1449 1172 ε
1637 1142 1680 1186 75

320 1190 425 1236 Non
449 1190 602 1238 Arabo
626 1204 780 1240 noster
802 1212 901 1242 rore
927 1194 1112 1261 capillus
1137 1196 1242 1246 olet.

258 1267 343 1314 Cui
367 1266 485 1315 colar
508 1268 682 1327 infelix,
707 1282 783 1318 aut
807 1271 877 1319 cui
901 1271 1120 1338 placuisse
1145 1272 1380 1326 laborem?

320 1344 399 1394 Ille
423 1346 509 1394 mei
533 1346 680 1395 cultus
703 1349 861 1397 unicus
886 1362 1039 1398 auctor
1061 1351 1199 1400 abest.

255 1422 394 1472 Molle
417 1443 562 1473 meum
581 1423 752 1474 levibus
777 1445 854 1474 cor
877 1439 944 1476 est
964 1426 1169 1477 violabile
1194 1427 1293 1478 telis
1312 1447 1324 1478 ε

295 1580 349 1614 65.
365 1582 507 1626 Peragit
511 1583 620 1627 stela.
635 1583 758 1619 Innuit
772 1596 856 1619 vero
876 1584 931 1631 pi-

250 1638 363 1666 ratam
379 1633 519 1668 sactum.
539 1635 666 1670 Piratae
685 1636 781 1670 enim
802 1637 860 1671 ἀπὶ
879 1643 932 1672 τοῦ

250 1689 371 1733 πειρᾷν,
397 1698 416 1719 a
435 1689 628 1730 peragendo
653 1694 689 1722 et
709 1688 930 1735 pervagando

250 1737 360 1771 maria
377 1737 459 1772 dicti
472 1751 480 1773 :
496 1746 532 1773 et
545 1738 626 1774 hinc
638 1739 733 1774 addit
743 1738 831 1775 inale
842 1754 931 1786 φησ-

249 1792 296 1823 rit
323 1803 421 1834 opes,
451 1791 544 1837 turpi
570 1799 702 1837 quaestu
716 1818 725 1836 ,
759 1805 833 1827 non
852 1820 861 1837 ,
889 1800 929 1828 ut

251 1839 453 1885 Domitius,
481 1842 600 1877 multis
631 1842 863 1878 incommodis
893 1850 929 1878 et

248 1891 389 1935 labore;
412 1893 478 1928 nisi
501 1900 651 1929 statuere
664 1895 814 1931 velimus
830 1894 928 1929 illum

249 1944 419 1991 remigem
435 1946 576 1981 sactum.
605 1946 738 1982 BURM.

294 2010 346 2043 7⁰·
369 1999 461 2032 Filia
469 2011 587 2043 parva.
609 1998 702 2035 Cleis
717 1999 797 2035 filia.

293 2063 345 2094 72.
369 2051 446 2084 Non
461 2055 562 2085 vento
581 2063 651 2085 suo.
673 2051 842 2088 Adverso.

293 2101 345 2145 ¹73.
369 2103 461 2137 Ecce
478 2104 606 2146 jacent
624 2106 712 2138 collo
727 2108 841 2149 posili
855 2108 930 2141 sine

248 2154 322 2197 lege
330 2156 456 2198 capilli.
469 2154 542 2190 Lib.
552 2162 699 2200 veteres,
713 2161 834 2201 sparsi,
854 2169 929 2192 non

243 2208 357 2249 positi
368 2205 499 2241 habent
515 2220 523 2242 :
540 2208 718 2253 quomodo
736 2208 854 2255 legisse
874 2209 930 2244 vi-

250 2255 355 2291 detur
370 2256 558 2293 Domitius.
581 2258 686 2295 Clor.
712 2261 833 2304 passi,
854 2261 929 2296 Re-

249 2309 333 2354 gius.
352 2310 485 2350 HEVINS.

293 2361 345 2406 76.
375 2363 452 2397 Non
478 2363 595 2398 Arabo
621 2368 739 2398 noster
759 2371 823 2399 etc.
851 2365 928 2400 lVon

248 2413 399 2448 Arabum
422 2418 539 2449 noster
559 2417 649 2450 dona
669 2418 813 2461 capillus
836 2419 925 2458 olel,

249 2465 445 2512 Naugerius
471 2480 480 2502 ε
502 2467 613 2502 nostri
642 2481 784 2515 omnes,
810 2470 927 2504 Ambo

247 2530 319 2551 rore
339 2530 349 2551 :
373 2518 467 2563 quod
490 2525 623 2555 temere
647 2528 784 2556 mutare
805 2521 926 2557 nolim.

249 2569 342 2603 Nam
362 2577 396 2604 et
413 2571 470 2605 lib.
491 2583 536 2615 v,
564 2572 711 2607 Metam.
733 2575 797 2617 405
814 2587 822 2609 ε
838 2576 926 2608 olem

247 2634 330 2655 cum
345 2628 439 2656 sexto
450 2636 530 2658 casu
539 2624 719 2670 conjunxit
731 2637 739 2659 :
752 2625 810 2660 ubi
821 2625 926 2661 habes

248 2675 376 2708 olentia
390 2677 546 2718 sulphure
571 2680 695 2721 stagna
714 2678 925 2722 Palicorum,-

249 2737 319 2769 quo
327 2725 471 2760 nomine
483 2740 502 2760 a
513 2727 687 2763 Diomede
699 2730 924 2775 grammatico

249 2783 413 2823 notatur,
437 2784 603 2825 tanquam
619 2781 807 2828 improprie
827 2781 924 2818 locu-

995 1592 1050 1621 tus
1066 1599 1074 1621 :
1090 1592 1125 1621 at
1139 1587 1300 1623 Valerius
1322 1588 1484 1634 Flaccus,
1504 1589 1562 1626 lib.
1580 1601 1674 1628 vm:

994 1640 1122 1672 olentes
1136 1641 1292 1684 sulphure
1307 1645 1417 1675 cn'nes
1430 1654 1568 1688 quoque
1581 1642 1675 1678 dixit.

995 1690 1135 1725 Martial
1150 1703 1158 1725 ε
1174 1692 1286 1736 Atque
1300 1694 1410 1727 oluere
1430 1695 1521 1728 lan-s
1545 1706 1676 1730 comes-

993 1746 1106 1776 satore
1127 1743 1237 1789 Lyco.
1256 1744 1415 1789 Propert.
1429 1743 1450 1777 l.
1466 1756 1518 1788 lv,
1533 1744 1586 1780 El.
1597 1756 1652 1780 vn
1665 1757 1674 1780 :

1027 1797 1082 1822 Cur
1095 1797 1174 1822 nardo
1187 1796 1295 1823 flamma
1307 1807 1359 1823 non
1371 1799 1458 1823 oluere
1470 1800 1556 1825 mea?
1571 1801 1670 1828 111718

1038 1845 1087 1891 78.
1104 1846 1347 1881 Auctorabest.
1365 1847 1462 1882 Abes
1474 1848 1604 1883 malim.
1621 1849 1671 1884 H.

1038 1910 1088 1944 79.
1113 1899 1219 1933 Molle
1245 1912 1351 1934 meum
1381 1902 1508 1935 levibus
1536 1913 1596 1935 cor
1619 1905 1676 1935 est

991 1951 1151 1984 violabile
1173 1953 1262 1985 telle.
1284 1954 1328 1987 Τδ
1357 1965 1418 1987 cor
1442 1952 1648 1998 producitur
1658 1981 1669 1998 ,

992 2007 1113 2035 contra
1141 2015 1246 2047 quam
1261 2003 1357 2038 solet.
1381 2003 1488 2040 Certe
1518 2005 1647 2042 Noster
1658 2030 1670 2050 ‚

995 2052 1121 2098 Trist.,
1138 2054 1226 2089 libro
1241 2066 1286 2099 v,
1308 2055 1404 2102 Eleg.
1427 2067 1519 2102 vm,
1539 2058 1606 2093 28:

1025 2109 1107 2133 Molle
1117 2117 1161 2134 cor
1173 2109 1206 2134 ad
1218 2110 1322 2135 timidas
1335 2111 1372 2135 sic
1387 2110 1463 2136 habet
1477 2112 1520 2136 ille
1533 2120 1631 2146 preces.

994 2157 1087 2192 Nam
1113 2157 1150 2192 in
1180 2158 1236 2193 illa
1266 2158 1425 2204 ejusdem
1449 2159 1527 2195 libri
1549 2160 1668 2207 Elegia

994 2209 1105 2254 prima
1115 2235 1125 2253 ,
1142 2223 1266 2256 anceps
1276 2218 1327 2246 est
1336 2212 1521 2258 scriptura,
1539 2226 1572 2247 v,
1586 2212 1648 2248 63:

993 2265 1139 2297 strangulat
1145 2265 1260 2290 inclusus
1266 2265 1349 2297 dolor,
1356 2271 1434 2300 atque
1439 2275 1482 2291 cor
1489 2271 1579 2292 :estuat
1587 2267 1667 2293 intm.

996 2313 1122 2359 Quum
1130 2314 1166 2348 in
1184 2314 1374 2360 potioribus
1384 2315 1596 2350 membranis
1606 2315 1669 2359 sit,

992 2370 1091 2411 alque
1100 2371 1268 2401 exa-stuat
1279 2370 1372 2402 intus
1385 2380 1395 2401 .-
1410 2367 1471 2402 sed
1485 2367 1670 2414 corripitur

993 2427 1132 2463 quo'que
1150 2419 1244 2454 Pont
1255 2445 1264 2463 ,
1285 2418 1342 2454 lib.
1356 2429 1371 2453 1
1382 2444 1392 2463 ‚
1422 2419 1519 2465 Eleg.
1535 2430 1575 2454 Iv
1591 2445 1601 2463 ,
1623 2417 1668 2453 ad

994 2471 1189 2514 Rufinum;
1207 2478 1243 2505 et
1259 2471 1348 2505 libro
1358 2482 1382 2507 v
1393 2497 1403 2515 ,
1419 2471 1508 2506 Met.
1521 2471 1602 2506 Fab.
1618 2481 1667 2504 vt.

995 2522 1158 2558 Ciceroni
1169 2522 1273 2557 etiam
1285 2523 1321 2557 in
1333 2523 1491 2558 versione
1507 2522 1572 2556 loci
1588 2522 1668 2556 Ho-

991 2574 1110 2609 merici
1126 2587 1134 2609 :
1148 2575 1228 2618 Ipse
1241 2587 1336 2609 suum
1349 2587 1411 2609 cor
1418 2576 1533 2608 edens.
1559 2573 1666 2607 Mar-

991 2626 1060 2660 tiali
1077 2627 1182 2661 etiam
1192 2626 1279 2660 libro
1292 2637 1314 2660 x
1327 2653 1336 2670 ,
1364 2626 1427 2671 Ep.
1445 2627 1504 2666 15;
1529 2631 1563 2658 et
1581 2624 1664 2658 Au-

990 2678 1089 2713 sonio
1101 2679 1138 2713 in
1151 2677 1415 2724 epigrammatis.
1431 2676 1551 2721 Quare
1563 2689 1583 2710 a
1593 2676 1667 2711 Na-

989 2731 1081 2765 sonis
1095 2743 1204 2765 manu
1219 2730 1346 2775 opinor
1361 2741 1432 2764 esse
1447 2741 1455 2763 :
1476 2737 1498 2747 ““

988 2786 1072 2812 Moue
1086 2785 1148 2810 mihi
1158 2803 1165 2816 ,
1181 2784 1332 2818 levibusque
1341 2792 1385 2809 cor
1397 2788 1435 2809 est
1447 2782 1566 2809 vid-bne
1581 2782 1647 2808 telis.
