1884 3112
320 252 399 294 150

758 252 1122 296 EPISTOLA
1159 255 1278 298 VII.

374 342 554 399 Tristis,
580 353 624 390 et
646 341 797 390 effusis
820 342 1156 404 sanguinolenta
1177 345 1332 392 comis.
1676 375 1718 410 7⁰

313 418 547 484 Quidquid
571 418 616 465 id
640 429 726 474 est,
754 429 897 467 totum
919 419 1079 476 merui,
1106 420 1350 478 concedite,
1377 419 1521 471 dicas:

375 496 573 561 Quaeque
597 495 776 554 cadent,
802 496 850 543 in
874 508 914 545 te
936 495 1122 545 fulmina
1143 497 1275 546 missa
1296 509 1439 564 putes.

311 573 379 619 Da
401 572 533 620 breve
558 572 729 620 saevitiae
751 573 942 638 spatium
963 573 1194 640 pelagique
1221 586 1393 641 tuaeque
1411 594 1421 623 :

380 647 556 695 Grande
579 666 711 697 morae
734 649 926 713 pretium
950 660 1045 697 tuta
1065 649 1215 698 futura
1236 651 1306 698 via
1328 662 1405 699 est.

308 725 399 772 Nec
422 724 532 771 mihi
557 735 605 772 tu
628 743 802 790 parcas;
828 743 967 791 puero
991 738 1194 792 parcatur
1215 726 1327 774 Iulo.
1678 740 1721 786 75

375 802 439 849 Te
463 800 568 849 satis
592 813 658 849 est
682 801 860 849 titulum
882 803 1036 850 mortis
1058 803 1222 851 habere
1245 822 1351 851 meae
1372 823 1383 851 :

310 876 436 941 Quid
458 896 570 943 puer
592 878 829 938 Ascanius,
857 880 965 945 quid
987 879 1048 926 Di
1070 898 1266 927 meruere
1290 879 1507 927 Penates?

374 953 561 1015 Ignibus
585 966 759 1022 ereptos
785 956 946 1004 obruet
968 956 1088 1004 unda
1105 957 1237 1004 Deos.

313 1030 402 1079 Sed
418 1049 560 1096 neque
574 1029 665 1080 'fers
685 1043 852 1080 tecum:
870 1051 972 1090 nec,
994 1051 1090 1099 quae
1107 1032 1239 1090 mihi,
1263 1032 1450 1098 perfide,
1472 1032 1630 1098 jactas,

377 1107 641 1155 Presserunt
663 1108 869 1156 humeros
893 1128 1014 1157 sacra
1036 1121 1248 1175 paterque
1272 1119 1385 1156 tuos.
1677 1121 1721 1154 ευ

310 1182 473 1230 Omnia
494 1183 693 1231 mentiris
713 1202 723 1231 ε
741 1202 821 1232 nec
844 1184 960 1233 enim
982 1196 1057 1232 tua
1080 1184 1226 1233 fallere
1249 1184 1400 1247 lingua

372 1259 536 1325 Incipit
557 1279 583 1308 a
603 1260 759 1319 nobis,
785 1261 1012 1328 primaque
1037 1261 1210 1328 plector
1233 1281 1329 1324 ego.

307 1446 468 1469 sermone
481 1460 490 1478 ,
515 1435 574 1480 qui
590 1448 706 1470 sermo
721 1436 846 1472 chartis
862 1443 983 1473 trans-

309 1486 468 1520 mittitur.
479 1486 683 1521 Notandum
696 1501 833 1533 quoque
844 1489 880 1523 in
896 1489 986 1524 Ovi-

308 1536 366 1570 dio
378 1563 387 1580 ‚
406 1550 473 1581 qua
484 1544 558 1571 arte
574 1538 609 1571 in
626 1539 894 1584 subsequentem
910 1554 984 1575 ver-

308 1601 387 1622 sum
402 1589 599 1623 remittatur
613 1602 679 1623 vox
696 1594 803 1625 tristis
814 1619 822 1632 ‚
847 1604 922 1636 quae
938 1592 985 1626 sic

309 1639 471 1674 collocata
483 1666 492 1684 ,
521 1640 688 1675 lectorem
720 1643 811 1688 cogit
841 1643 984 1689 imagini

309 1691 502 1727 subsistere.

354 1756 405 1787 71.
427 1745 718 1788 Quidquid1'dest,
738 1749 842 1780 totum
856 1750 982 1787 merui,

310 1796 500 1836 concedite,
527 1797 633 1829 dicas.
658 1796 741 1830 Loci
771 1810 890 1832 sensus
915 1805 985 1833 est:

310 1845 412 1880 Dicas
431 1872 440 1889 ‚
482 1847 649 1882 exclames
666 1862 673 1889 ;
705 1848 872 1894 quidquid
900 1849 985 1883 illud

310 1909 421 1941 poenae
447 1904 516 1940 est,
543 1898 636 1943 quod
662 1900 748 1933 mihi
763 1900 983 1942 immittitur,

310 1954 425 1982 totum
437 1950 602 1985 meruisse
620 1964 677 1986 me
689 1952 808 1986 fateor.
838 1952 886 1986 At
900 1964 960 1986 vos
975 1979 985 1996 ,

310 2013 331 2034 o
345 2002 472 2046 superi,
482 2002 673 2046 concedite,
690 2003 885 2038 condonate
900 2003 987 2038 mihi

311 2060 500 2097 peccatum.
526 2054 663 2088 Eodem
687 2054 793 2089 modo
825 2055 885 2090 Sil.
908 2056 986 2090 lta-

309 2104 415 2148 licus,
438 2116 497 2149 VI,
516 2106 599 2140 582:

311 2164 448 2198 Quidquid
466 2165 493 2189 id
509 2171 563 2196 est,
586 2165 649 2190 dum
665 2174 717 2191 non
730 2165 848 2190 vinctum
864 2165 987 2198 Carthago

410 2219 506 2238 catenis

311 2260 433 2294 Abripiat
440 2280 448 2292 ‚
461 2270 590 2295 poeuoeque
600 2262 724 2287 instamet
736 2267 850 2287 monstra
860 2266 969 2295 pateruae
975 2280 985 2293 ‚

313 2309 422 2334 Gratum
434 2315 473 2334 est
486 2328 494 2340 ,
517 2319 532 2335 o
545 2310 630 2343 superi
642 2312 648 2334 ἰ

357 2367 407 2412 75.
423 2367 495 2401 Nec
509 2369 594 2401 mihi
605 2371 640 2400 tu
650 2379 785 2411 parcas.
814 2368 866 2401 Tu
880 2379 966 2401 curae
975 2393 984 2407 ,

314 2418 514 2453 Puteaneus
531 2426 566 2453 et
580 2419 634 2453 alii
650 2418 811 2453 nonnulli
823 2432 863 2452 ex
879 2418 987 2463 potio-

312 2471 415 2505 ribus.
442 2469 588 2506 Codices
613 2470 765 2505 Andreae
790 2470 923 2505 schotti
948 2470 985 2504 in

313 2521 637 2565 observationibus,
651 2524 723 2557 Nec
733 2524 987 2566 mihiparcatur.

312 2572 394 2606 Non
421 2576 592 2607 invenuste
618 2586 628 2607 .·
653 2573 829 2618 quomodo
860 2579 894 2607 et
918 2579 986 2606 tres

312 2635 353 2656 ex
369 2625 503 2659 nostris.
525 2625 653 2660 Similis
678 2638 761 2660 vero
785 2625 866 2660 huic
887 2625 962 2659 loco
974 2650 984 2668 ,

316 2674 424 2719 Epist.
442 2687 504 2709 nx
516 2701 526 2719 ‚
550 2679 614 2710 205
633 2690 641 2711 ε

311 2734 338 2758 δί
353 2733 400 2758 tihi
412 2743 463 2759 non
469 2735 559 2768 parcis
569 2753 584 2766 ,»
593 2735 692 2760 dilectae
700 2745 785 2770 parce
799 2736 899 2770 puellm.
915 2736 951 2760 H.

1049 1457 1092 1467 ·—
1110 1440 1192 1475 Non
1218 1439 1325 1474 modo
1346 1451 1421 1473 non
1441 1441 1615 1473 venustum
1629 1463 1638 1479 ,
1660 1436 1721 1472 sed

1048 1491 1249 1537 praedurum
1269 1517 1278 1534 ,
1313 1490 1498 1536 incipiente
1532 1488 1723 1536 pra-sertim

1048 1556 1150 1578 versu
1162 1570 1171 1587 ,
1191 1543 1281 1579 istud
1290 1547 1461 1587 parcatur.

1094 1609 1110 1641 7
1116 1609 1144 1641 7.
1156 1596 1248 1637 Quid
1252 1596 1305 1628 Di
1311 1607 1456 1628 metuent·
1462 1593 1634 1628 Penates?
1646 1592 1722 1637 Qui

1048 1645 1180 1680 suerint
1195 1645 1254 1679 Dii
1270 1646 1432 1688 Penates,
1449 1644 1644 1690 ambigitur.
1654 1643 1724 1678 Alii

1050 1698 1146 1733 enim
1161 1697 1288 1731 Jovem
1300 1722 1310 1740 ,
1326 1697 1509 1731 Junonem
1522 1708 1562 1730 ac
1577 1694 1723 1729 Miner—

1049 1761 1130 1784 vam
1144 1749 1246 1783 fuisse
1260 1748 1378 1783 aiunt:
1396 1747 1451 1781 alii
1467 1747 1675 1791 Neptunum
1688 1752 1724 1780 et

1051 1800 1270 1846 Apollinem;
1289 1799 1344 1834 alii
1364 1798 1514 1843 denique
1533 1796 1669 1832 Caelum
1684 1809 1723 1832 ac

1051 1852 1210 1887 Terram.
1222 1852 1274 1886 Ex
1289 1851 1453 1896 scriptore
1467 1849 1602 1884 Timaeo
1616 1849 1723 1883 refert

1050 1903 1196 1951 Dionys.
1218 1903 1394 1938 Halicarn.
1418 1901 1590 1946 Antiquit.
1610 1910 1624 1934 1
1638 1926 1648 1944 ,
1665 1912 1724 1934 ca-

1051 1955 1168 1990 ducaea
1183 1955 1284 1989 fuisse
1305 1966 1393 1989 aerea
1409 1960 1444 1988 et
1465 1954 1576 1987 ferrea
1588 1978 1598 1995 ‚
1623 1951 1724 1986 Tro-

1050 2006 1237 2052 janamque
1246 2012 1376 2040 terram
1383 2003 1534 2038 fictilem.
1544 2003 1624 2038 Hoc
1632 2003 1724 2037 sama

1050 2065 1190 2092 tantum
1207 2069 1215 2091 ε
1230 2056 1291 2092 sed
1307 2069 1388 2090 mox
1404 2055 1522 2090 asserit
1542 2053 1665 2090 vidisse
1686 2066 1723 2089 se

1050 2110 1086 2144 in
1106 2109 1235 2154 templo
1249 2107 1400 2153 quodam
1417 2107 1540 2141 Romae
1555 2108 1722 2147 Penates,

1052 2162 1111 2206 qui
1121 2160 1267 2205 Troiani
1282 2159 1496 2202 dicebantur,
1511 2158 1624 2192 forma
1635 2157 1725 2192 duo-

1050 2225 1131 2246 rum
1146 2213 1315 2257 juvenum
1338 2211 1553 2245 hastatorum
1567 2235 1577 2253 ,
1605 2209 1725 2244 habitu

1050 2264 1257 2299 sedentium.
1270 2263 1320 2297 Hi
1332 2270 1451 2298 tamen
1463 2261 1589 2297 Castor
1599 2268 1635 2295 et
1647 2259 1724 2296 Pol-

1051 2316 1108 2350 lux
1123 2328 1195 2350 esse
1210 2327 1284 2348 non
1300 2320 1460 2360 possunt,
1479 2325 1590 2358 quum
1603 2313 1724 2347 fratres

1052 2374 1166 2402 essent
1176 2366 1339 2400 Helenae:
1350 2366 1602 2407 Penatesvero,
1612 2362 1723 2397 multo

1053 2418 1276 2464 antiquiores.
1289 2435 1332 2444 ·-
1347 2416 1406 2451 Sic
1424 2415 1553 2452 Ruaeus
1562 2441 1572 2459 ,
1588 2413 1630 2449 ad
1640 2413 1723 2447 AEn.

1051 2482 1082 2505 11
1095 2497 1104 2514 ,
1131 2484 1203 2516 717.

1097 2536 1147 2569 79.
1177 2522 1247 2555 Sed
1256 2519 1439 2565 nequesers
1453 2522 1559 2552 tecum
1574 2522 1638 2550 etc.
1651 2515 1721 2550 In-

1050 2575 1184 2621 signem
1194 2576 1324 2618 pietate
1338 2572 1452 2605 virum
1462 2567 1632 2604 mendacii
1641 2573 1721 2601 ten-

1051 2634 1102 2661 tat
1117 2638 1271 2672 arguere.
1289 2623 1363 2668 Qui
1378 2622 1473 2658 enim
1479 2624 1557 2665 pius
1573 2619 1611 2653 in
1627 2617 1722 2652 Deos

1051 2686 1086 2713 et
1114 2685 1247 2724 patrem
1257 2703 1266 2720 ,
1297 2676 1355 2721 qui
1384 2673 1557 2720 perfidum
1580 2684 1615 2706 se
1640 2682 1721 2716 erga

1051 2730 1231 2765 Didonem
1251 2725 1475 2775 praestiterit?
