1884 3112
321 239 408 303 440

321 378 1017 391 οοοοοοοοοοοοοοοοοοοοοοοο

638 236 640 246 “
682 249 733 292 Ρ.
768 248 1005 295 ovlml
1039 250 1336 299 NASONIS

1038 380 1047 390 .
1071 380 1080 390 .
1105 381 1114 390 .
1137 344 1184 391 in
1203 363 1330 394 auras

317 418 514 475 Emicat,
540 429 670 483 atque
695 416 822 466 dolos
845 417 960 467 saltu
985 418 1158 468 deludit
1175 421 1357 471 inu-ltus.
1515 453 1517 455 ·
1689 441 1735 478 25

381 496 442 542 Et
462 495 660 543 Munoena
682 494 829 553 ferox,
854 496 1003 544 teretis
1027 497 1114 545 sibi
1137 499 1312 548 conscia
1336 493 1466 563 tergi,

318 570 388 618 Ad
415 569 554 620 laxata
577 572 716 635 magis
735 585 943 622 conversa
965 573 1181 623 foramina
1204 576 1332 635 retis,

318 647 515 695 Tandem
538 666 617 714 per
636 648 803 699 multos
825 651 970 699 evadit
993 651 1164 701 lubrica
1183 652 1344 712 flexus,

316 724 620 792 Exemploque
643 739 794 784 nocet,
817 728 987 777 cunctis
1010 729 1250 778 intervenit
1271 750 1361 779 una
1544 783 1546 785 ,

381 801 445 848 At
467 814 619 851 contra
642 803 836 870 scopulis
859 805 1012 854 crinali
1036 826 1222 873 corpore
1242 807 1389 870 segnis
1692 825 1736 859 3ο

316 876 514 943 Polypus
532 879 687 937 haeret,
713 893 757 929 et
774 881 856 930 hac
883 882 1023 931 eludit
1038 884 1149 932 retia
1170 883 1344 943 fraude,

319 955 380 1001 Et
402 955 485 1003 sub
506 955 599 1018 lege
623 956 709 1004 loci
733 959 867 1006 sumit
883 972 1111 1027 mutatque
1132 961 1350 1019 colorem;

321 1095 411 1129 Sidit
423 1098 545 1130 arenis.
558 1095 574 1130 l
578 1101 611 1129 ta
621 1109 685 1141 ego
699 1109 707 1131 :
718 1096 810 1131 Pith.
821 1100 913 1133 sidet
918 1111 994 1133 am-

320 1150 384 1180 nis.
403 1146 510 1181 MSS.
530 1149 619 1182 n'del
636 1152 757 1183 arenis.
778 1148 928 1185 Gesner:
940 1153 996 1184 la-

321 1200 403 1231 litat
410 1201 594 1233 submissus
608 1203 720 1234 aremlr
731 1213 814 1246 :pro
824 1214 884 1246 eo,
901 1201 996 1246 quod

321 1256 372 1283 est
388 1249 423 1283 in
443 1250 485 1284 A.
500 1253 596 1285 sedet
602 1255 704 1286 armis
714 1256 750 1287 ιἰι
761 1257 877 1287 austri.
891 1253 998 1298 Quo-

322 1314 402 1334 rum
434 1301 554 1336 ultima
582 1304 740 1348 proximo
770 1318 857 1340 vers.
885 1313 969 1340 sunt
985 1331 995 1348 ,

323 1365 398 1397 quae
410 1361 605 1398 sequuntur
617 1367 625 1390 :
637 1359 672 1390 in
687 1369 798 1390 auras.
818 1358 871 1391 Ita
889 1357 996 1392 MSS.

322 1412 357 1439 ct
372 1406 464 1440 Pith.
480 1406 621 1451 Quibus
638 1420 702 1453 ego
719 1408 869 1453 praefixi:
886 1410 999 1454 Alque

319 1458 462 1501 abisam
478 1462 621 1493 transire
628 1462 753 1503 plagas
764 1464 946 1504 persentit,
962 1464 999 1494 iu

321 1522 423 1543 auras
442 1517 505 1544 etc.
526 1511 710 1546 Praeeunte
730 1512 844 1547 Plinio
862 1525 870 1547 z
891 1527 907 1542 «
926 1513 1000 1546 Lu-

323 1574 408 1606 pum
422 1563 486 1596 reti
500 1563 753 1598 circumdatum
768 1577 890 1599 arenas
901 1577 999 1598 arare

322 1613 430 1647 cauda
444 1640 453 1656 ‚
477 1621 579 1659 atque
596 1615 642 1650 ita
658 1616 759 1650 condi
774 1643 783 1659 ,
800 1617 885 1650 dum
902 1623 1001 1650 tran-

321 1671 394 1699 seat
405 1672 490 1702 rete.
504 1680 520 1695 »
533 1667 704 1702 Isidorus:
717 1683 733 1696 «
751 1668 914 1713 Denique
925 1675 999 1702 rete

322 1717 555 1753 circumdatus
585 1719 696 1753 fertur
724 1733 844 1755 arenas
874 1735 970 1755 arare
986 1747 995 1764 ,

324 1776 426 1814 atque
451 1770 497 1804 ita
519 1771 679 1806 conditus
703 1773 848 1807 transire
871 1780 956 1807 rete.
979 1787 998 1803 »

324 1820 456 1866 Inepte.
474 1822 555 1856 Non
575 1816 728 1857 conditus
744 1824 856 1869 plagas
876 1825 999 1859 transit

323 1873 424 1918 lupus
437 1899 447 1917 ,
469 1872 529 1908 sed
552 1877 719 1908 condilum
738 1875 859 1921 lupum
878 1876 998 1921 plagae.

325 1926 407 1960 Hoc
428 1925 536 1959 voluit
559 1926 701 1962 Plinius.
728 1928 834 1961 Vu'r.
861 1927 999 1962 Thuan.

323 1984 360 2010 et
372 1977 496 2011 Ambr.
506 1980 593 2011 ridet
600 1982 711 2013 arenis
720 1982 756 2013 1⁰11
767 1992 878 2013 auras.
888 1979 979 2025 Lege
987 2005 997 2023 ,

323 2031 409 2062 sidit
420 2032 533 2062 amnis
547 2039 557 2059 ἕ
574 2032 610 2063 in
625 2042 728 2064 auras
739 2031 914 2076 sequentis
925 2043 1000 2066 ver-

325 2093 381 2115 sus
410 2080 487 2114 duae
507 2080 638 2117 ultimae
661 2089 744 2117 sunt
768 2095 877 2118 voces.
910 2083 998 2117 Met.

325 2132 383 2166 lib.
399 2143 412 2165 1
425 2157 435 2175 ‚
453 2133 516 2178 307
531 2159 540 2176 ,
562 2146 603 2167 ex
619 2134 768 2179 antiquis
787 2135 881 2169 libris
899 2144 907 2167 ε

327 2187 503 2220 Quoesitisque
517 2188 562 2212 diu
575 2189 649 2212 tertis
663 2189 707 2213 ubi
720 2190 804 2214 sidere
817 2190 901 2214 detur.

329 2235 455 2280 Quum
464 2239 582 2271 sistere
590 2238 833 2283 illiclegeretur
843 2238 879 2272 in
887 2238 1001 2283 vulga-

328 2287 370 2321 tis
382 2301 390 2328 ;
404 2288 509 2333 possit
518 2295 553 2323 et
561 2289 661 2325 scribi
673 2315 682 2332 ,
697 2302 734 2323 se
745 2292 808 2323 dal
816 2295 936 2325 aremzs.
951 2291 999 2325 H.

370 2342 426 2374 25.
456 2342 565 2375 Bolos
589 2344 681 2375 saltu
707 2344 839 2376 deludit
864 2345 1000 2377 inultus.

329 2390 441 2437 Lege,
459 2395 596 2427 inultos.
616 2394 704 2428 Met.
724 2405 762 2427 1v
776 2418 786 2436 ‚
809 2394 896 2441 426:

328 2447 376 2472 Nil
387 2447 480 2480 poterit
493 2448 562 2472 Jnno
573 2448 623 2472 nisi
639 2449 733 2473 inultos
745 2447 805 2474 flere
815 2449 926 2473 dolores.

328 2495 522 2530 Ubimullos
528 2496 642 2541 scripti
650 2496 802 2542 plerique
809 2510 1001 2543 perperam:

327 2547 375 2582 sic
386 2554 421 2581 et
437 2545 524 2592 apud
537 2547 673 2592 Apulei.
683 2559 697 2581 1
708 2574 717 2591 ,
731 2549 818 2583 Met.
827 2574 837 2592 ‚
848 2550 1004 2585 scriben-

326 2598 412 2633 dum
420 2600 555 2643 opinor,
563 2613 633 2644 qua*
639 2614 735 2646 quum
741 2604 881 2637 subinde
885 2604 1002 2637 inullis·

329 2656 521 2685 nosceretur
527 2665 549 2686 n
554 2665 599 2686 on
607 2666 631 2686 a
636 2656 750 2692 mullis
755 2658 952 2689 nosceretur.
959 2671 1003 2680 ·-

327 2704 476 2739 Deludit.
486 2705 681 2741 Diludited.
688 2706 1002 2742 Gesn.Bers.Vlitii.

384 2755 438 2790 26.
468 2757 519 2790 Et
550 2758 710 2794 Murena.
744 2759 856 2794 Hunc·
884 2758 1001 2794 locum

1060 1098 1277 1134 adumbravit
1300 1099 1456 1144 Plinius,
1474 1096 1530 1134 lib.
1558 1109 1662 1135 xxxu
1676 1126 1691 1143 ,Ι
1707 1113 1735 1135 c.

1061 1165 1079 1185 2
1090 1177 1100 1195 ‚
1120 1151 1178 1186 ubi
1189 1151 1236 1186 ita
1249 1158 1300 1186 est
1316 1163 1324 1185 ε
1340 1166 1356 1181 «
1373 1152 1572 1186 Muraenam
1586 1151 1737 1187 maculas

1061 1210 1222 1248 appetere
1242 1203 1330 1248 ipsas
1343 1229 1353 1247 ‚
1376 1203 1549 1238 consciam
1566 1203 1683 1238 teretis
1699 1216 1737 1238 ac

1061 1254 1181 1289 lubrici
1205 1255 1314 1301 tergi,
1343 1261 1419 1289 tum
1442 1254 1620 1300 multiplici
1645 1253 1738 1290 flexu

1061 1305 1172 1340 laxare
1188 1332 1198 1350 ‚
1225 1299 1337 1341 donec
1356 1306 1487 1341 evadat.
1504 1321 1520 1337 n
1545 1306 1650 1342 Ctor.
1663 1315 1680 1322 ¹²

1105 1372 1157 1404 27.
1182 1360 1348 1393 Conversa
1354 1359 1538 1404 foramina.
1563 1360 1740 1395 Coaacaeat

1052 1408 1171 1453 forma
1188 1410 1294 1445 MSS.
1314 1410 1424 1446 IDEM.

1105 1475 1159 1509 29.
1180 1465 1407 1508 Exemploque
1427 1466 1528 1498 noce!
1544 1468 1607 1505 etc.
1626 1461 1687 1498 *Sic
1702 1467 1739 1498 et

1062 1513 1189 1559 scripti.
1209 1513 1461 1560 Castigandum
1476 1515 1646 1559 omnino:
1663 1525 1666 1531 ¹
1724 1514 1736 1529 Γ

1062 1568 1240 1602 Exemploque
1249 1578 1342 1594 novas
1355 1570 1455 1596 nuncti-
1471 1570 1519 1595 ioer
1528 1569 1628 1595 invenit
1640 1567 1703 1594 imi.

1063 1615 1230 1661 Apposite
1243 1617 1359 1653 Philas
1370 1643 1379 1661 ,
1397 1618 1442 1652 de
1457 1618 1621 1652 Murena
1634 1623 1655 1650 τ’

1062 1660 1085 1704 l'i
1098 1673 1153 1711 μὲν
1161 1671 1217 1717 γὰρ
1229 1668 1334 1704 3109st
1343 1673 1373 1705 εὖ
1378 1674 1424 1708 θὺς
1431 1670 1488 1704 e'trro'
1495 1675 1618 1719 μετρίου
1628 1671 1716 1718 εὗρον
1726 1695 1738 1713 ,

1064 1722 1189 1763 Διεξέδυ
1207 1722 1347 1761 σώζουσαι
1362 1726 1414 1755 καὶ
1427 1723 1483 1759 τὰς
1503 1723 1671 1765 συννᾶμους.
1689 1721 1739 1755 H.

1062 1769 1197 1804 Bersm.
1212 1773 1302 1816 quod
1313 1775 1474 1815 prevenit
1487 1785 1497 1806 :
1512 1772 1568 1806 vel
1586 1772 1712 1807 rectius
1726 1798 1736 1815 ,

1061 1825 1129 1856 lter
1152 1826 1281 1856 invenit
1301 1835 1379 1857 una.
1411 1822 1538 1858 Vlitius
1562 1822 1599 1858 in
1629 1822 1738 1862 MSS.

1062 1886 1134 1908 esse
1152 1877 1400 1909 intervicm’tura
1414 1880 1569 1909 testatur.
1647 1917 1651 1921 ῃ

1105 1925 1159 1958 30.
1174 1926 1227 1960 At
1235 1930 1352 1960 contra
1365 1929 1512 1970 scopulis
1526 1928 1653 1961 crinali
1656 1938 1738 1960 cor-

1057 1989 1139 2020 pore
1153 1981 1265 2021 segma
1283 1979 1429 2023 Polypus
1443 1980 1546 2012 heret
1556 1984 1621 2012 etc.
1637 1977 1738 2024 Idem

1063 2029 1167 2064 tradit
1177 2030 1347 2074 AElianus,
1358 2031 1415 2066 lib.
1425 2042 1530 2075 v11,c.
1539 2041 1595 2073 x1;
1606 2038 1641 2066 et
1648 2031 1738 2066 Plin.

1062 2081 1119 2115 lib.
1128 2092 1166 2116 1x
1178 2108 1188 2126 ,
1203 2095 1273 2128 cap.
1287 2083 1460 2124 xx1x31ib.
1472 2093 1588 2128 xxxzr,
1602 2096 1674 2130 cap.
1687 2098 1701 2118 1
1711 2098 1737 2118 1.

1107 2134 1159 2167 31.
1171 2136 1258 2168 Hac.
1266 2134 1373 2169 MSS.
1383 2136 1463 2169 ᾗσι.
1475 2133 1608 2170 Plinius
1619 2135 1662 2170 de
1673 2135 1741 2170 hac*

1063 2185 1183 2220 fraude
1191 2185 1357 2226 nihi1‚nisi
1366 2186 1459 2231 quod
1470 2198 1548 2221 eam
1553 2186 1737 2232 respexisse

1065 2237 1172 2272 videri
1188 2238 1292 2282 possit
1306 2238 1361 2273 lib.
1378 2249 1436 2281 1x,
1453 2251 1525 2284 cap.
1542 2252 1586 2286 ²9
1603 2238 1646 2272 de
1658 2239 1738 2273 Po-

1062 2288 1149 2336 lypis
1202 2305 1219 2320 «
1239 2289 1368 2324 Cetero
1390 2303 1453 2335 per
1474 2291 1612 2325 brachia
1632 2290 1738 2326 veluti

1065 2342 1247 2376 acetabulis
1282 2341 1440 2387 dispersis
1474 2350 1549 2377 astu
1585 2342 1738 2388 quodam

1065 2393 1304 2428 adhaerescunt
1315 2420 1325 2437 ,
1343 2401 1535 2439 tenentque
1546 2395 1679 2440 supini,
1699 2401 1740 2429 ut

1066 2447 1163 2482 avelli
1195 2459 1270 2482 non
1299 2455 1438 2492 queant.
1451 2461 1469 2477 »ι
1510 2447 1548 2482 Si
1572 2448 1663 2482 bene
1690 2445 1741 2482 ita

1065 2499 1221 2543 conjicio.
1262 2499 1379 2545 Vulgo
1400 2511 1408 2534 :
1437 2501 1563 2534 haustu
1587 2501 1737 2544 quodam.

1066 2551 1122 2586 De
1143 2564 1212 2596 quo
1233 2551 1319 2585 nihil
1340 2551 1542 2586 Aristoteles
1555 2577 1564 2595 ‚
1598 2551 1655 2586 lib.
1674 2561 1714 2586 lv
1726 2575 1736 2594 ‚

1066 2616 1138 2649 cap.
1154 2617 1166 2638 1
1182 2629 1192 2647 ‚
1209 2603 1303 2638 unde
1317 2603 1373 2637 illa
1390 2603 1579 2648 desumpsit
1595 2602 1736 2638 Plinius.

1110 2656 1162 2689 32.
1186 2656 1251 2689 Sub
1266 2658 1339 2699 lege
1350 2658 1425 2689 loci.
1441 2655 1575 2691 Plinius
1587 2654 1715 2689 ibidem
1728 2663 1737 2684 ἓ

1066 2709 1206 2740 colorem
1219 2711 1328 2740 mutat
1335 2709 1385 2740 ad
1393 2708 1644 2741 similitudinem
1660 2707 1734 2739 loci.

1067 2760 1160 2793 Loci.
1190 2758 1362 2794 ovidiana
1380 2758 1508 2793 locutio
1531 2768 1598 2801 111,
1627 2756 1706 2791 Am.
1725 2769 1733 2790 :
