1884 3112
1 1120 9 1141 “-
0 1109 1 1113 ⁴
0 606 28 1102 *WWW‘W05W·W
15 578 18 579 ,
17 557 19 559 ,
23 486 25 490 ,
17 407 19 410 .

0 1581 8 1620 ’··
0 1387 21 1562 '‘szmwgm
0 1324 14 1357 ,kt-1
0 1171 15 1227 2:30*
0 1149 2 1152 ·

1380 257 1621 275 mmmm

521 360 1269 458 PRAEFATIUNCULA.

313 751 403 797 DE
438 750 783 798 AUCTORE
824 752 1149 800 HUJUSCE
1189 753 1481 800 ELEGIAE.

185 899 431 970 CARMEN
470 923 556 968 hoc
599 921 733 986 longe
769 926 1208 986 praestantissimum,
1247 932 1300 968 ut
1331 926 1492 968 summi
1523 926 1626 971 Viri

178 998 328 1045 verbis
355 1007 482 1056 utar,
525 1009 570 1045 et
593 1000 777 1063 dignum
801 1004 934 1062 genio
956 1018 1010 1045 ac
1043 1005 1272 1065 nwjestate
1300 1002 1454 1045 soeculi
1475 1002 1627 1046 Naso-

179 1081 326 1135 niani,
352 1079 434 1122 etsi
453 1093 545 1123 non
562 1077 737 1123 Pedoni
755 1078 1064 1133 Albinovano,
1088 1088 1140 1123 ut
1156 1080 1183 1123 J
1187 1095 1250 1123 os.
1275 1079 1487 1139 Scaliger,
1502 1080 1623 1124 Vos-

175 1156 291 1210 sius,
317 1141 506 1218 aliique,
538 1155 835 1217 tribuendum
856 1152 1076 1202 existimet
1101 1156 1160 1200 N.
1184 1158 1423 1211 Heinsius,
1458 1157 1626 1201 nihilo-

178 1233 327 1294 minus
349 1232 516 1278 ovidio
535 1249 627 1278 non
647 1233 762 1278 ausit
782 1233 1052 1278 adscribere.
1102 1251 1123 1275 ι(
1149 1234 1233 1278 Ille
1252 1242 1402 1277 tamen
1417 1267 1430 1287 ,
1468 1233 1627 1277 eodem

180 1318 386 1366 auctore,
410 1311 490 1373 qui
506 1303 678 1373 primus
701 1312 818 1355 eruit
836 1327 860 1356 e
880 1310 1099 1366 tenebris,
1127 1314 1352 1372 *insignem
1376 1310 1630 1355 thesaurum

181 1387 335 1432 usibus
353 1387 547 1451 publicis
573 1396 639 1433 est
657 1388 865 1450 largitus!
896 1407 918 1431 »
943 1389 1125 1436 Vossius
1156 1404 1262 1433 vero
1276 1422 1289 1443 ,
1329 1388 1431 1432 Art.
1459 1389 1629 1457 Qram-

180 1473 290 1510 mat.
310 1479 343 1511 11
354 1499 369 1521 ,
392 1481 450 1528 27
464 1499 479 1520 ‚
503 1451 740 1527 indignum
759 1465 946 1527 quidem
965 1481 1058 1509 non
1076 1482 1167 1510 esse
1183 1464 1350 1510 ovidio
1373 1464 1522 1509 censet
1572 1465 1629 1509 ob

181 1545 363 1604 egregia
380 1546 428 1586 in
443 1542 518 1592 illo
536 1545 703 1604 ingenii
712 1530 882 1587 *lumina
890 1562 912 1598 ,-
928 1542 1007 1586 sed
1028 1543 1076 1586 in
1092 1542 1230 1587 verba
1249 1546 1403 1603 magni
1418 1499 1632 1629 Scalikeri

183 1620 593 1680 jurarepropmtior
605 1652 620 1673 ‚
643 1618 812 1664 Ovidio
824 1635 916 1664 non
932 1620 1159 1680 nisifalso
1180 1619 1323 1664 tribui
1340 1621 1623 1702 pronuntiat.

180 1695 285 1740 Non
320 1694 502 1740 defuere
533 1703 714 1750 tamen,
761 1697 840 1757 qui
867 1696 1032 1741 Nasoni
1061 1696 1259 1740 libenter
1296 1695 1629 1754 concederent3

182 1788 294 1835 quos
315 1773 434 1818 inter
454 1773 674 1829 Passer-,at
691 1770 715 1795 *
724 1807 739 1828 ‚
765 1774 817 1817 in¹
834 1772 1101 1820 Praefatione
1118 1789 1252 1834 quam
1272 1773 1634 1834 praemittendam

184 1859 416 1896 curaverat
432 1836 796 1912 interpretationi
809 1851 941 1908 hujus
957 1848 1179 1894 Poematis
1190 1883 1204 1905 ‚
1225 1866 1326 1911 quoe
1343 1854 1512 1894 utinam
1523 1868 1634 1911 pro-

186 1927 339 1972 diisset
352 1927 376 1971 !
397 1914 609 1972 exclamat
626 1943 678 1970 ex
693 1916 841 1970 animo
862 1929 1158 1971 Burmannus,
1185 1927 1344 1987 Neque
1363 1927 1631 1988 negligenda

181 2020 367 2067 prorsus
383 2004 454 2050 Cl.
471 2004 645 2050 Barthii
657 2005 896 2058 sententia,
919 2005 1013 2065 qui,
1032 2004 1205 2065 quoties
1222 2020 1315 2047 sese
1332 2003 1475 2059 daret,
1502 2021 1631 2048 occa-

186 2084 362 2126 sionem
381 2098 474 2126 non
499 2083 786 2144 praetermisit
818 2080 1032 2126 Ovidiani
1062 2082 1171 2137 juris
1203 2082 1251 2124 in
1285 2081 1636 2142 pulcherrimam

189 2158 305 2204 ha'nc
316 2160 517 2222 Elegiain
532 2158 756 2204 asserendi
767 2159 830 2203 **.
849 2158 1125 2217 Quibuscum
1139 2160 1320 2202 omnino
1339 2161 1557 2204 consentit
1567 2162 1637 2204 vir

191 2239 455 2282 recentioris
489 2236 702 2300 quidem,
733 2236 812 2281 sed
843 2253 936 2281 non
971 2237 1156 2280 minoris
1190 2235 1296 2280 ideo
1337 2239 1634 2293 auctoritatis,

194 2317 322 2361 Dan.
343 2311 464 2360 Beck
476 2349 491 2370 ‚
512 2317 560 2358 in
577 2307 656 2359 sua
673 2316 879 2367 carminis
894 2303 1027 2371 hujus
1042 2314 1286 2382 suavissimi
1297 2313 1518 2372 editione,
1539 2331 1638 2377 quae

192 2394 357 2454 Lipsiae
377 2391 576 2454 prodiit,
603 2386 714 2454 1'783
730 2426 744 2446 ,
770 2393 892 2436 in—8.

241 2537 260 2555 ¹*
287 2537 381 2571 Jean
407 2536 590 2576 Passemt,
625 2534 686 2580 qui
704 2523 886 2582 'Augustae
917 2532 1203 2570 Tricassinorum
1229 2539 1332 2571 natus
1345 2561 1356 2579 ‚
1384 2535 1429 2570 A.
1457 2534 1504 2570 D.
1531 2535 1614 2581 1534
1629 2563 1640 2580 ‚

200 2597 488 2634 Commentarios
504 2596 599 2631 inter
614 2602 742 2632 caetera
759 2595 869 2631 edidit
891 2596 930 2630 in
955 2595 1083 2630 Catull.
1101 2595 1229 2631 Tibull.
1254 2603 1292 2631 et
1308 2597 1470 2643 Propert.
1485 2609 1640 2642 quorum

198 2659 291 2695 salva
302 2657 416 2693 adhuc
433 2657 620 2693 auctoritas
634 2683 643 2700 ‚
663 2669 740 2691 non
759 2655 833 2691 sine
846 2656 949 2691 laude
962 2669 1122 2701 unquam
1132 2656 1224 2691 abiis
1241 2664 1542 2692 commemoratur
1553 2684 1563 2702 ‚
1580 2657 1641 2703 qui

203 2733 305 2755 curas
322 2719 532 2766 posteriores
544 2718 582 2753 in
595 2716 808 2753 illustrandis
826 2717 955 2765 Elegiae
975 2718 1109 2753 Latinae
1126 2718 1339 2764 principibus
1355 2718 1619 2764 impenderunt.

247 2781 283 2801 κ’
308 2780 352 2816 In
369 2781 586 2817 Adrersanu
602 2778 750 2825 passim,
769 2785 806 2815 et
822 2778 865 2815 ad
882 2779 970 2816 Stat.
985 2778 1097 2818 Theb.
1110 2790 1140 2815 11
1152 2805 1162 2825 ,
1179 2778 1443 2825 13435bid.345.
