1884 3112
259 252 352 296 Α62

758 255 1115 303 EPISTOLA
1147 257 1247 304 111.

292 345 351 392 Di
374 343 555 414 melius!
581 347 842 414 validoque,·
858 367 1030 415 precor,
1056 351 1224 399 vibrata
1247 350 1408 400 lacerto

1652 367 1712 401 125

353 422 566 470 Transeat
590 424 856 471 Hectoreum
880 425 1022 474 Pelias
1044 426 1169 475 hasta
1190 426 1318 475 latus.

293 497 460 545 Mittite
484 517 574 555 me,
601 499 765 557 Danai;
792 500 1020 550 dominum
1043 502 1186 565 legata
1208 504 1379 566 rogabo
1407 520 1417 548 :

355 574 588 640 Multaque
611 575 828 624 mandatis
853 577 1003 626 oscula
1024 580 1160 628 mixta
1183 579 1331 628 feram.

287 650 394 699 Plus
418 671 500 714 ego
526 644 657 718 quam
681 653 888 713 Phoenix,
915 655 1016 721 plus
1043 676 1173 722 quam
1196 657 1410 706 facundus
1435 657 1607 717 Ulixe‘s,

351 726 458 776 Plus
482 747 564 791 ego
591 748 721 795 quam
743 731 924 789 Teucri,
951 732 1133 790 credite,
1160 732 1315 790 frater,
1341 752 1480 796 agam.

1647 748 1707 782 130

285 805 367 852 Est
391 805 580 871 aliquid,
607 806 768 855 collum
791 807 934 856 solitis
958 809 1153 872 tetigisse
1177 809 1370 869 lacertis,

347 881 673 948 Praesentisque
699 883 852 932 oculos
877 885 1156 933 admonuisse
1181 886 1262 933 sui.

283 957 352 1005 Sis
375 957 479 1006 licet
502 959 703 1017 immitis,
729 960 969 1026 matrisque
994 961 1183 1009 ferocior
1205 962 1360 1020 undis;

346 1037 411 1083 Ut
434 1048 619 1095 taceam,
646 1037 836 1085 lacrimis
862 1039 1155 1087 comminuere
1179 1039 1301 1088 meis.

279 1114 409 1162 Nunc
429 1132 628 1179 quoque,
650 1114 712 1162 sic
731 1133 882 1163 omnes
902 1115 1059 1163 Peleus
1079 1128 1203 1182 pater
1221 1116 1401 1182 impleat
1419 1135 1576 1175 annos,
1643 1131 1704 1165 135

346 1189 420 1237 Sic
445 1200 515 1237 eat
537 1189 744 1255 auspiciis
764 1190 960 1256 Pyrrhus
984 1191 1031 1238 in
1055 1211 1173 1241 arma
1196 1193 1309 1241 tuis!

327 1360 397 1393 125.
422 1360 544 1393 Valz’do
557 1360 701 1393 vibrata.
720 1360 880 1401 Librata,
901 1372 962 1395 co—

281 1409 345 1444 dex
364 1410 508 1446 Illustris
533 1410 790 1457 Archiepiscopi
814 1412 960 1447 Lincol-

279 1462 429 1504 niensis;
449 1463 496 1497 sic
511 1463 658 1497 Metam.
676 1474 705 1496 11
717 1490 726 1507 ‚
745 1464 819 1497 311.

378 1524 477 1548 Dextra
488 1522 619 1547 libratum
629 1522 728 1546 fulmen
738 1523 770 1546 ab
779 1532 851 1547 aure.

280 1570 351 1605 Sed
382 1576 498 1604 utram
529 1570 715 1605 lectionem
737 1571 927 1616 praetuleris
947 1598 957 1616 ,

280 1622 375 1667 parvi
394 1621 585 1656 admodum
602 1622 718 1656 refert.

329 1673 399 1708 126.
422 1675 539 1708 Pelias
552 1675 663 1707 basta.
681 1673 713 1707 A
730 1674 828 1709 Pelio
845 1674 961 1709 Thes-

278 1724 368 1760 saliae
390 1733 510 1760 monte
529 1740 537 1767 ;
565 1725 619 1759 vel
636 1732 674 1759 ut
697 1725 750 1759 alii
768 1725 913 1769 volunt,
940 1740 959 1760 a

280 1776 387 1811 Peleo
401 1777 541 1812 Achillis
557 1784 654 1822 patre
665 1803 674 1820 ,
693 1777 751 1822 qui
768 1790 808 1811 ea
823 1778 960 1822 potissi-

281 1841 381 1862 mum
398 1829 512 1863 valuit.
537 1829 630 1863 Illius
653 1836 726 1862 erat
746 1829 959 1874 magnitudi-

278 1880 351 1923 nis,
367 1880 472 1925 utqui
485 1887 609 1915 caetera
617 1892 712 1914 arma
727 1880 881 1914 induerit
895 1882 958 1915 Pa-

279 1932 419 1976 troclus,
431 1945 539 1966 unam
557 1932 691 1966 hastam
704 1944 777 1966 non
787 1933 957 1967 sumserit:

307 1979 408 2028 ἐγχος
426 1984 519 2028 δ’σὲχ
535 1983 621 2028 ἕλετ’,
640 1987 699 2020 οἷον
717 1984 865 2028 ἀμύμονος
884 1989 958 2022 Αἰα-

387 2040 486 2071 κίδαο.
503 2036 543 2070 Il.
558 2043 603 2079 Π,
625 2037 696 2080 140.

327 2110 397 2142 127.
420 2097 552 2129 ,Mittite
572 2109 644 2136 mc,
673 2097 797 2130 Danai
817 2102 880 2131 etc.
904 2095 956 2130 Ita

277 2147 338 2182 sibi
350 2174 359 2190 ,
392 2147 570 2192 amorique
596 2147 745 2192 praefidit
761 2173 771 2191 ,
804 2154 843 2181 ut
870 2146 956 2181 nihil

276 2199 411 2234 dubitet
426 2225 435 2242 ‚
471 2199 555 2243 quin
573 2225 582 2242 ,
614 2200 642 2233 si
672 2201 818 2243 legatam
841 2198 955 2233 Danai

276 2251 453 2294 miserint,
478 2250 554 2295 plus
571 2250 663 2295 apud
681 2250 852 2285 Achillem
867 2263 955 2296 pos-

276 2302 319 2336 sit
341 2309 375 2336 et
392 2309 467 2347 agat
482 2327 491 2344 ,
521 2314 626 2347 quam
651 2304 812 2343 Pha-nix,
850 2315 954 2347 quam

267 2354 442 2397 facundus
463 2355 582 2388 Ulixes
595 2367 605 2387 ,·
621 2353 680 2388 sed
693 2353 769 2398 plus
780 2354 817 2388 in
832 2356 955 2388 osculztc

277 2405 440 2450 ponderis
457 2432 466 2449 ‚
511 2418 615 2450 quam
643 2405 680 2439 in
708 2406 819 2439 verbis
847 2406 955 2450 ponit.

277 2456 460 2490 Muliebris
472 2456 614 2502 quidem
628 2471 636 2498 ς
649 2456 859 2502 ignoscenda
871 2469 953 2492 vero

276 2507 313 2540 in
331 2508 486 2542 Briseide
502 2508 673 2554 jactantia.

324 2559 395 2592 130.
418 2561 501 2593 Plus
512 2573 574 2604 ego
590 2573 686 2604 quam
709 2562 830 2594 Teucri
831 2561 952 2605 stater.

279 2609 367 2654 Aiax
381 2610 618 2655 Telamonius,
629 2611 687 2656 qui
695 2612 822 2646 Teucri
833 2613 950 2656 frater,

277 2668 311 2695 et
328 2673 418 2695 unus
435 2662 499 2696 suit
524 2676 542 2696 e
559 2662 677 2708 legatis
699 2663 742 2697 ad
759 2664 948 2708 Achillem,

278 2720 317 2746 ut
332 2725 434 2761 supra
450 2713 616 2757 vidimus,
635 2729 687 2759 27.

323 2777 336 2797 1
343 2764 394 2798 31.
409 2766 477 2799 Est
485 2768 682 2810 alt'quz‘detc.
692 2767 769 2802 Imo
779 2774 870 2803 certe
879 2780 948 2803 ma-

1028 1374 1137 1407 gnum
1159 1361 1286 1407 aliquid
1309 1361 1455 1397 amantis
1476 1360 1604 1396 collum
1619 1374 1700 1407 pre—

1027 1426 1123 1448 mere
1134 1440 1144 1458 ,
1161 1416 1272 1449 solitis
1288 1414 1478 1459 praesertim
1493 1412 1636 1448 lacertis.

1089 1466 1159 1500 132.
1187 1468 1429 1510 Praesentisque
1449 1467 1563 1500 oculos
1582 1466 1701 1499 admo-

1025 1520 1139 1550 nuisse
1154 1521 1215 1551 sui.
1230 1517 1356 1552 Debita
1373 1517 1445 1551 laus
1462 1515 1609 1551 Heinsio
1625 1529 1700 1562 per-

1024 1568 1176 1602 solvatur
1190 1595 1199 1612 ,
1224 1569 1282 1613 qui
1306 1568 1440 1613 primus
1461 1568 1622 1602 omnium
1644 1568 1700 1602 lu·-

1025 1632 1102 1653 cem
1126 1619 1180 1654 hic
1203 1633 1221 1654 e
1246 1619 1389 1665 caligine
1411 1620 1620 1653 variantium
1635 1619 1701 1654 lec·

1025 1671 1162 1706 tionum
1173 1671 1306 1714 elicuit;
1324 1678 1359 1706 et
1374 1670 1567 1716 vulgatam,

1072 1732 1264 1765 Praesemesque
1275 1731 1363 1756 oculos
1376 1730 1539 1756 admonuisse
1550 1729 1609 1754 sinu
1618 1748 1626 1760 ,

1023 1779 1118 1815 velut
1133 1780 1343 1814 inurbanam
1366 1779 1496 1826 respuit
1511 1805 1520 1823 ,
1545 1785 1581 1814 et
1595 1778 1698 1824 inep-

1023 1839 1106 1866 tam.
1122 1832 1272 1878 Legebat
1287 1832 1392 1878 igitur
1405 1841 1414 1863 ε

1071 1893 1258 1926 Praesentisque
1271 1891 1350 1917 oculis
1362 1891 1525 1917 admonuisse
1537 1892 1587 1916 sni.

1025 1941 1134 1988 Quod
1146 1941 1269 1975 melius
1281 1940 1323 1975 ad
1332 1953 1472 1975 sensum
1483 1967 1492 1984 ,
1510 1947 1546 1975 et
1557 1940 1697 1987 propius

1021 1994 1145 2028 insistit
1157 1993 1306 2028 Puteani
1318 1992 1442 2027 codicis
1453 1992 1599 2039 vestigiis
1608 2019 1617 2036 ‚
1636 1993 1695 2037 qui

1020 2045 1269 2091 lepidissimum
1279 2044 1374 2079 hunc
1388 2057 1527 2078 versum
1539 2043 1674 2078 exhibet
1683 2071 1693 2088 ,

1021 2098 1160 2143 qualem
1179 2110 1301 2132 omnes
1319 2102 1436 2142 postea
1455 2095 1693 2141 recipiendum

1021 2150 1147 2183 merito
1163 2148 1371 2194 judicarunt.

1067 2201 1137 2235 133.
1152 2202 1336 2245 Matrisque
1343 2199 1496 2244 [ενοι-ἴον
1505 2201 1613 2234 undis.
1628 2199 1693 2234 Al-

1019 2252 1108 2287 ludit
1122 2253 1238 2286 forsan
1249 2251 1292 2286 ad
1302 2251 1397 2286 hunc
1404 2250 1554 2286 Homeri
1565 2252 1691 2286 locum.

1020 2305 1058 2339 Il.
1075 2311 1118 2347 Π,
1137 2304 1221 2338 203:

1063 2359 1184 2401 Σχέτλιε
1201 2383 1210 2400 ,
1240 2357 1349 2397 Πηλέος
1366 2359 1409 2391 ui?
1422 2380 1432 2399 ,
1458 2357 1540 2402 χόλῳ
1563 2357 1625 2401 ἅμα
1641 2354 1671 2390 e'

1128 2412 1230 2453 ἔτρεφε
1246 2412 1361 2453 μήτηρ.

1065 2474 1077 2494 1
1084 2460 1135 2494 36.
1149 2462 1224 2494 Eat
1228 2462 1388 2504 auspicitk
1398 2460 1541 2506 Pyrrhus
1552 2461 1588 2492 in
1597 2470 1692 2492 arma

1017 2515 1093 2562 {ullu
1111 2511 1168 2546 Sic
1179 2511 1311 2546 codices
1326 2511 1479 2556 plerique
1492 2522 1499 2543 :
1512 2516 1546 2544 et
1560 2521 1641 2543 sane
1654 2509 1691 2542 id

1017 2563 1215 2609 elegantius.
1231 2563 1289 2598 Sic
1302 2566 1350 2597 ire
1364 2565 1400 2597 ιἰι
1413 2563 1552 2601 hostem,
1570 2563 1606 2594 in
1616 2573 1691 2604 pu·-

1013 2628 1114 2658 gnam
1134 2627 1146 2657 ,·
1180 2618 1347 2649 concitam
1367 2618 1403 2648 in
1423 2625 1517 2647 arma
1530 2638 1538 2652 ‚
1574 2624 1687 2652 ruere,

1006 2667 1110 2710 ferri,
1123 2670 1269 2707 mittere,
1286 2669 1414 2705 venire,
1431 2665 1523 2698 trahi
1527 2666 1563 2697 1'n
1576 2675 1686 2705 arma,

1016 2726 1051 2753 et
1066 2719 1197 2753 similia.
1214 2718 1342 2752 Statius
1352 2743 1361 2760 ,
1380 2716 1490 2753 Theb.
1507 2724 1594 2752 vm:

1079 2780 1152 2804 Imus
1166 2780 1193 2803 in
1205 2787 1282 2803 arma
1292 2777 1385 2812 palam.
