1884 3112
542 264 856 311 ARIADNE
894 263 1192 310 THESEO.

149 364 207 414 In
222 381 293 412 me
311 362 516 429 jurarunt
537 379 742 420 somnus,
765 370 1036 427 ventusque,
1054 357 1253 425 fidesque
1270 376 1282 417 ;

215 440 400 490 Prodita
423 458 522 488 sum
547 438 689 487 causis
712 455 804 488 una
823 435 972 504 puella
995 435 1156 485 tribus.

151 520 274 582 Ergo
297 537 380 582 ego
401 536 482 566 nec
505 515 704 566 lacrimas
725 515 879 565 matris
896 515 1112 564 moritura
1135 513 1297 566 videbo
1315 534 1327 574 ;

218 598 335 655 Nec,
358 615 456 645 mea
476 596 554 663 qui
577 595 729 659 digitis
752 593 921 643 lumina
943 591 1129 651 condat,
1154 593 1268 642 erit?

154 674 349 742 Spiritus
371 673 524 723 infelix
546 672 799 740 peregrinas
818 671 905 719 ibit
924 671 972 719 in
996 689 1146 729 auras;

216 755 311 803 Nec
333 752 508 820 positos
527 763 648 801 artus
670 762 810 814 unget
833 750 971 800 amica
994 751 1183 799 manus?

155 831 274 881 ossa
296 830 615 898 superstabunt
635 827 839 877 volucres
863 828 1096 877 inhumata
1117 827 1330 876 marinae?

86 971 89 973 ι
220 909 329 957 Haec
350 918 456 957 sunt
478 906 636 955 officiis
662 906 796 970 digna
817 905 1020 975 sepulcra
1041 905 1181 955 meis?

154 986 251 1051 Ibis
273 984 514 1052 Cecropios
531 990 719 1052 'portus3
742 985 976 1052 patriaque
999 994 1208 1050 receptus

1489 267 1570 311 20}

1473 637 1476 641 .
1520 618 1581 641 120

1569 996 1586 1013 Ἰ

222 1063 378 1127 Quum
400 1062 575 1111 steteris
598 1062 725 1112 urbis
744 1062 889 1112 celsus
912 1062 960 1110 in
983 1080 1080 1110 arce
1104 1072 1210 1118 tuae,

154 1141 218 1189 Et
235 1139 351 1189 bene
370 1140 563 1189 narraris
584 1139 723 1190 letum
746 1140 951 1207 taurique
972 1139 1166 1205 virique,

223 1218 439 1285 Sectaque
461 1238 543 1286 per
561 1219 721 1268 dubias
744 1237 874 1269 saxea
897 1229 1011 1267 tecta
1032 1217 1150 1272 vias;

155 1297 234 1346 Me
259 1316 440 1364 quoque
463 1308 642 1346 narrato
666 1295 762 1345 sola
784 1296 941 1345 tellure
959 1293 1186 1344 relictam:

219 1373 326 1422 Non
351 1392 435 1437 ego
458 1392 557 1422 sum
583 1372 728 1422 titulis
752 1372 1042 1440 subripienda
1065 1372 1168 1420 tuis.

1531 1384 1592 1418 130

154 1452 250 1501 Nec
269 1463 399 1519 pater
419 1463 488 1500 est
510 1452 704 1515 AEgeus;
729 1471 810 1500 nec
834 1462 884 1499 tu
907 1449 1160 1521 Pittheidos
1185 1447 1354 1497 AEthrae

220 1529 386 1588 Filius;
404 1540 607 1579 auctores
629 1548 734 1578 saxa
754 1528 1006 1594 fretumque
1023 1526 1103 1575 tui.

148 1662 352 1708 premenda,
370 1660 452 1708 quia
464 1664 591 1696 etema
602 1663 702 1695 nocte
713 1686 722 1701 ,
741 1657 778 1694 id
790 1665 843 1695 est

155 1721 272 1750 morte
284 1739 294 1759 ,
311 1712 486 1761 praecedit.
502 1714 630 1749 Horat.
645 1723 673 1757 1,
691 1711 764 1749 od.
779 1723 841 1748 1v:

219 1769 281 1797 sm
290 1773 431 1805 topi-anet
438 1778 506 1801 nox,
516 1769 664 1804 fabulaque
676 1777 775 1795 manes.
807 1769 841 1795 B.

202 1831 277 1854 120.
295 1819 437 1865 Daritis.
455 1820 600 1864 Digitus
625 1817 790 1854 Scriverii
806 1823 843 1853 et

155 1871 347 1908 Palatinus.
373 1889 420 1900 —·
448 1871 562 1918 quue
586 1871 816 1907 retinendum
831 1898 841 1915 ,

157 1930 237 1958 tum
251 1936 293 1959 ex
309 1923 515 1960 auctoritate
531 1924 642 1960 trium
664 1923 744 1959 edd.
771 1930 843 1958 ant.

157 1981 237 2011 tum
248 1975 331 2022 quia
344 1976 523 2023 poeticum
533 1977 644 2023 magis
654 1983 690 2012 et
707 1976 844 2022 elegan-

157 2029 237 2065 tius.
253 2029 350 2065 Sunt
366 2029 427 2076 qui
443 2031 562 2075 digitis
576 2040 588 2072 ‚·
615 2042 682 2064 nec
696 2028 800 2063 male.

205 2081 279 2117 126.
305 2083 388 2117 Cum
412 2085 550 2117 steteris·
569 2084 661 2116 urbis
682 2083 795 2116 celsus
810 2083 847 2116 in

158 2147 239 2169 arce
256 2138 331 2170 tua.
358 2136 477 2170 Turba
496 2137 607 2170 celsus
625 2138 662 2170 ιἰι
677 2147 755 2170 arce
770 2135 848 2169 Pu-

160 2192 307 2222 teaneus
318 2201 327 2230 ;
341 2194 378 2223 et
386 2187 615 2223 emendatum
627 2194 748 2234 postea
756 2189 848 2222 urbis

160 2241 198 2273 in
207 2250 306 2274 arce:
318 2239 498 2285 quomodo
507 2247 543 2275 et
558 2247 694 2287 septem
708 2240 774 2275 alii.
782 2240 847 2274 Lo-

161 2291 336 2327 vaniensis
351 2305 360 2327 z
376 2295 468 2328 urbis·
483 2295 594 2328 celsus
606 2296 644 2327 in
660 2306 725 2328 ore.
738 2292 846 2337 Octo,

162 2345 265 2378 turba
278 2346 389 2379 celsus
402 2348 439 2380 in
454 2359 534 2381 ame
546 2359 556 2380 .·
567 2345 730 2389 totidem,
746 2348 849 2380 turbe

162 2398 275 2431 celsus
289 2399 326 2432 1⁶11
336 2410 393 2432 one
409 2411 419 2433 .·
433 2411 527 2433 vere.
540 2399 657 2434 Livius
668 2425 677 2442 ,
694 2399 752 2433 lib.
763 2410 826 2433 xx1
837 2423 847 2442 ,

162 2461 236 2495 cap.
253 2451 297 2493 ²4
313 2462 322 2484 ς
336 2451 444 2485 Porta
459 2463 503 2485 ea
522 2453 619 2486 velut
633 2454 670 2485 ίη
686 2463 743 2486 ore
758 2453 850 2485 urbtlr

157 2505 287 2546 posita.
311 2501 437 2537 Florus
450 2513 481 2538 u
492 2529 502 2546 ‚
522 2515 596 2549 cap.
614 2505 652 2537 15
670 2515 679 2538 ε
697 2505 850 2538 Classem

163 2556 226 2588 sub
239 2557 315 2599 ipso
325 2567 383 2589 ore
393 2556 486 2590 urbis
494 2557 668 2591 incendit:
680 2556 848 2602 quinque,

163 2609 201 2641 in
214 2609 317 2650 orbe;
344 2614 379 2642 et
395 2607 463 2643 hoc
477 2607 569 2643 bene
586 2620 594 2643 :
611 2620 722 2652 unus,
749 2611 851 2644 turba·

164 2663 201 2694 in
216 2661 304 2695 urbe.
324 2660 459 2696 Huius.

213 2726 285 2759 ¹²7·
309 2715 419 2749 Taun‘
427 2719 464 2748 et
476 2717 560 2755 viri,
573 2713 634 2749 i.e.
643 2713 849 2749 Minotauri.

213 2778 226 2799 ι
233 2779 285 2813 29.
300 2767 360 2801 Me
367 2779 493 2812 quoque
500 2772 637 2802 narrato
645 2771 722 2802 sola
731 2771 851 2803 tellure

168 2819 329 2853 relictam.
354 2819 559 2865 Elegantior
587 2820 719 2865 multo,
745 2834 850 2868 quam

907 1658 1035 1705 vulgat.
1058 1656 1162 1694 lectio
1183 1658 1302 1692 solam.
1320 1655 1377 1691 De
1393 1655 1458 1691 hac
1474 1661 1594 1692 nostra

909 1710 1069 1747 Catullus
1081 1736 1092 1755 ,
1113 1709 1232 1746 Carm.
1248 1709 1341 1745 laud.
1360 1711 1400 1756 57
1416 1720 1425 1743 z

907 1770 1043 1795 Desertam
1056 1769 1084 1793 in
1094 1768 1149 1793 sola
1158 1768 1280 1792 miserum
1293 1775 1320 1792 se
1331 1767 1416 1792 cernit
1424 1774 1511 1791 arena.

956 1831 970 1852 1
976 1818 1029 1852 30.
1036 1819 1114 1854 Non
1119 1830 1181 1862 ego
1189 1828 1262 1852 sum
1270 1818 1381 1850 tituh's
1389 1822 1454 1850 etc.
1462 1815 1546 1850 Non
1555 1827 1596 1849 ea

907 1870 1018 1906 laudis
1028 1876 1099 1906 tuae
1108 1883 1188 1916 pars
1202 1867 1398 1904 omittenda
1410 1882 1419 1910 ;
1438 1866 1595 1902 Ariadne

908 1923 1036 1958 scilicet
1045 1922 1221 1958 derelicta.
1233 1939 1278 1948 —-
1288 1921 1515 1966 Excipienda,
1528 1920 1599 1954 Va·

908 1975 1011 2010 tican.
1024 1974 1119 2020 quod
1131 1973 1283 2009 Heinsio
1291 1985 1367 2008 non
1385 1971 1595 2017 displicebat.

957 2027 1030 2062 131.
1051 2028 1126 2063 Nec
1141 2030 1249 2072 pater
1266 2030 1321 2061 est
1339 2026 1478 2070 AEgeus.
1505 2024 1599 2071 Apta

913 2078 1152 2124 exprobratio,
1171 2078 1252 2123 quia
1264 2077 1423 2113 Theseus
1440 2076 1600 2122 Neptuni

913 2130 1005 2167 filius
1017 2131 1244 2174 credebatur;
1260 2130 1421 2177 Neptuni
1436 2142 1521 2165 vero
1538 2129 1601 2164 filii

912 2198 1054 2231 semper
1073 2186 1207 2220 seroces
1219 2191 1255 2220 et
1269 2184 1350 2220 saevi
1366 2197 1386 2219 a
1402 2183 1523 2219 Poetis
1543 2183 1602 2217 in·-

913 2238 1103 2274 ducuntur.
1123 2238 1236 2284 AEgea
1245 2250 1330 2273 vero
1347 2236 1521 2283 abjudicat
1538 2236 1602 2282 ipsi

914 2299 1051 2338 patrem
1062 2318 1072 2336 ,
1086 2291 1166 2337 quia
1180 2291 1238 2326 ille
1252 2303 1385 2337 pronus
1395 2289 1433 2324 in
1450 2301 1600 2332 amores,

915 2351 952 2379 et
965 2346 1168 2379 veneream
1184 2343 1412 2389 voluptatem.
1426 2342 1558 2377 Bumu.

962 2410 973 2431 1
981 2397 1033 2431 32.
1047 2397 1218 2431 Auctores
1227 2409 1328 2437 saxa,
1333 2396 1527 2441 fretumque
1544 2396 1603 2427 tui.

918 2448 1099 2484 Catullum
1114 2448 1220 2484 simul
1236 2455 1272 2483 et
1286 2447 1477 2494 Virgilium
1492 2459 1604 2482 aemu-

915 2502 1028 2546 latur,
1048 2513 1201 2547 quorum
1218 2501 1336 2548 prior,
1365 2502 1449 2544 154:

915 2563 1042 2595 Qua-nam
1054 2568 1079 2587 te
1091 2563 1180 2595 genuit
1192 2571 1258 2587 saeva
1272 2562 1322 2587 sub
1333 2570 1399 2594 rupe
1410 2561 1490 2586 lenna
1499 2559 1514 2584 ἵ)

916 2612 995 2646 Quod
1010 2621 1079 2637 mare
1097 2617 1251 2645 conceptum
1275 2609 1458 2645 spumantibus
1478 2610 1584 2643 exspuit

1018 2662 1115 2687 undis?

916 2713 1098 2748 Posterior
1108 2725 1206 2756 vero,
1214 2711 1329 2747 multo
1341 2708 1585 2745 vehementius
1597 2721 1606 2742 ε

915 2774 973 2800 Nee
993 2774 1041 2800 tibi
1063 2774 1132 2800 Diva
1148 2782 1260 2808 parens,
1285 2773 1383 2805 generis
1402 2780 1449 2797 nec
1467 2770 1605 2798 Dardanus

1017 2829 1107 2850 auctor
1117 2843 1125 2854 ‚
