1884 3112
280 265 343 295 ΧΠ
793 255 1188 302 PRAEFATIO.

280 349 545 408 favore,·non
554 351 817 419 increpitent
830 354 994 413 saltem,
1007 367 1205 406 extremos
1216 359 1320 408 inter
1329 351 1484 408 euntem
1499 362 1667 425 (HOR.)
1680 382 1691 421 ;

279 450 323 486 et
352 458 403 487 eo
436 440 529 488 ride
565 440 670 489 dum
698 442 837 505 magis
860 442 1118 510 explodaut,
1145 465 1234 512 quo
1257 448 1485 496 certiorem
1506 449 1694 515 palmam

278 460 668 592 praejudieaviihit.

345 615 494 662 Habet
514 616 629 663 enim
651 616 868 682 peculiare
887 619 971 668 hoc
996 632 1040 668 et
1058 620 1206 680 fatale,
1233 624 1355 688 quod
1379 624 1697 676 decernendum

280 701 416 749 nobis
436 714 673 763 certamen,
701 717 753 753 ut
771 724 870 755 cum
887 719 1018 773 poeta
1035 727 1104 756 res
1126 710 1207 768 sit,
1233 729 1321 776 quo
1336 730 1428 760 non
1446 712 1558 761 alius
1575 712 1700 761 aditu

279 788 471 848 facilior,
493 809 586 838 non
605 803 724 840 tactu
745 792 923 842 mollior
945 794 1056 844 alius
1076 796 1274 845 videatur
1299 817 1309 845 :
1333 798 1410 846 sed
1430 798 1546 847 idem
1568 818 1699 865 quam

281 875 486 943 p‘romtus
504 891 548 927 et
558 869 722 929 habilis
736 882 783 929 in
798 883 1018 949 quaslibet
1033 903 1124 934 sese
1137 885 1301 935 formas
1319 899 1498 946 vertere,
1513 889 1699 938 Proteus

280 963 410 1023 alter;
437 978 568 1032 atque
584 967 645 1016 ita
661 968 837 1034 jamjam
856 972 1045 1021 tenentis
1061 992 1085 1021 e
1103 974 1307 1023 manibus
1326 975 1542 1034 excidere,
1561 975 1698 1034 elabi,

282 1053 478 1112 effluere,
500 1075 673 1123 semper
689 1059 856 1118 varius,
878 1078 958 1109 nec
976 1061 1076 1110 ideo
1100 1074 1244 1112 tamen
1267 1064 1336 1112 sui
1357 1083 1553 1131 unquam
1568 1064 1701 1113 dissi-

279 1139 418 1189 milis!
447 1141 587 1191 donec
602 1146 756 1193 tenacia
771 1146 910 1195 vincla
922 1148 1060 1210 magis
1078 1168 1126 1196 ac
1138 1150 1278 1212 magis
1295 1150 1565 1199 contendens
1576 1150 1703 1198 labor

281 1227 535 1293 improbus,
561 1231 726 1280 victum
759 1235 973 1296 coegerit,
996 1247 1040 1282 et
1071 1237 1176 1284 artis
1205 1237 1503 1287 immemorem
1530 1239 1578 1286 in
1609 1256 1702 1286 sese

281 1315 423 1365 redire
437 1354 448 1375 ,
473 1329 515 1366 et
533 1319 708 1368 tandem
730 1320 924 1370 hominis
949 1341 1025 1371 ore
1049 1322 1197 1390 loqui!
1223 1326 1348 1388 Quid
1362 1327 1478 1375 enim
1495 1326 1614 1375 aliud
1626 1346 1702 1376 ve-

282 1414 396 1453 teres
420 1405 611 1456 voluisse
634 1408 892 1468 credideris,
920 1430 1057 1476 quum
1081 1430 1211 1460 suum
1234 1413 1398 1462 Protea
1420 1414 1703 1473 effinxerunt,

282 1493 370 1542 nisi
384 1506 436 1543 ut
449 1495 713 1556 indicarent,
736 1517 822 1564 qua
836 1510 928 1547 arte
943 1511 987 1547 et
1001 1518 1157 1565 opera,
1175 1520 1267 1550 rem
1286 1503 1484 1551 omnium
1502 1502 1704 1552 mobilis-

285 1582 460 1641 simam,
483 1595 661 1650 poetam
685 1585 875 1645 scilicet,
898 1588 1175 1636 teneremus?

351 1671 477 1735 Quid
501 1673 661 1721 mirum
690 1673 848 1736 igitur,
876 1675 995 1741 quod
1027 1687 1094 1724 tot
1122 1676 1440 1744 interpretibus
1461 1690 1551 1727 tam
1567 1677 1707 1727 multa

288 1756 431 1806 adhuc
462 1758 510 1806 in
547 1760 711 1809 ovidio
734 1761 1063 1829 interpretanda
1087 1763 1348 1812 exciderint!
1375 1765 1469 1828 Qui
1494 1777 1638 1814 tamen
1663 1776 1709 1814 et

288 1858 400 1912 quot
417 1848 499 1895 viri
514 1861 715 1898 nostrum
729 1850 847 1899 hunc
862 1863 1060 1918 poetam,
1085 1853 1140 1901 ab
1157 1872 1273 1901 anno
1296 1853 1417 1914 1480
1430 1892 1442 1912 ,
1462 1854 1518 1902 ad
1529 1865 1708 1903 nostros

288 1953 429 2000 usque
454 1935 566 1995 dies,
593 1957 670 1986 seu
693 1939 876 2004 partim,
901 1959 979 1988 seu
1003 1951 1148 1987 totum
1172 1953 1464 2006 susceperunt
1484 1940 1708 1990 illustran-

290 2023 420 2071 dum!
452 2026 516 2072 Ut
541 2026 657 2074 enim
678 2027 912 2086 Volscum,
940 2027 1241 2085 Calderinum,
1266 2028 1586 2086 Hubertinum,
1611 2029 1710 2076 Me-

291 2112 432 2161 rulam
452 2126 496 2162 et
515 2115 626 2164 alios
649 2117 869 2176 omittam,
896 2117 973 2183 qui
1002 2117 1200 2164 turbatas
1230 2129 1274 2164 et
1302 2116 1527 2166 exulantes
1555 2117 1709 2164 Musas

292 2201 491 2268 hospitio
509 2204 642 2269 primi
657 2205 703 2268 in
717 2205 846 2252 Latio
862 2216 1144 2269 exceperunt,
1167 2204 1374 2268 juverunt
1390 2204 1505 2252 curis
1529 2203 1714 2268 opibus-

295 2307 401 2354 que;
424 2301 468 2337 et
488 2289 679 2338 divinam
699 2291 866 2354 ingenii
886 2291 1101 2340 flammam
1120 2291 1245 2357 quasi
1266 2291 1313 2338 in
1328 2290 1482 2339 fomite
1498 2309 1620 2339 sacro
1639 2309 1713 2339 ra-

295 2376 486 2441 pientes,
504 2376 701 2425 fecerunt
717 2391 769 2426 ut
784 2378 944 2427 sensim
962 2379 1099 2426 varias
1112 2381 1303 2444 Europae
1319 2390 1466 2444 partes
1480 2397 1532 2427 eo
1548 2377 1712 2426 lumine

297 2463 592 2523 collustraret,
612 2465 734 2530 quod
752 2485 806 2514 ne
820 2485 1015 2532 unquam
1029 2467 1348 2529 restinguatur,
1372 2464 1485 2513 nihil
1495 2465 1584 2530 jam
1595 2483 1713 2512 nunc

297 2551 535 2599 verendum
559 2564 624 2600 est
647 2572 658 2601 :
681 2564 732 2601 ut
753 2553 876 2612 illos,
899 2554 1104 2619 inquam,
1131 2555 1349 2612 omittam,
1374 2571 1562 2620 quorum
1582 2571 1714 2618 opera

298 2637 474 2685 emersit
487 2638 678 2703 primum
700 2640 888 2688 Ovidius
907 2659 930 2688 e
948 2641 1088 2689 ruinis
1107 2641 1312 2699 incendii,
1331 2660 1420 2707 quo
1434 2658 1570 2703 graeca
1582 2638 1712 2687 simul

302 2736 346 2776 et
367 2743 548 2776 romana
566 2726 793 2777 urbanitas
810 2748 953 2795 nuper
969 2729 1277 2793 conflagrarat,
1301 2728 1356 2778 ad
1379 2739 1547 2778 aetatem
1566 2726 1712 2776 statim
