1884 3112
0 1922 24 2302 *sa-*ffi-zvss-mssfffw
1 1899 11 1915 e
13 1888 17 1889 ,
4 1851 13 1877 ⁴—

0 2543 23 2554 “,
0 2486 27 2508 ξς
0 2311 26 2471 *dag-0

595 255 1218 330 PRAEFArmNcuLA.
1528 258 1612 314 401

186 368 362 398 scenam
392 351 607 396 inducant
629 360 855 397 auctorem
874 351 1038 412 Elegiae
1059 360 1218 396 nostrae
1231 384 1246 406 ,
1286 349 1468 396 Celsum
1498 350 1620 395 hunc

187 429 545 485 Albinovanum,
575 429 631 473 ad
647 446 780 492 quem
797 428 1000 473 inscribit
1022 430 1233 473 Horatius
1250 428 1497 490 Epistolam
1518 441 1617 482 vm,

187 507 318 553 Libri
335 509 471 569 primi
485 541 499 562 ,
533 523 756 569 quemque
773 506 960 551 scribam
979 504 1111 559 dicit,
1135 509 1413 566 comitemque
1432 506 1622 549 Neronis

190 585 434 645 (Tiberii);
459 600 548 646 quo
573 584 742 628 scilieet
758 600 943 628 munere
964 584 1114 644 potuit
1134 583 1317 643 quidem
1334 585 1470 628 Drusi
1486 582 1624 626 frater

190 670 369 724 poetam
385 661 442 706 ad
455 670 630 723 tempus
644 677 944 705 remunerasse
956 694 969 714 ,
987 661 1064 721 qui
1078 675 1169 702 non
1185 661 1246 702 ita
1257 662 1452 704 Drusum
1468 659 1623 704 lauda-

192 748 339 795 verat,
357 747 410 784 ut
425 755 517 783 non
536 740 585 782 in
595 738 772 782 Tiberii
786 737 934 781 fratris
953 736 1103 781 laudes
1120 738 1338 797 copiosior
1353 737 1627 781 exundasset.

191 817 432 861 Diversum
451 814 570 860 hunc
593 833 617 859 a
635 813 816 858 Pedone
839 823 1015 869 nostro,
1043 815 1149 859 licet
1167 813 1479 860 Albinovanus
1497 823 1624 858 uter-

193 910 282 955 que
305 894 565 954 cognomine
579 926 593 947 ,
626 909 651 935 a
669 893 813 953 patria
832 890 959 936 Alba
979 893 1109 937 Nova
1125 927 1141 942 ,
1167 900 1287 936 recte
1310 891 1631 935 demonstravit

194 971 477 1025 Torrentius,
496 969 553 1013 ad
563 971 721 1015 Horat.
733 969 896 1023 locum,
911 968 990 1013 sed
999 969 1113 1014 nihil
1123 969 1320 1022 adduxit,
1333 969 1454 1012 unde
1465 977 1635 1013 constet

191 1049 416 1110 scripsisse
434 1064 538 1092 eum
563 1047 922 1092 Com-clationem
938 1047 1004 1090 ad
1018 1048 1185 1091 Liviam
1204 1065 1219 1090 .·
1243 1047 1498 1107 conspirant
1526 1063 1630 1091 vero

190 1120 332 1186 multa
350 1158 366 1180 ,
404 1141 502 1186 quae
525 1123 691 1170 ovidio
712 1123 959 1184 legitimam
975 1125 1227 1167 restituant.
1445 1176 1449 1180 Ι
1480 1119 1483 1121 ’
1517 1115 1535 1121 ’“
1561 1127 1565 1129 ’

256 1203 306 1248 Si
330 1206 533 1264 tempora
551 1209 798 1263 spectemus
813 1235 826 1255 ,
866 1200 1031 1245 occidit
1050 1202 1221 1244 Drusus
1237 1234 1251 1256 ‚
1286 1205 1335 1245 in
1363 1199 1527 1263 cumpis
1547 1218 1634 1246 ces—

199 1283 326 1330 tivis,
362 1295 414 1323 eo
434 1281 531 1341 ipso
560 1283 701 1333 anno,
737 1279 826 1340 quo
857 1280 905 1322 in
935 1278 1116 1322 exilium
1143 1278 1294 1340 pulsus
1314 1278 1429 1322 Naso
1446 1313 1460 1334 ‚
1497 1280 1637 1323 Roma

201 1358 463 1417 emigravit,
487 1372 638 1400 mense
658 1355 921 1410 novembri,
947 1357 1005 1400 A.
1029 1358 1089 1400 D.
1114 1370 1175 1400 lx.
1205 1358 1320 1399 Tam
1339 1365 1637 1417 opportunam

198 1425 336 1495 igitur
362 1441 542 1478 nactum
570 1435 843 1478 occasionem
866 1432 1077 1498 flectendi
1100 1434 1281 1478 Caesaris
1295 1467 1309 1488 ,
1355 1442 1401 1478 et
1425 1435 1599 1478 Liviam
1617 1468 1632 1489 ,

200 1511 529 1572 Tiberiumque
549 1510 635 1554 sibi
662 1509 954 1564 conciliandi,
992 1511 1091 1571 quis
1112 1510 1263 1554 credat
1287 1527 1378 1555 non
1402 1512 1637 1572 arripuisse

199 1590 579 1652 promptissimum
591 1588 612 1631 ‘x'
628 1587 721 1633 Sed
739 1589 902 1632 cavisse
925 1588 1056 1631 simul
1072 1587 1306 1649 probabile
1327 1597 1392 1631 est
1405 1622 1418 1642 ,
1453 1604 1510 1632 ne
1533 1604 1635 1632 suus

200 1667 479 1727 ipsi-'auctor
511 1664 723 1725 Epistolae
749 1673 962 1722 noceret3
999 1663 1191 1726 ideoque
1220 1667 1403 1709 nomine
1438 1681 1529 1709 non
1559 1681 1637 1709 suo

198 1744 399 1805 primum
418 1743 612 1787 emisisse
631 1761 644 1798 3
666 1743 941 1802 tacitumque
974 1750 1249 1802 expectasse,
1289 1743 1388 1803 quis
1414 1758 1511 1786 eam
1537 1758 1640 1786 suc-

201 1836 344 1865 cessus
361 1818 483 1881 apud
496 1819 751 1879 Augustum
771 1819 995 1879 exciperet
1011 1837 1022 1874 3
1046 1835 1129 1863 nec
1149 1818 1237 1862 sibi
1252 1835 1452 1880 unquam
1470 1821 1518 1862 in
1531 1835 1639 1880 pos-

175 1895 180 1899 ’
199 1905 350 1942 terum
369 1911 479 1958 opus
498 1895 742 1940 vindicasse
758 1928 772 1949 ‚
807 1895 930 1956 quod
950 1895 1190 1939 infeliciter
1209 1895 1320 1939 adeo
1343 1898 1555 1940 cessisset.

266 1974 317 2020 Si
349 1989 455 2018 vero
487 1972 545 2016 ad
574 1988 683 2033 opus
716 1973 865 2033 ipsum
887 1974 1130 2033 respexeris
1148 2005 1161 2025 ‚
1198 1973 1315 2016 nihil
1347 1972 1439 2017 fere
1473 1972 1637 2034 depre-

201 2050 370 2097 hendas
382 2084 395 2105 ,
417 2048 539 2112 quod
557 2065 650 2093 non
666 2047 883 2093 Ovidium
896 2082 910 2103 ‚
936 2057 981 2092 et
998 2065 1177 2092 auream
1193 2049 1340 2094 latinae
1362 2050 1522 2110 linguae
1542 2060 1640 2095 zeta-

203 2137 298 2174 tem
318 2127 482 2173 referat
498 2161 512 2182 ,
542 2143 684 2170 unum
705 2127 742 2170 si
762 2125 888 2170 tollas
917 2126 1162 2170 alterumve
1185 2126 1333 2171 locum
1346 2161 1360 2182 ‚
1386 2125 1640 2189 temporum

204 2207 369 2263 injuria
388 2204 620 2249 manifeste
645 2203 949 2265 depravatum.
967 2204 1009 2247 N
1012 2220 1061 2247 ec
1081 2203 1210 2248 aliter
1226 2203 1439 2249 videntur
1456 2207 1640 2250 sensisse

205 2285 342 2346 primi
371 2299 558 2344 operum
582 2283 674 2338 ejus
697 2281 888 2325 editores
905 2315 918 2336 ,
954 2282 1031 2342 qui
1063 2297 1202 2342 quum
1224 2299 1249 2325 e
1276 2282 1413 2327 MSS.
1437 2285 1637 2344 proxime

209 2360 509 2406 exscriberent
518 2393 532 2413 ,
553 2359 718 2404 ovidio
736 2366 987 2402 constanter
999 2358 1197 2419 Elegiam
1211 2359 1326 2403 hanc
1341 2358 1634 2404 donaverunt.

209 2440 438 2484 Donemus
469 2438 605 2497 igitur
633 2443 678 2480 et
698 2451 779 2479 nos
800 2452 979 2497 quoque
996 2469 1009 2489 ,
1047 2434 1190 2480 donec
1221 2436 1436 2492 ejusmodi
1458 2453 1640 2481 consur-

209 2524 315 2577 gant
339 2522 595 2576 argumenta
609 2547 623 2568 ‚
675 2529 773 2574 quae
806 2511 976 2558 nodum
1008 2513 1256 2568 exsolvant,
1292 2515 1443 2575 sicque
1474 2530 1640 2559 novum

211 2600 391 2655 poetam
405 2626 419 2649 ,
456 2599 500 2635 et
524 2592 748 2652 egregium
767 2590 950 2653 quidem
964 2624 977 2646 ‚
1014 2590 1203 2651 Augusti
1223 2591 1380 2636 saeculo
1409 2601 1642 2661 congratu-

211 2670 394 2716 lentur.'

275 2749 474 2809 Dignum
491 2754 584 2793 erat
600 2745 798 2808 profecto
809 2745 897 2791 tale
909 2762 1086 2792 carmen
1096 2778 1110 2801 ,
1131 2745 1252 2807 quod
1266 2755 1366 2807 post
1378 2747 1614 2807 Micyllum
1624 2780 1637 2802 ‚

400 2842 448 2887 I.
1398 2841 1456 2884 26
