1884 3112
301 244 388 301 348

737 249 1091 296 EPISTOLA
1126 253 1275 299 XIX.

296 338 369 387 Sic
390 338 470 387 ubi
492 338 568 388 lux
589 352 684 388 acta
703 353 789 400 est,
816 354 860 391 et
881 344 1024 392 noetis
1046 345 1226 394 amicior
1248 347 1358 397 hora

358 417 578 465 Exhibuit
599 417 731 484 pulso
757 418 899 468 sidera
916 420 1031 470 clara
1055 421 1150 481 die;
1256 417 1260 420 ’

292 494 504 544 Protinus
526 496 574 544 in
598 516 767 547 summa
788 498 1014 562 vigilantia
1036 500 1203 550 lumina
1227 513 1347 551 turre
1665 511 1709 557 ³3

357 573 590 633 Ponimus‚
613 575 803 626 adsuetae
827 578 952 641 signa
975 591 1215 646 notamque
1234 580 1337 640 viae3

290 649 514 716 Tortaque
535 665 706 701 versato
731 653 940 703 ducentes
964 656 1151 705 stamina
1170 656 1273 705 fuso
1286 695 1298 716 ‚

352 727 558 776 Feminea
581 730 726 778 tardas
749 730 942 781 fallimus
966 745 1057 782 arte
1076 727 1235 782 moras.

289 803 413 867 Quid
436 804 594 872 loquar
614 805 780 857 interea
804 821 892 857 tam
912 808 1050 873 longo
1076 822 1292 878 tempore,
1320 813 1514 878 quaeris?
1731 876 1734 880 ι

351 881 448 940 Nil,
473 883 560 931 nisi
583 885 772 934 Leandri
796 906 981 946 nomen,
1005 888 1053 935 in
1077 907 1151 936 ore
1170 907 1268 937 meo
1293 901 1372 937 est.
1662 907 1707 952 40

285 958 440 1006 Jamne
461 972 592 1025 putas
614 962 752 1011 exisse
776 961 910 1012 domo
934 982 1030 1013 mea
1054 966 1233 1028 gaudia,
1257 967 1439 1017 nutrix?

347 1034 422 1082 An
445 1036 632 1099 vigilant
653 1042 840 1088 omnes?
863 1052 908 1089 et
925 1042 1050 1090 timet
1071 1042 1145 1091 ille
1171 1045 1312 1092 suos?

282 1111 311 1157 J
315 1130 440 1160 amne
464 1132 565 1162 suas
583 1114 779 1165 humeris
802 1116 929 1165 illum
952 1117 1174 1185 deponere
1198 1131 1367 1168 vestes:

347 1188 524 1239 Pallade
540 1191 629 1256 jam
652 1193 811 1259 pingui
830 1194 997 1257 tingere
1018 1196 1216 1244 membra
1238 1197 1402 1262 putas?

279 1267 453 1317 Adnuit
475 1268 550 1322 illa
574 1270 662 1319 fere
685 1291 695 1319 ε
715 1291 808 1320 non
832 1285 986 1322 nostra
1009 1273 1132 1340 quod
1152 1273 1302 1323 oscula
1329 1286 1479 1334 curet;
1655 1290 1700 1336 45

343 1346 431 1395 Sed
454 1361 601 1397 movet
625 1349 845 1417 obrepens
872 1369 1055 1399 somnus
1077 1350 1190 1399 anile
1215 1362 1360 1417 caput.

320 1449 373 1483 33.
396 1451 454 1485 Sic
464 1452 594 1485 ubt'lux
608 1456 690 1486 acta
700 1456 763 1487 esl.
778 1455 888 1487 Facta
903 1457 958 1487 est

276 1503 478 1538 Puteaneus
493 1511 528 1538 et
543 1517 672 1539 novem
687 1505 743 1540 alii
756 1519 763 1540 :
778 1506 828 1540 nil
843 1513 953 1541 muto.

275 1554 346 1590 Sed
364 1562 399 1589 et
414 1555 471 1590 hic
485 1564 598 1601 posset
613 1562 724 1591 tracta
739 1557 814 1604 legi.

318 1608 370 1642 35.
379 1610 420 1642 In
428 1621 558 1643 summa
563 1614 661 1644 lune.
669 1613 710 1645 In
715 1624 843 1646 summo
850 1616 948 1652 tecto,

273 1659 474 1694 Puteaneus
487 1667 522 1695 et
539 1662 670 1696 Mor-eti
683 1663 800 1697 codex.
817 1664 951 1698 Hmns.

272 1711 355 1745 Non
379 1712 499 1757 probo.
530 1714 642 1747 Turris·
663 1714 759 1748 enim
784 1715 890 1749 etiam
912 1715 949 1749 in

271 1763 481 1808 praecedenti
498 1764 651 1810 Epistola
667 1767 839 1801 meminit.

313 1815 367 1848 36.
390 1817 493 1859 Signa
504 1822 690 1862 nolamque.
709 1820 812 1862 Stgma
826 1823 951 1852 nolan-

270 1869 326 1907 da,
343 1867 541 1902 Leidensis:
557 1869 674 1903 similis
686 1869 862 1905 diversitas
877 1882 923 1904 111
936 1897 946 1914 ‚

269 1918 359 1953 Fast.
375 1919 460 1955 650:

369 1993 399 2001 ...
415 1977 551 2010 Apparent
563 1977 635 2010 signa
645 1983 764 2011 notaque
774 1979 879 2012 pedum.

268 2026 340 2060 Ubi
352 2029 451 2070 stgma
469 2031 589 2061 notata
610 2027 776 2062 Heinsius
790 2029 943 2072 mavult,

266 2090 349 2114 cum
362 2077 528 2112 undecim
547 2078 678 2124 scriptis
691 2091 699 2112 :
712 2079 819 2113 editio
834 2080 946 2125 prima

265 2129 391 2173 habet,
404 2134 564 2175 signaque
579 2135 670 2165 nota.
684 2131 813 2166 Lincol.
827 2137 948 2166 :nota-

264 2195 326 2227 que
336 2186 436 2228 signa
445 2195 456 2225 ;
475 2184 552 2219 duae
567 2184 735 2219 editiones
748 2186 894 2220 Venetae
911 2193 947 2220 et

265 2247 387 2280 margo
403 2235 535 2282 Micylli
561 2242 597 2270 et
621 2236 803 2271 Bersman.
815 2263 824 2281 ,
847 2241 946 2282 signa

264 2292 435 2333 notasque.
452 2289 582 2324 BURM.

309 2342 362 2384 42.
380 2342 491 2375 Timet
499 2344 557 2376 ille
567 2355 655 2377 suos.
670 2343 712 2376 In
723 2342 941 2387 quibusdam,

257 2398 390 2437 patrem
400 2421 409 2434 ‚
421 2407 495 2428 non
512 2407 592 2429 suos
602 2395 727 2441 legitur
735 2409 744 2431 ι
752 2402 943 2441 utrumque

263 2453 368 2481 recte.
381 2447 555 2482 NAUGER.

305 2501 357 2543 44.
367 2501 511 2533 Pallade
506 2500 586 2544 jam
591 2504 841 2545 pe‘rtguiiingere
846 2514 942 2535 mem-

263 2551 324 2583 bra
326 2555 436 2593 pules.
446 2551 513 2585 Vel
524 2559 645 2586 contra
652 2552 810 2587 codicum
819 2553 939 2597 fidem,

248 2603 381 2646 fingere
402 2604 648 2648 reponendum
673 2604 858 2638 contendo.
883 2605 940 2639 Sic

261 2654 299 2687 in
318 2653 500 2690 Catalectis
512 2656 650 2690 Pithoei
666 2656 839 2700 Avienus,
860 2656 940 2701 Epi-

262 2713 453 2750 grammate
468 2734 477 2750 ,
501 2708 595 2752 quod
622 2708 775 2742 Martiali
801 2709 843 2742 ab
868 2708 938 2742 aliis

262 2757 437 2803 tribuitur,
446 2759 527 2793 etin
535 2760 609 2803 ejus
620 2767 670 2794 est
678 2760 818 2796 vetustis
827 2772 938 2795 exem-

1019 1453 1168 1498 plaribus
1179 1480 1189 1497 ,
1206 1453 1262 1488 lib.
1274 1464 1326 1497 lv,
1339 1453 1404 1499 Ep.
1415 1466 1478 1502 90;
1491 1454 1530 1489 in
1542 1454 1627 1500 aliis,
1637 1456 1698 1504 892

1019 1512 1095 1536 Tunc
1107 1512 1164 1536 oleo
1176 1521 1270 1545 corpus
1279 1512 1353 1546 fingo
1363 1513 1488 1547 mollique
1499 1514 1634 1548 polan-3

1020 1559 1213 1604 Quomodo
1241 1561 1403 1595 meliores
1433 1562 1549 1607 scripti
1567 1589 1576 1607 ‚
1621 1575 1697 1598 non

1015 1624 1196 1657 corpusque
1197 1612 1291 1656 frico
1297 1626 1307 1646 ,·
1319 1620 1423 1658 atque
1434 1613 1482 1647 ita
1493 1613 1584 1659 apud
1595 1614 1698 1650 Man-

1015 1663 1132 1697 tialem
1143 1676 1282 1709 quoque
1295 1665 1383 1698 libro
1391 1674 1406 1697 1
1417 1690 1427 1709 ,
1442 1664 1561 1711 Epigr.
1572 1677 1694 1711 mlx,

1014 1715 1237 1750 scribendum
1253 1715 1410 1750 videtur:

1013 1771 1105 1804 Fingit
1113 1776 1200 1795 eutem
1212 1770 1355 1802 Charinus,
1373 1776 1399 1796 et
1410 1776 1496 1796 tamen
1507 1772 1596 1805 pallet.
1629 1772 1668 1798 H.

1013 1819 1095 1854 Nou
1111 1826 1197 1864 puto
1222 1819 1278 1854 hic
1300 1820 1417 1854 locum
1439 1832 1538 1865 posse
1564 1820 1694 1856 habere

999 1873 1148 1915 fingere,
1168 1879 1208 1905 ut
1223 1871 1325 1913 alibi;
1343 1879 1379 1906 et
1399 1878 1520 1907 tamen
1542 1873 1693 1908 offendit

1011 1923 1066 1957 ille
1077 1923 1153 1957 soni
1165 1923 1324 1968 ejusdem
1337 1924 1475 1958 iteratio
1483 1950 1492 1967 ,
1500 1928 1693 1970 pinguitia-

1007 1988 1107 2019 guere
1121 1989 1131 2009 .·
1148 1988 1255 2020 quare
1281 1988 1346 2021 ego
1370 1976 1511 2010 mallem
1522 2003 1531 2017 ‚
1561 1977 1694 2022 Ungue

999 2029 1080 2074 jam
1091 2033 1216 2073 pingui
1229 2030 1370 2073 pallade
1394 2032 1540 2064 membra
1556 2034 1660 2074 pules
1675 2040 1689 2072 ‚⁶

1010 2094 1095 2116 nam
1109 2082 1145 2116 in
1159 2082 1308 2127 antiquis
1322 2083 1485 2117 omnibus
1498 2082 1599 2118 editis
1621 2090 1688 2127 est,

1018 2139 1158 2181 Iungere
1167 2138 1246 2182 jam
1259 2139 1529 2182 pingut‘pallade
1544 2141 1690 2174 membru

1003 2193 1127 2232 putes:
1141 2202 1241 2224 voces
1261 2196 1379 2223 autem
1400 2193 1551 2234 tinguere
1571 2196 1606 2224 et
1624 2203 1690 2224 un·-

1006 2256 1105 2286 guere
1116 2270 1123 2283 ‚
1142 2243 1270 2288 ubique
1286 2243 1359 2278 sere
1374 2249 1598 2277 commutatae
1612 2255 1632 2277 a
1645 2243 1689 2277 li-

1008 2296 1139 2330 brariis.
1158 2297 1306 2339 Tangere
1320 2295 1441 2329 eratin
1456 2306 1528 2328 uno
1541 2294 1686 2339 Mureti,

1009 2354 1043 2382 et
1055 2348 1219 2393 excerptis
1227 2348 1358 2382 Douzae
1369 2360 1376 2381 :
1386 2347 1492 2382 etiam
1498 2347 1685 2392 eleganter:

1007 2413 1091 2434 nam
1105 2403 1180 2435 oleo
1192 2405 1343 2445 langere,
1359 2400 1533 2434 Catonem
1545 2406 1581 2434 et
1593 2401 1687 2434 Var-

1006 2465 1133 2486 ronem
1165 2452 1283 2486 dixisse
1317 2451 1436 2487 docuit
1464 2451 1611 2486 Sci-iver.
1640 2451 1685 2486 ad

1007 2504 1157 2539 Martial.
1176 2504 1231 2538 lib.
1245 2515 1285 2539 VI
1297 2530 1307 2548 ,
1322 2503 1440 2549 Epigr.
1458 2505 1507 2549 74.
1524 2503 1654 2538 Bur-n.

1050 2558 1102 2600 45.
1118 2557 1253 2590 Annuit
1261 2556 1417 2600 illusere.
1427 2557 1510 2590 Fen·
1519 2583 1527 2596 ,
1543 2568 1606 2601 pro
1611 2557 1682 2599 ‘ple-⁴·

1004 2620 1136 2652 rumque
1148 2634 1156 2647 ‚
1173 2614 1225 2650 et,
1233 2607 1314 2651 sere
1328 2620 1470 2652 semper,
1485 2607 1607 2652 posuit.
1623 2606 1682 2640 Sic

1004 2666 1039 2694 et
1056 2659 1180 2693 Cicero
1195 2672 1202 2693 ε
1217 2661 1324 2693 Pater
1337 2672 1430 2694 meus
1444 2661 1500 2693 hic
1513 2658 1593 2703 five
1608 2662 1684 2702 agit

1003 2715 1135 2745 oetatern
1154 2715 1190 2745 ιἰι
1204 2714 1320 2745 literis.
1346 2712 1483 2745 MICYL.

1045 2762 1097 2805 46.
1127 2764 1303 2807 obrepens.
1323 2764 1495 2806 Obrepans
1517 2761 1676 2796 Ambros.
