1884 3112
506 235 812 310 PHAEDRA
849 235 1285 281 HIPPOLYTO.
1555 238 1608 297 73

176 296 272 382 Aut
294 327 532 380 tremulum
555 348 740 379 excusso
761 329 956 396 jaculum
974 329 1151 379 vibrare
1175 327 1360 378 lacerto·
1351 367 1361 386 ,

239 406 370 456 Aut
356 425 405 455 111
427 407 650 471 graminea
671 426 839 474 ponere
862 426 1027 475 corpus
1050 407 1202 457 humo.

174 485 304 554 Saepe
322 485 446 552 juvat
468 505 640 535 versare
662 484 780 535 leves
802 485 850 534 in
871 484 1052 553 pulvere
1077 502 1253 543 currus,
1566 495 1610 541 45

239 563 543 630 Torquentem
563 563 701 613 frenis
725 582 802 612 ora
824 562 1026 630 sequacis
1050 561 1167 627 equi.

173 641 308 692 Nunc
328 640 468 700 feror,
493 652 547 690 ut
567 640 732 690 Bacchi
752 640 882 689 furiis
905 639 1124 702 Eleleides
1148 651 1278 697 actae,

241 719 443 787 Quaeque
466 719 551 768 sub
575 718 696 768 Idaeo
720 730 930 786 tympana
953 716 1064 767 colle
1086 728 1295 766 movent:

170 797 269 847 Aut
291 816 404 865 quas
424 796 626 847 semideae
651 795 872 863 Dryades,
896 794 1128 862 Faunique
1151 794 1381 852 bicornes,

234 875 428 925 Numine
451 886 675 937 contactas
699 886 931 924 attonuere
953 892 1061 922 suo:
1566 884 1610 918 50

171 954 373 1020 Naer
394 953 507 1002 mihi
528 952 746 1012 referunt,
772 972 911 1020 quum
934 970 981 1003 se
1004 951 1132 1000 furor
1154 948 1228 998 ille
1252 948 1444 1007 remisit,

237 1029 405 1080 Omnia
421 1049 518 1080 :me
542 1030 719 1080 tacitam
742 1030 948 1085 conscius
972 1028 1064 1077 urit
1086 1028 1238 1077 Amor.

169 1143 321 1181 Heinsio
334 1172 345 1190 ,
376 1145 476 1192 cujus
496 1145 638 1182 monitu
662 1145 856 1181 Broukhu-

167 1197 238 1233 sius
252 1197 306 1237 ita*
321 1198 527 1245 oorrigebat.
548 1199 726 1234 Praeterea
742 1200 855 1244 majus

168 1249 339 1286 meritum
347 1277 358 1295 ‚
369 1257 405 1286 et
411 1251 537 1287 laboris
545 1251 674 1287 insoliti
679 1252 855 1298 impetum

167 1301 300 1338 indicat
314 1303 452 1350 vulgata
466 1303 569 1339 lectio
579 1331 589 1348 ‚
607 1312 648 1339 ut
663 1305 770 1340 etiam
783 1304 856 1340 eni-

167 1360 265 1390 tatur
279 1355 318 1390 in
333 1368 464 1390 summa
469 1356 569 1402 juga.
585 1357 718 1392 Bunm.

211 1409 267 1452 45.
288 1408 385 1453 Saepe
403 1409 510 1454 juvat
536 1422 672 1445 versare
702 1411 793 1445 leves
820 1413 858 1445 1⁰11

161 1461 300 1504 pulvere
329 1472 454 1496 cums.
489 1460 676 1508 Euripides
691 1487 702 1506 ,
731 1462 856 1497 Dram.

168 1511 264 1547 citat.
278 1512 345 1548 228
360 1525 370 1548 ε

212 1566 363 1601 Δίποινα
390 1569 460 1605 δίας
483 1556 603 1614 Api-qu
623 1570 731 1611 λίμνας
745 1592 755 1611 ,

209 1621 276 1673 1.oe?
287 1622 462 1663 γυμνασὶων
476 1624 536 1653 τῶν
553 1621 751 1668 ὶπκοκρὸτων,

206 1675 282 1706 Eece
294 1674 436 1727 γενοίμαν
452 1671 482 1705 ἔν
496 1677 562 1710 σοῖς
578 1673 720 1711 δαπέδοις
729 1698 740 1716 ,

206 1723 329 1762 Πάλους
342 1715 457 1762 Ενὲτας
475 1726 582 1768 δὶκμαζ
584 1725 685 1768 ομὲνοε.

167 1780 240 1817 sed
249 1780 380 1818 ovidio
387 1789 509 1818 noster
517 1783 681 1829 propium
694 1785 800 1818 Pbed.
807 1783 854 1819 ih.

167 1841 436 1878 Quandpounai-je,
449 1853 486 1869 au
495 1849 593 1870 :muers
601 1844 681 1870 d'une
689 1844 855 1878 noblopous—

264 1885 331 1910 sian
338 1903 350 1918 ,

164 1933 257 1960 Suim
264 1933 300 1959 dc
307 1933 375 1960 l'oeil
380 1943 416 1960 un
427 1934 604 1971 clmrsuyant
614 1935 681 1960 dans
690 1935 719 1960 la
726 1936 855 1960 carrie're'

210 1982 264 2026 46.
290 1983 362 2017 Ora
373 1987 529 2030 sequacis·
540 1988 625 2030 equi.
645 1985 854 2030 Quidamsu-

161 2038 278 2079 gach,
294 2039 472 2081 sequacis:
489 2037 714 2072 Puteaneum
726 2050 853 2072 exem-

165 2086 242 2132 plar
261 2094 297 2122 et
312 2086 575 2124 Scriverianum
597 2102 679 2124 cum
703 2096 854 2135 quatuor

166 2138 256 2183 aliis,
267 2145 341 2175 tam
352 2140 409 2177 hic
419 2167 429 2186 ,
446 2154 552 2188 quam
569 2142 723 2188 Epistola
734 2143 853 2178 Herus

166 2190 287 2227 initio:

247 2243 366 2270 Flectiti-
378 2250 424 2270 nut
434 2245 508 2271 freno
517 2247 584 2272 eolla
598 2248 718 2281 sequacis
728 2248 800 2282 equi.

166 2291 227 2327 ubi
237 2292 343 2328 etiam
342 2294 488 2339 fugacis·
496 2295 588 2343 vulg.
598 2297 695 2344 Virg.
709 2309 731 2332 x
740 2324 750 2342 ‚
768 2298 850 2334 365:

166 2351 204 2377 Ut
217 2352 284 2378 vidit
295 2354 381 2379 Pau-s
392 2355 468 2380 latio
481 2355 543 2381 dare
550 2362 622 2389 terga
632 2359 748 2392 sequaci.

167 2401 318 2437 Remed.
336 2402 460 2438 Amor.
477 2404 560 2449 246:

165 2457 245 2482 Nunc
259 2459 373 2491 lepooem
388 2467 499 2492 pronum
513 2460 599 2485 catulo
613 2465 709 2486 sectare
719 2462 835 2495 sequaci.

167 2525 211 2534 --
223 2506 360 2543 Obvius
375 2507 469 2554 apud
484 2508 669 2555 scriptores
684 2509 777 2545 vocis
790 2510 852 2545 hu-

166 2560 222 2605 jus
233 2572 362 2606 sequax
376 2573 478 2603 usus;
495 2561 556 2596 sed
572 2561 659 2596 nulli
675 2562 775 2598 cessit
791 2564 851 2599 se-

167 2611 266 2646 licior
277 2639 287 2656 ‚
308 2625 415 2658 quam
434 2613 573 2648 Lucret.
594 2624 640 2648 111
651 2641 660 2659 ,
680 2615 764 2650 316:

167 2667 281 2693 Natum
291 2667 428 2694 hominum
439 2670 523 2695 varias
537 2689 544 2701 ,
557 2678 693 2704 moresque
702 2679 832 2704 sequacos.

171 2715 224 2751 Ut
224 2718 368 2761 flexiles
379 2717 483 2765 dicat,
498 2725 533 2754 et
542 2732 631 2755 cerae
643 2719 752 2755 instar
760 2725 852 2756 trac-

142 2808 146 2814 x
170 2772 244 2803 latu
247 2769 391 2814 faciles.

964 1145 1018 1190 47.
1039 1144 1090 1178 Ut
1102 1141 1354 1185 Baccht‘suriis
1370 1146 1434 1175 etc.
1452 1138 1579 1175 Unum
1592 1153 1611 1174 e

920 1195 1049 1231 Bacchi
1077 1194 1282 1230 nominibus
1319 1194 1460 1228 Eleleus
1475 1203 1489 1234 ‚⁰
1518 1190 1612 1237 quod

921 1248 1043 1285 Ovidii
1071 1247 1257 1283 auctoritas
1282 1243 1614 1290 Metamorphoseos

920 1311 974 1344 lv,
996 1302 1055 1344 15,
1076 1300 1224 1346 probat:

919 1360 1118 1395 Nycteleusque
1131 1379 1141 1391 ,
1160 1360 1319 1394 Eleleusque
1332 1367 1435 1393 parens.

922 1409 1034 1455 Quod
1055 1421 1191 1444 nomen
1212 1408 1384 1455 Apollinis
1408 1406 1515 1443 etiam
1538 1420 1612 1443 esse

920 1461 1125 1497 Macrobius
1142 1461 1297 1508 prodidit
1313 1488 1322 1506 ‚
1347 1461 1552 1507 dictumque
1570 1460 1614 1495 il-

917 1514 979 1549 lud
989 1513 1097 1559 ,“’Δπσ“
1113 1521 1166 1551 τοῦ
1183 1517 1354 1550 ἒλίττεσθαι
1377 1520 1450 1560 περὶ
1464 1520 1520 1556 τὴν
1535 1518 1592 1559 γῆν
1605 1526 1612 1547 z

912 1566 1015 1613 ‘quod
1045 1567 1183 1603 alterno
1214 1566 1344 1602 scilicet
1373 1574 1495 1602 meatu
1523 1567 1614 1601 circa

917 1627 1051 1655 terram
1073 1619 1166 1654 volvi
1181 1619 1354 1654 videatur.
1370 1618 1452 1654 Sive
1468 1619 1576 1666 igitur
1593 1632 1613 1653 a

918 1672 1097 1708 volutione
1116 1671 1320 1718 hujusmodi
1334 1698 1344 1716 ,
1361 1671 1434 1707 sive
1452 1672 1494 1706 ab
1511 1673 1614 1706 Elcle

917 1723 1174 1760 Bacchantium
1202 1736 1288 1759 voco
1319 1725 1435 1768 (nam‹
1457 1724 1565 1759 etiarn
1590 1736 1613 1758 a

916 1777 1011 1812 sonis
1035 1776 1216 1812 Bacchum
1238 1776 1356 1812 dixere
1382 1783 1418 1812 et
1435 1778 1611 1812 Bromium

917 1836 953 1865 et
981 1829 1156 1874 Iacchum)
1184 1829 1255 1864 sive
1280 1835 1317 1864 et
1339 1829 1411 1875 ipse
1430 1855 1440 1873 ,
1480 1829 1540 1874 qui
1575 1835 1612 1863 et

918 1882 1045 1928 Apollo
1060 1882 1123 1926 sit,
1142 1895 1161 1917 a
1177 1881 1353 1917 rotatione
1367 1881 1424 1916 illa
1440 1888 1611 1927 perpetua

844 1956 850 1962 ·
917 1934 1029 1970 dictus
1046 1937 1190 1970 Eleleus
1207 1942 1278 1978 est;
1298 1934 1394 1970 unde
1413 1936 1609 1975 Eleleides,

917 1999 991 2021 non
1020 1988 1183 2027 EIeides,
1214 1993 1254 2021 ut
1277 1991 1405 2021 'omnes
1423 1986 1465 2021 ad
1486 1986 1614 2033 Egna-

918 2039 1009 2073 tium
1025 2051 1135 2085 usque
1159 2038 1250 2074 Edd.
1267 2056 1312 2066 ·—
1334 2040 1435 2073 Nunc
1449 2039 1554 2084 seror
1571 2042 1614 2073 ut

916 2093 1056 2126 Bacchi
1074 2099 1139 2127 etc.
1167 2091 1311 2126 Chorus
1326 2091 1370 2126 ad
1396 2091 1607 2135 Phaedram,

916 2143 1009 2189 apud
1023 2143 1254 2190 Eurip.141.

983 2206 1021 2233 Συ
1032 2199 1090 2263 γὰρ
1106 2200 1222 2242 ἔνθεθς,
1247 2198 1271 2232 ὦ
1289 2199 1398 2265 κούῖροι,

982 2245 1053 2286 Ecr'
1070 2252 1100 2284 ἔκ
1117 2253 1198 2287 Πανὶ
1185 2266 1232 2295 ς,
1249 2250 1306 2287 ’ἒι9’
1322 2252 1469 2294 Exime,

998 2310 1023 2339 Η
1041 2308 1158 2347 σεμνῶν
1173 2304 1376 2353 Κορυβάντων
1386 2329 1396 2347 ,

996 2363 1019 2392 fl
1036 2358 1149 2405 ματρός
1166 2356 1279 2406 o'upttocg
1297 2358 1461 2402 φοιταλέου.

960 2408 1014 2451 48.
1042 2408 1196 2453 Quaque
1221 2410 1352 2454 Quique
1370 2408 1515 2444 rescribi
1533 2409 1613 2456 My-

916 2459 1013 2495 cillus
1028 2459 1129 2504 velit,
1148 2467 1188 2495 ut
1201 2460 1244 2496 de
1261 2460 1369 2497 Gallis
1382 2461 1611 2507 intelligatur.

917 2512 967 2547 At
987 2519 1108 2558 argute
1134 2511 1283 2548 Ovidius
1300 2512 1419 2548 Gallos
1438 2519 1608 2559 tanquam

916 2565 1066 2599 feminas
1083 2564 1139 2599 hic
1156 2564 1339 2608 describit;
1364 2578 1430 2612 pro
1447 2578 1516 2611 qua
1537 2566 1611 2601 lec-

917 2617 1014 2651 tione
1040 2617 1117 2651 libri
1141 2623 1235 2652 stant
1258 2624 1395 2653 veteres
1418 2630 1491 2652 uno
1515 2630 1611 2653 con-

917 2682 1033 2704 sensu.
1057 2670 1182 2704 Gallus
1203 2669 1307 2706 simili
1322 2669 1432 2705 modo
1452 2669 1612 2706 Catullus

915 2722 955 2756 in
969 2721 1167 2757 Galliambo
1183 2722 1336 2767 vocavit,
1349 2723 1408 2758 ubi
1419 2723 1547 2769 passim
1563 2723 1613 2757 lu-

920 2774 990 2818 dit,
1017 2774 1132 2821 Attyn
1155 2781 1325 2820 tanquam
1343 2776 1517 2811 seminam
1535 2774 1615 2810 des—
