1884 3112
319 240 406 327 438

689 274 741 316 P.
779 274 1019 319 OVIDII
1053 274 1359 322 NASONIS

320 365 394 413 Sic
419 364 554 412 damae
576 363 778 426 fugiunt,
804 377 1007 431 pugnant
1027 367 1188 416 virtute
1210 368 1382 427 leones,

320 442 381 490 Et
403 461 553 490 morsu
577 441 718 500 canis,
744 453 787 489 et
811 443 957 491 caudae
979 444 1041 492 sic
1065 445 1265 512 scorpios
1290 447 1406 505 ictu;

1716 464 1738 498 Οἱ

320 519 648 585 Concussisque
668 518 774 567 levis
797 521 955 586 pennis
980 522 1042 570 sic
1062 521 1207 571 evolat
1231 523 1333 572 ales.

322 597 547 645 Omnibus
571 597 733 659 ignotae
756 598 912 646 mortis
930 598 1082 658 timor,
1109 600 1315 649 omnibus
1334 601 1528 660 hostem,

320 674 668 740 Praesidiumque
693 674 843 723 datum
866 676 1047 734 sentire,
1073 688 1118 725 et
1138 696 1318 726 noscere
1340 677 1416 726 teli

321 751 512 816 Vimque
535 752 803 819 modumque
827 754 896 801 sui
921 773 931 802 :
951 753 1013 802 sic
1037 765 1082 802 et
1104 747 1262 802 Scarus
1286 766 1376 803 arte
1401 755 1485 803 sub
1505 753 1637 803 undis

323 829 512 886 Incidit,
539 829 901 896 adsumptumque
925 830 1028 878 dolo
1049 832 1223 879 tandem
1245 844 1375 898 pavet
1397 851 1550 881 escam.
1699 856 1738 880 ιο

322 907 429 954 Non
447 907 578 955 audet
593 907 727 955 radiis
746 908 909 956 obnixa
927 927 1152 957 occurrere
1170 908 1316 957 fronte
1331 928 1342 967 ;

318 984 512 1031 Aversus
535 985 692 1032 crebro
712 985 856 1033 vimen
874 986 951 1033 sed
972 986 1151 1033 verbere
1173 985 1321 1033 caudae

316 1060 488 1108 Laxans
512 1060 817 1126 subsequitur,
844 1074 1075 1127 tutumque
1100 1061 1244 1110 evadit
1265 1062 1313 1109 in
1332 1081 1497 1128 aequor.

321 1136 446 1199 Quin
470 1137 599 1185 etiam
624 1138 662 1185 si
684 1137 798 1186 forte
818 1138 976 1205 aliquis
991 1176 1002 1197 ‚
1028 1139 1131 1187 dum
1150 1157 1269 1205 pone
1287 1150 1478 1198 nataret,

319 1213 447 1261 Mitis
471 1212 709 1263 luctantem
735 1215 894 1264 Scarus
917 1215 1037 1264 hunc
1059 1213 1107 1264 in
1129 1215 1289 1264 vimine
1309 1215 1444 1275 vidit,
1699 1229 1739 1264 15

360 1371 391 1406 6.
417 1374 669 1418 Concussisque.
693 1376 933 1420 Concursisque
947 1376 997 1409 le-

322 1427 501 1468 vispenmls
513 1425 621 1459 MSS.
635 1426 804 1461 VLITIUS.
815 1428 935 1461 Piam's
946 1426 1000 1461 ed.

324 1475 474 1510 Gesneri
495 1483 530 1510 et
553 1476 688 1511 Pithaei.

368 1542 397 1575 7.
419 1530 546 1572 Ignota.-
560 1532 686 1563 mortes.
707 1530 812 1565 Forte
827 1556 837 1575 ,
863 1534 1001 1566 innatus

324 1583 441 1613 mortis
458 1583 562 1614 timor.
961 1592 962 1595 ’

367 1644 398 1677 9.
422 1632 478 1665 Sic
492 1636 529 1665 et
546 1633 678 1673 Scarm,
696 1633 804 1669 MSS.
819 1638 871 1669 sic
880 1637 1001 1669 Esca-

322 1695 379 1715 rus
395 1693 408 1723 ,·
435 1690 470 1716 et
491 1683 538 1717 sic
554 1683 675 1718 itidem
694 1698 781 1719 vers.
804 1686 857 1720 38.
882 1686 1000 1721 Isido-

323 1747 382 1768 rus
399 1747 538 1780 quoque
556 1738 719 1771 Escarum
733 1750 797 1782 pro
812 1738 914 1772 Scato
929 1751 1000 1783 po-

324 1787 393 1821 suit
407 1787 463 1821 lib.
480 1798 553 1831 xn,
570 1801 598 1822 c.
615 1789 646 1823 6.
663 1796 697 1823 et
715 1789 756 1822 ab
773 1802 853 1823 esca
868 1789 999 1824 dietum

324 1838 434 1872 finxit.
451 1838 628 1874 Gesnerus
643 1844 770 1889 ἔσχαρον
786 1840 876 1874 aliud
893 1854 1001 1885 aqua-

323 1890 384 1924 iile
396 1890 542 1934 animal,
559 1905 577 1925 a
589 1892 696 1926 Scaro
706 1892 809 1937 longe
825 1891 1000 1926 diversum

326 1942 516 1977 constituit.
536 1943 628 1978 Nam
640 1949 675 1978 et
689 1943 745 1977 hic
756 1944 861 1993 σκάρος
872 1943 1000 1978 Graecis

326 2000 387 2028 est.
406 1994 515 2028 Nobis
527 2020 535 2035 ,
566 1996 615 2028 le
630 1996 739 2029 Scare.

375 2058 423 2079 10.
448 2047 584 2080 Incidit.
610 2047 663 2080 Ita
679 2046 785 2081 Gesn.
801 2053 840 2081 ut
855 2047 1000 2092 supple—

327 2104 490 2131 mentum
506 2098 642 2142 juvaret
658 2099 767 2133 MSS.
782 2105 817 2132 et
834 2098 913 2132 Aid.
933 2101 1001 2132 de—

329 2151 417 2183 cidit
435 2176 443 2189 ‚
479 2149 572 2194 quod
603 2163 684 2184 meo
714 2150 856 2184 insititio
887 2149 1001 2184 versui

331 2201 526 2245 quadraret.
545 2201 638 2236 Ante
654 2202 748 2237 hunc
759 2214 898 2236 versum
913 2202 1001 2247 lege-

327 2252 431 2287 batur
439 2256 493 2286 sin
509 2264 518 2284 :
532 2260 645 2287 cetera
657 2253 753 2287 hiatu
768 2254 871 2288 unius
884 2266 1000 2288 versus

329 2305 450 2339 relicto
464 2319 472 2346 ;
503 2305 597 2350 quod
626 2318 666 2339 ex
696 2305 828 2340 diversa
852 2305 999 2340 lectione

328 2363 381 2392 τοῦ
404 2359 532 2391 decidit
544 2364 667 2391 natum
680 2364 765 2402 puto
779 2372 788 2399 ;
811 2358 867 2391 cui
881 2357 1000 2402 aliquis

330 2409 605 2454 superscripserit
635 2411 675 2443 Ia
699 2419 708 2440 :
733 2409 799 2443 hoc
823 2415 895 2451 est,
920 2409 997 2452 vel,

325 2463 461 2496 Incidit.
476 2463 625 2495 Incidere
640 2474 751 2495 escam
765 2487 772 2501 ‚
796 2467 834 2494 ut
850 2462 1000 2494 Incidere

328 2518 444 2547 terras.
468 2514 556 2548 Met.
582 2523 636 2547 v11
650 2539 658 2556 ‚
690 2513 763 2555 524.
794 2512 926 2546 Hssms.
956 2529 1000 2538 —-

330 2565 498 2600 Swartius
513 2565 666 2609 legebat:

329 2623 430 2655 Decipit
435 2642 443 2652 ,
450 2623 492 2647 abs
496 2629 661 2656 umptamque
666 2623 726 2647 doio
731 2623 738 2655 j
743 2631 782 2646 am
788 2622 897 2655 depavet
904 2630 996 2646 escam.

329 2672 583 2716 Assumplaque.
610 2672 714 2705 Forte
738 2697 747 2715 ,
788 2675 999 2714 assulamque

327 2725 404 2757 dolo
417 2735 538 2756 escam.

373 2788 423 2809 12.
455 2776 601 2809 Aversus
623 2777 735 2809 crebro
764 2778 899 2808 veniens
928 2774 997 2806 sub.

1061 1375 1195 1410 Plinius
1209 1401 1218 1419 ,
1240 1375 1296 1410 lib.
1315 1385 1436 1418 xxxii,
1459 1387 1488 1409 c.
1504 1388 1535 1409 2.
1553 1387 1571 1404 α
1582 1371 1675 1408 Mihi
1685 1373 1741 1407 vi-

1064 1427 1289 1462 dentur-mira
1299 1453 1308 1471 ‚
1321 1439 1398 1472 quae
1409 1425 1556 1462 Ovidius
1566 1424 1738 1471 prodidit,

1064 1479 1210 1524 piscium
1227 1479 1367 1524 ingenia
1379 1505 1389 1522 ‚
1421 1478 1459 1513 in
1475 1491 1518 1525 eo
1533 1476 1715 1512 volumine
1727 1503 1738 1522 ,

1065 1530 1159 1575 quod
1177 1531 1399 1568 Halieuticon
1414 1529 1612 1565 inscribitur
1625 1541 1634 1563 :
1647 1528 1741 1565 sca-

1064 1595 1146 1617 rum
1175 1582 1348 1617 inclusum
1382 1581 1488 1617 nassis
1517 1594 1591 1616 non
1622 1581 1740 1615 fronte

1065 1646 1249 1679 erumpere
1261 1659 1271 1677 ,
1304 1646 1370 1668 nec
1395 1633 1527 1669 infestis
1553 1632 1741 1667 viminibus

1065 1692 1168 1731 caput
1178 1685 1330 1722 inserere
1344 1711 1353 1729 ‚
1371 1684 1431 1719 sed
1448 1696 1608 1719 aversum
1622 1683 1741 1719 caudae

1065 1736 1187 1771 ictibus
1208 1737 1335 1771 crebris
1359 1736 1470 1770 laxare
1493 1736 1606 1779 sores,
1635 1741 1739 1780 atque

1065 1787 1113 1821 ita
1124 1794 1316 1822 retrorsum
1327 1799 1511 1833 erumpere
1527 1797 1535 1818 :
1548 1797 1655 1831 quem
1665 1785 1742 1820 luc-

1065 1845 1179 1873 tatum
1194 1840 1269 1884 ejus
1283 1839 1311 1873 si
1325 1840 1415 1873 sorte
1434 1838 1517 1873 alius
1532 1838 1659 1872 Scarus
1673 1850 1740 1871 ex-

1065 1890 1233 1925 trinsecus
1254 1891 1387 1934 videat,
1415 1889 1631 1936 apprehensa
1641 1900 1741 1923 mor-

1066 1941 1162 1977 dicus
1175 1942 1283 1977 cauda
1293 1969 1302 1986 ‚
1319 1942 1481 1987 adjuvare
1498 1942 1597 1976 nixus
1613 1953 1740 1975 erum-

1065 1995 1188 2038 pentis.
1202 2009 1219 2025 »
1235 2013 1278 2022 ·—
1299 1994 1449 2040 Oppian.
1471 1993 1655 2029 Halieutic.
1672 2003 1713 2028 lv
1727 2018 1738 2038 ,

1065 2046 1108 2089 44
1121 2071 1130 2090 ,
1151 2059 1226 2091 sqq-

1113 2111 1126 2130 1
1132 2099 1162 2139 4.
1179 2099 1266 2141 Quin
1271 2100 1372 2131 eliam
1380 2100 1417 2132 si
1412 2097 1507 2141 fode
1515 2099 1640 2141 aliquis
1649 2097 1740 2131 dam-

1060 2162 1127 2192 pus
1139 2154 1281 2183 nataret.
1296 2151 1479 2193 Dumpone
1486 2152 1636 2189 nataret,
1649 2149 1739 2183 Pan—

1066 2200 1191 2246 tagath.
1204 2207 1239 2235 et
1250 2201 1356 2235 Gesn.
1373 2201 1600 2235 restituerunt
1615 2213 1656 2235 ex
1671 2206 1739 2235 vet.

1065 2252 1141 2287 leet.
1158 2265 1234 2297 quae
1246 2252 1343 2287 estin
1360 2252 1415 2286 Al.
1427 2254 1581 2296 damptus
1596 2256 1738 2287 nataret.

1066 2305 1157 2340 Pith.
1177 2308 1313 2349 dampro
1334 2309 1404 2340 nal.
1418 2318 1459 2339 ex
1475 2304 1583 2339 MSS.
1598 2305 1657 2349 qui
1670 2304 1737 2339 ita:

1065 2360 1143 2392 dam
1163 2361 1380 2401 pronatareto
1407 2369 1417 2390 .·
1439 2357 1462 2390 s.
1484 2359 1562 2390 dum
1578 2359 1744 2400 pmnatat

1065 2414 1171 2443 extra.
1193 2428 1238 2435 —
1251 2410 1389 2453 Aliquis
1404 2410 1482 2442 dam
1491 2412 1639 2452 pronata
1654 2411 1741 2441 mlm

1067 2460 1205 2494 Thuan.
1229 2460 1450 2495 Ambrosian.
1474 2462 1552 2494 dam
1568 2472 1631 2503 pro
1655 2463 1740 2493 nata

1065 2517 1142 2546 rete.
1167 2512 1287 2547 Scribe
1301 2538 1310 2555 ,
1337 2515 1373 2546 si
1384 2511 1480 2556 fode
1502 2513 1593 2545 alius
1614 2537 1624 2551 ,
1661 2512 1739 2544 dum

1057 2568 1229 2609 praenatat
1237 2591 1246 2605 ‚
1260 2567 1343 2597 atio.
1355 2566 1429 2597 arto
1436 2576 1480 2597 sc.
1489 2562 1632 2606 vimine,
1644 2560 1738 2606 quod

1064 2617 1231 2661 sequitur;
1239 2619 1417 2659 pta-natat,
1430 2627 1494 2660 pro
1502 2613 1736 2660 proeterna'tat;

1064 2668 1130 2703 nisi
1141 2667 1237 2701 malis
1246 2693 1256 2710 ‚
1268 2680 1372 2710 prope
1384 2693 1392 2707 ,
1408 2668 1485 2701 dum
1496 2670 1613 2700 natat:
1624 2670 1737 2710 posset

1065 2726 1100 2753 et
1115 2722 1191 2754 dum
1198 2732 1286 2763 pone
1301 2722 1436 2752 nataret
1446 2745 1454 2758 ‚
1477 2730 1557 2751 cum
1572 2717 1734 2761 Pantaga-

1064 2771 1125 2806 tho
1144 2778 1179 2805 et
1195 2770 1352 2805 Gesnero
1367 2770 1440 2814 legi.
1460 2769 1590 2803 Hzffls.
