<?xml version="1.0" encoding="UTF-8"?>
<!DOCTYPE html PUBLIC "-//W3C//DTD XHTML 1.0 Transitional//EN"
    "http://www.w3.org/TR/xhtml1/DTD/xhtml1-transitional.dtd">
<html xmlns="http://www.w3.org/1999/xhtml" xml:lang="en" lang="en">
 <head>
  <title>
</title>
<meta http-equiv="Content-Type" content="text/html;charset=utf-8" />
  <meta name='ocr-system' content='tesseract 3.04.00' />
  <meta name='ocr-capabilities' content='ocr_page ocr_carea ocr_par ocr_line ocrx_word'/>
</head>
<body>
  <div class='ocr_page' id='page_1' title='image "./quaeextantomniao01oviduoft_0107.png"; bbox 0 0 1884 3112; ppageno 0'>
   <div class='ocr_carea' id='block_1_1' title="bbox 16 0 155 430">
    <p class='ocr_par' dir='ltr' id='par_1_1' title="bbox 16 0 155 430">
     <span class='ocr_line' id='line_1_1' title="bbox 16 0 155 430; baseline 0 2682"><span class='ocrx_word' id='word_1_1' title='bbox 16 0 155 430; x_wconf 95' lang='lat' dir='ltr'><strong> </strong></span> 
     </span>
    </p>
   </div>
   <div class='ocr_carea' id='block_1_2' title="bbox 524 222 1626 285">
    <p class='ocr_par' dir='ltr' id='par_1_2' title="bbox 524 222 1626 285">
     <span class='ocr_line' id='line_1_2' title="bbox 524 222 1626 285; baseline 0 -18"><span class='ocrx_word' id='word_1_2' title='bbox 524 223 825 270; x_wconf 85' lang='lat' dir='ltr'>PHAEDRA</span> <span class='ocrx_word' id='word_1_3' title='bbox 861 223 1287 273; x_wconf 88' lang='lat' dir='ltr'>HIPPOLYTO.</span> <span class='ocrx_word' id='word_1_4' title='bbox 1569 222 1626 285; x_wconf 77' lang='lat'><strong>75</strong></span> 
     </span>
    </p>
   </div>
   <div class='ocr_carea' id='block_1_3' title="bbox 181 296 1624 1317">
    <p class='ocr_par' dir='ltr' id='par_1_3' title="bbox 181 296 1624 1317">
     <span class='ocr_line' id='line_1_3' title="bbox 259 296 1058 381; baseline 0.004 -18"><span class='ocrx_word' id='word_1_5' title='bbox 259 315 315 364; x_wconf 88' lang='lat' dir='ltr'><strong>In</strong></span> <span class='ocrx_word' id='word_1_6' title='bbox 337 314 480 364; x_wconf 88' lang='lat' dir='ltr'><strong>socias</strong></span> <span class='ocrx_word' id='word_1_7' title='bbox 496 313 621 380; x_wconf 85' lang='lat' dir='ltr'><strong>leges</strong></span> <span class='ocrx_word' id='word_1_8' title='bbox 642 296 800 366; x_wconf 68' lang='lat' dir='ltr'><strong>ultima</strong></span> <span class='ocrx_word' id='word_1_9' title='bbox 823 317 968 381; x_wconf 85' lang='lat' dir='ltr'><strong>gentis</strong></span> <span class='ocrx_word' id='word_1_10' title='bbox 992 336 1058 366; x_wconf 89' lang='lat' dir='ltr'><strong>eo.</strong></span> 
     </span>
     <span class='ocr_line' id='line_1_4' title="bbox 191 391 1492 462; baseline -0.001 -19"><span class='ocrx_word' id='word_1_11' title='bbox 191 391 295 443; x_wconf 76' lang='lat' dir='ltr'><strong>Hoc</strong></span> <span class='ocrx_word' id='word_1_12' title='bbox 319 413 497 461; x_wconf 90' lang='lat' dir='ltr'><strong>quoque</strong></span> <span class='ocrx_word' id='word_1_13' title='bbox 521 393 651 444; x_wconf 88' lang='lat' dir='ltr'><strong>fatale</strong></span> <span class='ocrx_word' id='word_1_14' title='bbox 675 407 743 444; x_wconf 90' lang='lat' dir='ltr'><strong>est</strong></span> <span class='ocrx_word' id='word_1_15' title='bbox 767 415 778 443; x_wconf 78' lang='lat' dir='ltr'><em>z</em></span> <span class='ocrx_word' id='word_1_16' title='bbox 802 394 971 462; x_wconf 87' lang='lat' dir='ltr'><strong>placuit</strong></span> <span class='ocrx_word' id='word_1_17' title='bbox 994 395 1153 445; x_wconf 88' lang='lat' dir='ltr'><strong>domus</strong></span> <span class='ocrx_word' id='word_1_18' title='bbox 1174 414 1266 447; x_wconf 83' lang='lat' dir='ltr'><strong>una</strong></span> <span class='ocrx_word' id='word_1_19' title='bbox 1289 393 1492 452; x_wconf 81' lang='lat' dir='ltr'><strong>duabus3</strong></span> 
     </span>
     <span class='ocr_line' id='line_1_5' title="bbox 255 462 1284 541; baseline 0.001 -21"><span class='ocrx_word' id='word_1_20' title='bbox 255 471 336 520; x_wconf 78' lang='lat' dir='ltr'><strong>Me</strong></span> <span class='ocrx_word' id='word_1_21' title='bbox 359 482 436 520; x_wconf 90' lang='lat' dir='ltr'><strong>tua</strong></span> <span class='ocrx_word' id='word_1_22' title='bbox 456 471 600 521; x_wconf 89' lang='lat' dir='ltr'><strong>forma</strong></span> <span class='ocrx_word' id='word_1_23' title='bbox 622 473 763 540; x_wconf 80' lang='lat' dir='ltr'><strong>capit3</strong></span> <span class='ocrx_word' id='word_1_24' title='bbox 788 484 916 540; x_wconf 88' lang='lat' dir='ltr'><strong>capta</strong></span> <span class='ocrx_word' id='word_1_25' title='bbox 937 485 1121 541; x_wconf 90' lang='lat' dir='ltr'><strong>parente</strong></span> <span class='ocrx_word' id='word_1_26' title='bbox 1138 462 1284 522; x_wconf 85' lang='lat' dir='ltr'><strong>soror.</strong></span> 
     </span>
     <span class='ocr_line' id='line_1_6' title="bbox 189 549 1624 618; baseline -0.002 -19"><span class='ocrx_word' id='word_1_27' title='bbox 189 549 407 600; x_wconf 85' lang='lat' dir='ltr'><strong>Tbesides</strong></span> <span class='ocrx_word' id='word_1_28' title='bbox 427 550 718 618; x_wconf 81' lang='lat' dir='ltr'><strong>Theseusque</strong></span> <span class='ocrx_word' id='word_1_29' title='bbox 739 551 848 600; x_wconf 88' lang='lat' dir='ltr'><strong>duas</strong></span> <span class='ocrx_word' id='word_1_30' title='bbox 870 570 1057 618; x_wconf 86' lang='lat' dir='ltr'><strong>rapuere</strong></span> <span class='ocrx_word' id='word_1_31' title='bbox 1081 569 1284 600; x_wconf 90' lang='lat' dir='ltr'><strong>sorores:</strong></span> <span class='ocrx_word' id='word_1_32' title='bbox 1579 562 1624 597; x_wconf 79' lang='lat'><strong>65</strong></span> 
     </span>
     <span class='ocr_line' id='line_1_7' title="bbox 254 628 1165 696; baseline -0.001 -18"><span class='ocrx_word' id='word_1_33' title='bbox 254 629 417 678; x_wconf 84' lang='lat' dir='ltr'><strong>Ponite</strong></span> <span class='ocrx_word' id='word_1_34' title='bbox 440 629 495 678; x_wconf 88' lang='lat' dir='ltr'><strong>de</strong></span> <span class='ocrx_word' id='word_1_35' title='bbox 516 640 670 678; x_wconf 88' lang='lat' dir='ltr'><strong>nostra</strong></span> <span class='ocrx_word' id='word_1_36' title='bbox 691 628 801 678; x_wconf 89' lang='lat' dir='ltr'><strong>bina</strong></span> <span class='ocrx_word' id='word_1_37' title='bbox 823 640 992 696; x_wconf 88' lang='lat' dir='ltr'><strong>tropaea</strong></span> <span class='ocrx_word' id='word_1_38' title='bbox 1016 629 1165 678; x_wconf 89' lang='lat' dir='ltr'><strong>domo.</strong></span> 
     </span>
     <span class='ocr_line' id='line_1_8' title="bbox 186 705 1370 774; baseline -0.002 -19"><span class='ocrx_word' id='word_1_39' title='bbox 186 706 428 774; x_wconf 84' lang='lat' dir='ltr'><strong>Tempore,</strong></span> <span class='ocrx_word' id='word_1_40' title='bbox 455 726 546 774; x_wconf 91' lang='lat' dir='ltr'><strong>quo</strong></span> <span class='ocrx_word' id='word_1_41' title='bbox 569 706 700 755; x_wconf 85' lang='lat' dir='ltr'><strong>vobis</strong></span> <span class='ocrx_word' id='word_1_42' title='bbox 722 706 834 754; x_wconf 89' lang='lat' dir='ltr'><strong>inita</strong></span> <span class='ocrx_word' id='word_1_43' title='bbox 857 717 926 756; x_wconf 89' lang='lat' dir='ltr'><strong>est</strong></span> <span class='ocrx_word' id='word_1_44' title='bbox 949 705 1143 755; x_wconf 85' lang='lat' dir='ltr'><strong>Cerealis</strong></span> <span class='ocrx_word' id='word_1_45' title='bbox 1165 705 1370 764; x_wconf 90' lang='lat' dir='ltr'><strong>Eleusin,</strong></span> 
     </span>
     <span class='ocr_line' id='line_1_9' title="bbox 254 783 1183 834; baseline -0.002 -1"><span class='ocrx_word' id='word_1_46' title='bbox 254 785 426 834; x_wconf 87' lang='lat' dir='ltr'><strong>Gnosia</strong></span> <span class='ocrx_word' id='word_1_47' title='bbox 445 804 516 834; x_wconf 90' lang='lat' dir='ltr'><strong>me</strong></span> <span class='ocrx_word' id='word_1_48' title='bbox 538 783 695 834; x_wconf 83' lang='lat' dir='ltr'><strong>vellem</strong></span> <span class='ocrx_word' id='word_1_49' title='bbox 719 783 986 833; x_wconf 85' lang='lat' dir='ltr'><strong>detinuisset</strong></span> <span class='ocrx_word' id='word_1_50' title='bbox 1006 783 1183 833; x_wconf 92' lang='lat' dir='ltr'><strong>humus.</strong></span> 
     </span>
     <span class='ocr_line' id='line_1_10' title="bbox 184 859 1514 929; baseline -0.002 -19"><span class='ocrx_word' id='word_1_51' title='bbox 184 862 315 911; x_wconf 91' lang='lat' dir='ltr'><strong>Tunc</strong></span> <span class='ocrx_word' id='word_1_52' title='bbox 336 861 449 911; x_wconf 88' lang='lat' dir='ltr'><strong>mihi</strong></span> <span class='ocrx_word' id='word_1_53' title='bbox 470 862 715 929; x_wconf 84' lang='lat' dir='ltr'><strong>praecipue,</strong></span> <span class='ocrx_word' id='word_1_54' title='bbox 739 881 822 911; x_wconf 90' lang='lat' dir='ltr'><strong>nec</strong></span> <span class='ocrx_word' id='word_1_55' title='bbox 844 880 939 910; x_wconf 89' lang='lat' dir='ltr'><strong>non</strong></span> <span class='ocrx_word' id='word_1_56' title='bbox 965 872 1112 910; x_wconf 90' lang='lat' dir='ltr'><strong>tamen</strong></span> <span class='ocrx_word' id='word_1_57' title='bbox 1135 873 1258 920; x_wconf 86' lang='lat' dir='ltr'><strong>ante,</strong></span> <span class='ocrx_word' id='word_1_58' title='bbox 1284 859 1514 928; x_wconf 81' lang='lat' dir='ltr'><strong>placebas:</strong></span> 
     </span>
     <span class='ocr_line' id='line_1_11' title="bbox 246 939 1617 998; baseline -0.003 -9"><span class='ocrx_word' id='word_1_59' title='bbox 246 940 364 989; x_wconf 88' lang='lat' dir='ltr'><strong>Acer</strong></span> <span class='ocrx_word' id='word_1_60' title='bbox 377 939 433 988; x_wconf 84' lang='lat' dir='ltr'><strong>in</strong></span> <span class='ocrx_word' id='word_1_61' title='bbox 455 940 661 989; x_wconf 82' lang='lat' dir='ltr'><strong>extremis</strong></span> <span class='ocrx_word' id='word_1_62' title='bbox 686 939 867 989; x_wconf 88' lang='lat' dir='ltr'><strong>ossibus</strong></span> <span class='ocrx_word' id='word_1_63' title='bbox 889 939 1020 989; x_wconf 81' lang='lat' dir='ltr'><strong>haesit</strong></span> <span class='ocrx_word' id='word_1_64' title='bbox 1041 958 1178 988; x_wconf 87' lang='lat' dir='ltr'><strong>amor.</strong></span> <span class='ocrx_word' id='word_1_65' title='bbox 1576 963 1617 998; x_wconf 82' lang='lat'><strong>7⁰</strong></span> 
     </span>
     <span class='ocr_line' id='line_1_12' title="bbox 184 1015 1258 1087; baseline -0.004 -19"><span class='ocrx_word' id='word_1_66' title='bbox 184 1018 384 1068; x_wconf 82' lang='lat' dir='ltr'><strong>Candida</strong></span> <span class='ocrx_word' id='word_1_67' title='bbox 405 1019 540 1068; x_wconf 83' lang='lat' dir='ltr'><strong>vestis</strong></span> <span class='ocrx_word' id='word_1_68' title='bbox 564 1030 677 1077; x_wconf 84' lang='lat' dir='ltr'><strong>erat3</strong></span> <span class='ocrx_word' id='word_1_69' title='bbox 702 1017 930 1087; x_wconf 72' lang='lat' dir='ltr'><strong>praecincti</strong></span> <span class='ocrx_word' id='word_1_70' title='bbox 951 1016 1061 1067; x_wconf 90' lang='lat' dir='ltr'><strong>flore</strong></span> <span class='ocrx_word' id='word_1_71' title='bbox 1085 1015 1258 1084; x_wconf 88' lang='lat' dir='ltr'><strong>capilli;</strong></span> 
     </span>
     <span class='ocr_line' id='line_1_13' title="bbox 246 1095 1178 1147; baseline -0.003 -1"><span class='ocrx_word' id='word_1_72' title='bbox 246 1095 380 1146; x_wconf 84' lang='lat' dir='ltr'><strong>Flava</strong></span> <span class='ocrx_word' id='word_1_73' title='bbox 401 1096 676 1147; x_wconf 82' lang='lat' dir='ltr'><strong>verecundus</strong></span> <span class='ocrx_word' id='word_1_74' title='bbox 699 1097 890 1146; x_wconf 82' lang='lat' dir='ltr'><strong>tinxerat</strong></span> <span class='ocrx_word' id='word_1_75' title='bbox 912 1115 990 1144; x_wconf 87' lang='lat' dir='ltr'><strong>ora</strong></span> <span class='ocrx_word' id='word_1_76' title='bbox 1012 1095 1178 1144; x_wconf 89' lang='lat' dir='ltr'><strong>rubor:</strong></span> 
     </span>
     <span class='ocr_line' id='line_1_14' title="bbox 181 1173 1527 1242; baseline -0.002 -18"><span class='ocrx_word' id='word_1_77' title='bbox 181 1173 418 1242; x_wconf 76' lang='lat' dir='ltr'><strong>Quemque</strong></span> <span class='ocrx_word' id='word_1_78' title='bbox 441 1186 602 1240; x_wconf 70' lang='lat' dir='ltr'><strong>vocant</strong></span> <span class='ocrx_word' id='word_1_79' title='bbox 624 1173 719 1223; x_wconf 86' lang='lat' dir='ltr'><strong>aliae</strong></span> <span class='ocrx_word' id='word_1_80' title='bbox 743 1173 917 1222; x_wconf 89' lang='lat' dir='ltr'><strong>vultum</strong></span> <span class='ocrx_word' id='word_1_81' title='bbox 940 1173 1225 1240; x_wconf 85' lang='lat' dir='ltr'><strong>rigidumque</strong></span> <span class='ocrx_word' id='word_1_82' title='bbox 1250 1185 1527 1239; x_wconf 83' lang='lat' dir='ltr'><strong>trucemque,</strong></span> 
     </span>
     <span class='ocr_line' id='line_1_15' title="bbox 244 1249 1269 1317; baseline -0.002 -17"><span class='ocrx_word' id='word_1_83' title='bbox 244 1251 335 1300; x_wconf 93' lang='lat' dir='ltr'><strong>Pro</strong></span> <span class='ocrx_word' id='word_1_84' title='bbox 357 1251 527 1315; x_wconf 81' lang='lat' dir='ltr'><strong>rigido,</strong></span> <span class='ocrx_word' id='word_1_85' title='bbox 551 1251 740 1300; x_wconf 86' lang='lat' dir='ltr'><strong>Phaedra</strong></span> <span class='ocrx_word' id='word_1_86' title='bbox 758 1250 926 1317; x_wconf 88' lang='lat' dir='ltr'><strong>judice,</strong></span> <span class='ocrx_word' id='word_1_87' title='bbox 951 1249 1081 1299; x_wconf 88' lang='lat' dir='ltr'><strong>fortis</strong></span> <span class='ocrx_word' id='word_1_88' title='bbox 1103 1261 1209 1299; x_wconf 85' lang='lat' dir='ltr'><strong>erat.</strong></span> <span class='ocrx_word' id='word_1_89' title='bbox 1267 1312 1269 1317; x_wconf 18' lang='grc' dir='ltr'><strong><em>Α</em></strong></span> 
     </span>
    </p>
   </div>
   <div class='ocr_carea' id='block_1_4' title="bbox 173 1398 864 1920">
    <p class='ocr_par' dir='ltr' id='par_1_4' title="bbox 176 1398 864 1592">
     <span class='ocr_line' id='line_1_16' title="bbox 221 1398 861 1444; baseline 0 -10"><span class='ocrx_word' id='word_1_90' title='bbox 221 1399 277 1434; x_wconf 76' lang='lat'><strong>61.</strong></span> <span class='ocrx_word' id='word_1_91' title='bbox 291 1399 427 1434; x_wconf 67' lang='grc' dir='ltr'><em>Μἰιοιὶι</em></span> <span class='ocrx_word' id='word_1_92' title='bbox 436 1400 564 1434; x_wconf 70' lang='lat' dir='ltr'><strong>credar.</strong></span> <span class='ocrx_word' id='word_1_93' title='bbox 577 1398 736 1444; x_wconf 84' lang='lat' dir='ltr'><strong>Quidam</strong></span> <span class='ocrx_word' id='word_1_94' title='bbox 747 1401 845 1434; x_wconf 79' lang='lat' dir='ltr'><strong>dicas</strong></span> <span class='ocrx_word' id='word_1_95' title='bbox 852 1426 861 1441; x_wconf 89' lang='lat'><strong>,</strong></span> 
     </span>
     <span class='ocr_line' id='line_1_17' title="bbox 180 1449 862 1493; baseline 0 -8"><span class='ocrx_word' id='word_1_96' title='bbox 180 1449 238 1485; x_wconf 80' lang='lat' dir='ltr'><strong>alii</strong></span> <span class='ocrx_word' id='word_1_97' title='bbox 269 1452 400 1486; x_wconf 73' lang='lat' dir='ltr'><strong>credas.</strong></span> <span class='ocrx_word' id='word_1_98' title='bbox 428 1451 514 1486; x_wconf 89' lang='lat' dir='ltr'><strong>Duo</strong></span> <span class='ocrx_word' id='word_1_99' title='bbox 544 1451 651 1486; x_wconf 87' lang='lat' dir='ltr'><strong>etiam</strong></span> <span class='ocrx_word' id='word_1_100' title='bbox 673 1453 832 1486; x_wconf 72' lang='lat' dir='ltr'><strong>M&#39;noida</strong></span> <span class='ocrx_word' id='word_1_101' title='bbox 848 1462 862 1493; x_wconf 73' lang='lat'><strong>‚⁶</strong></span> 
     </span>
     <span class='ocr_line' id='line_1_18' title="bbox 178 1501 864 1550; baseline 0 -12"><span class='ocrx_word' id='word_1_102' title='bbox 178 1501 275 1538; x_wconf 86' lang='lat' dir='ltr'><strong>unde</strong></span> <span class='ocrx_word' id='word_1_103' title='bbox 291 1510 406 1549; x_wconf 82' lang='lat' dir='ltr'><strong>posset</strong></span> <span class='ocrx_word' id='word_1_104' title='bbox 414 1503 480 1550; x_wconf 79' lang='lat' dir='ltr'><strong>legi</strong></span> <span class='ocrx_word' id='word_1_105' title='bbox 490 1530 500 1548; x_wconf 95' lang='lat'><strong>,</strong></span> <span class='ocrx_word' id='word_1_106' title='bbox 510 1517 554 1538; x_wconf 85' lang='lat' dir='ltr'><strong>ne</strong></span> <span class='ocrx_word' id='word_1_107' title='bbox 555 1503 651 1548; x_wconf 77' lang='lat' dir='ltr'><strong>sorte</strong></span> <span class='ocrx_word' id='word_1_108' title='bbox 655 1516 776 1547; x_wconf 80' lang='lat' dir='ltr'><strong>pamm</strong></span> <span class='ocrx_word' id='word_1_109' title='bbox 790 1505 864 1538; x_wconf 75' lang='lat' dir='ltr'><strong>lm-</strong></span> 
     </span>
     <span class='ocr_line' id='line_1_19' title="bbox 176 1554 863 1592; baseline 0.001 -2"><span class='ocrx_word' id='word_1_110' title='bbox 176 1554 489 1590; x_wconf 66' lang='lat' dir='ltr'><strong>nonvamdassed</strong></span> <span class='ocrx_word' id='word_1_111' title='bbox 495 1555 582 1590; x_wconf 87' lang='lat' dir='ltr'><strong>nihil</strong></span> <span class='ocrx_word' id='word_1_112' title='bbox 588 1562 690 1590; x_wconf 83' lang='lat' dir='ltr'><strong>muto</strong></span> <span class='ocrx_word' id='word_1_113' title='bbox 700 1568 708 1591; x_wconf 92' lang='lat'>:</span> <span class='ocrx_word' id='word_1_114' title='bbox 718 1555 863 1592; x_wconf 71' lang='lat' dir='ltr'><strong>infivm:</strong></span> 
     </span>
    </p>

    <p class='ocr_par' dir='ltr' id='par_1_5' title="bbox 300 1615 826 1649">
     <span class='ocr_line' id='line_1_20' title="bbox 300 1615 826 1649; baseline 0.002 -9"><span class='ocrx_word' id='word_1_115' title='bbox 300 1632 333 1641; x_wconf 89' lang='lat'><strong>...</strong></span> <span class='ocrx_word' id='word_1_116' title='bbox 351 1615 395 1641; x_wconf 74' lang='lat' dir='ltr'><strong>No</strong></span> <span class='ocrx_word' id='word_1_117' title='bbox 405 1623 459 1640; x_wconf 83' lang='lat' dir='ltr'><strong>non</strong></span> <span class='ocrx_word' id='word_1_118' title='bbox 469 1615 591 1649; x_wconf 63' lang='lat' dir='ltr'><strong>Pelopei·-</strong></span> <span class='ocrx_word' id='word_1_119' title='bbox 602 1615 707 1640; x_wconf 69' lang='lat' dir='ltr'><strong>credar.</strong></span> <span class='ocrx_word' id='word_1_120' title='bbox 725 1616 826 1641; x_wconf 71' lang='lat' dir='ltr'><strong>Bonu-</strong></span> 
     </span>
    </p>

    <p class='ocr_par' dir='ltr' id='par_1_6' title="bbox 177 1662 861 1752">
     <span class='ocr_line' id='line_1_21' title="bbox 217 1662 861 1707; baseline 0.003 -9"><span class='ocrx_word' id='word_1_121' title='bbox 217 1662 273 1698; x_wconf 76' lang='lat'><strong>62.</strong></span> <span class='ocrx_word' id='word_1_122' title='bbox 309 1665 352 1699; x_wconf 80' lang='lat' dir='ltr'><strong>In</strong></span> <span class='ocrx_word' id='word_1_123' title='bbox 379 1667 503 1699; x_wconf 83' lang='lat' dir='ltr'><strong>socias.</strong></span> <span class='ocrx_word' id='word_1_124' title='bbox 527 1666 570 1698; x_wconf 82' lang='lat' dir='ltr'><strong>In</strong></span> <span class='ocrx_word' id='word_1_125' title='bbox 590 1666 714 1699; x_wconf 78' lang='lat' dir='ltr'><strong>solitas</strong></span> <span class='ocrx_word' id='word_1_126' title='bbox 725 1691 735 1707; x_wconf 91' lang='lat'><strong>,</strong></span> <span class='ocrx_word' id='word_1_127' title='bbox 769 1677 861 1700; x_wconf 88' lang='lat' dir='ltr'><strong>unus</strong></span> 
     </span>
     <span class='ocr_line' id='line_1_22' title="bbox 177 1714 548 1752; baseline 0.003 -2"><span class='ocrx_word' id='word_1_128' title='bbox 177 1714 341 1752; x_wconf 83' lang='lat' dir='ltr'><strong>Heinsii·:</strong></span> <span class='ocrx_word' id='word_1_129' title='bbox 355 1728 431 1751; x_wconf 88' lang='lat' dir='ltr'><strong>non</strong></span> <span class='ocrx_word' id='word_1_130' title='bbox 446 1716 548 1751; x_wconf 89' lang='lat' dir='ltr'><strong>male.</strong></span> 
     </span>
    </p>

    <p class='ocr_par' dir='ltr' id='par_1_7' title="bbox 173 1767 860 1920">
     <span class='ocr_line' id='line_1_23' title="bbox 217 1767 860 1815; baseline 0.005 -13"><span class='ocrx_word' id='word_1_131' title='bbox 217 1767 271 1803; x_wconf 80' lang='grc'><strong>63.</strong></span> <span class='ocrx_word' id='word_1_132' title='bbox 285 1769 439 1804; x_wconf 79' lang='lat' dir='ltr'><strong>Duabus.</strong></span> <span class='ocrx_word' id='word_1_133' title='bbox 451 1768 715 1815; x_wconf 83' lang='lat' dir='ltr'><strong>Septemdecim</strong></span> <span class='ocrx_word' id='word_1_134' title='bbox 724 1768 860 1805; x_wconf 80' lang='lat' dir='ltr'><strong>codices</strong></span> 
     </span>
     <span class='ocr_line' id='line_1_24' title="bbox 173 1820 860 1863; baseline 0.004 -9"><span class='ocrx_word' id='word_1_135' title='bbox 173 1820 324 1863; x_wconf 81' lang='lat' dir='ltr'><strong>duobus,·</strong></span> <span class='ocrx_word' id='word_1_136' title='bbox 344 1821 531 1857; x_wconf 85' lang='lat' dir='ltr'><strong>manifesto</strong></span> <span class='ocrx_word' id='word_1_137' title='bbox 547 1834 677 1856; x_wconf 86' lang='lat' dir='ltr'><strong>errore.</strong></span> <span class='ocrx_word' id='word_1_138' title='bbox 696 1822 860 1857; x_wconf 80' lang='lat' dir='ltr'><strong>AEmula-</strong></span> 
     </span>
     <span class='ocr_line' id='line_1_25' title="bbox 175 1872 734 1920; baseline 0.004 -13"><span class='ocrx_word' id='word_1_139' title='bbox 175 1877 232 1907; x_wconf 81' lang='lat' dir='ltr'><strong>tus</strong></span> <span class='ocrx_word' id='word_1_140' title='bbox 247 1879 299 1908; x_wconf 88' lang='lat' dir='ltr'><strong>est</strong></span> <span class='ocrx_word' id='word_1_141' title='bbox 315 1872 468 1918; x_wconf 86' lang='lat' dir='ltr'><strong>Seneca,</strong></span> <span class='ocrx_word' id='word_1_142' title='bbox 487 1873 631 1920; x_wconf 86' lang='lat' dir='ltr'><strong>Hippol.</strong></span> <span class='ocrx_word' id='word_1_143' title='bbox 646 1874 712 1909; x_wconf 85' lang='grc'><strong>665</strong></span> <span class='ocrx_word' id='word_1_144' title='bbox 725 1887 734 1909; x_wconf 91' lang='lat'>:</span> 
     </span>
    </p>
   </div>
   <div class='ocr_carea' id='block_1_5' title="bbox 239 1933 743 2008">
    <p class='ocr_par' dir='ltr' id='par_1_8' title="bbox 239 1933 743 2008">
     <span class='ocr_line' id='line_1_26' title="bbox 239 1933 743 1967; baseline 0.002 -9"><span class='ocrx_word' id='word_1_145' title='bbox 239 1933 343 1958; x_wconf 68' lang='lat' dir='ltr'><strong>Domus</strong></span> <span class='ocrx_word' id='word_1_146' title='bbox 352 1942 452 1959; x_wconf 69' lang='lat' dir='ltr'><strong>sorores</strong></span> <span class='ocrx_word' id='word_1_147' title='bbox 465 1942 517 1958; x_wconf 72' lang='lat' dir='ltr'><strong>unt</strong></span> <span class='ocrx_word' id='word_1_148' title='bbox 529 1934 645 1967; x_wconf 69' lang='lat' dir='ltr'><strong>coffupit</strong></span> <span class='ocrx_word' id='word_1_149' title='bbox 658 1935 724 1959; x_wconf 76' lang='lat' dir='ltr'><strong>duas</strong></span> <span class='ocrx_word' id='word_1_150' title='bbox 734 1954 743 1966; x_wconf 87' lang='lat'>‚</span> 
     </span>
     <span class='ocr_line' id='line_1_27' title="bbox 239 1975 724 2008; baseline 0.004 -8"><span class='ocrx_word' id='word_1_151' title='bbox 239 1975 293 2007; x_wconf 80' lang='lat' dir='ltr'><strong>Te,</strong></span> <span class='ocrx_word' id='word_1_152' title='bbox 305 1975 422 2008; x_wconf 75' lang='lat' dir='ltr'><strong>genitor-3</strong></span> <span class='ocrx_word' id='word_1_153' title='bbox 433 1980 460 2000; x_wconf 76' lang='lat' dir='ltr'><strong>at</strong></span> <span class='ocrx_word' id='word_1_154' title='bbox 472 1985 515 2000; x_wconf 84' lang='lat' dir='ltr'><strong>me</strong></span> <span class='ocrx_word' id='word_1_155' title='bbox 525 1981 610 2002; x_wconf 75' lang='lat' dir='ltr'><strong>natus.</strong></span> <span class='ocrx_word' id='word_1_156' title='bbox 623 1978 724 2003; x_wconf 72' lang='lat' dir='ltr'><strong>Banu.</strong></span> 
     </span>
    </p>
   </div>
   <div class='ocr_carea' id='block_1_6' title="bbox 171 2023 858 2754">
    <p class='ocr_par' dir='ltr' id='par_1_9' title="bbox 171 2023 858 2479">
     <span class='ocr_line' id='line_1_28' title="bbox 217 2023 856 2072; baseline 0.006 -14"><span class='ocrx_word' id='word_1_157' title='bbox 217 2023 271 2071; x_wconf 77' lang='lat'><strong>67.</strong></span> <span class='ocrx_word' id='word_1_158' title='bbox 298 2025 451 2060; x_wconf 80' lang='lat' dir='ltr'><strong>Eleusin.</strong></span> <span class='ocrx_word' id='word_1_159' title='bbox 475 2025 722 2061; x_wconf 89' lang='lat' dir='ltr'><strong>Nominativus</strong></span> <span class='ocrx_word' id='word_1_160' title='bbox 746 2039 856 2072; x_wconf 84' lang='lat' dir='ltr'><strong>graeca</strong></span> 
     </span>
     <span class='ocr_line' id='line_1_29' title="bbox 174 2075 857 2125; baseline 0.009 -16"><span class='ocrx_word' id='word_1_161' title='bbox 174 2075 287 2110; x_wconf 77' lang='lat' dir='ltr'><strong>forma</strong></span> <span class='ocrx_word' id='word_1_162' title='bbox 293 2083 333 2111; x_wconf 85' lang='lat' dir='ltr'><strong>ut</strong></span> <span class='ocrx_word' id='word_1_163' title='bbox 339 2078 499 2122; x_wconf 78' lang='lat' dir='ltr'><strong>Delphin,</strong></span> <span class='ocrx_word' id='word_1_164' title='bbox 504 2078 540 2112; x_wconf 86' lang='lat' dir='ltr'><em>A</em></span> <span class='ocrx_word' id='word_1_165' title='bbox 541 2082 624 2125; x_wconf 79' lang='lat' dir='ltr'><strong>ttyn.</strong></span> <span class='ocrx_word' id='word_1_166' title='bbox 633 2078 767 2114; x_wconf 82' lang='lat' dir='ltr'><strong>Eleusis</strong></span> <span class='ocrx_word' id='word_1_167' title='bbox 774 2080 857 2115; x_wconf 84' lang='lat' dir='ltr'><strong>urbs</strong></span> 
     </span>
     <span class='ocr_line' id='line_1_30' title="bbox 176 2126 857 2177; baseline 0.006 -15"><span class='ocrx_word' id='word_1_168' title='bbox 176 2126 301 2164; x_wconf 79' lang='lat' dir='ltr'><strong>Atticae</strong></span> <span class='ocrx_word' id='word_1_169' title='bbox 312 2129 396 2174; x_wconf 74' lang='lat' dir='ltr'><strong>suit,</strong></span> <span class='ocrx_word' id='word_1_170' title='bbox 412 2130 461 2165; x_wconf 80' lang='lat' dir='ltr'><strong>sic</strong></span> <span class='ocrx_word' id='word_1_171' title='bbox 473 2129 563 2165; x_wconf 75' lang='lat' dir='ltr'><strong>dicta</strong></span> <span class='ocrx_word' id='word_1_172' title='bbox 576 2130 618 2165; x_wconf 85' lang='lat' dir='ltr'><strong>ab</strong></span> <span class='ocrx_word' id='word_1_173' title='bbox 633 2131 748 2171; x_wconf 68' lang='grc' dir='ltr'><strong>’ἒλευσις</strong></span> <span class='ocrx_word' id='word_1_174' title='bbox 761 2131 857 2177; x_wconf 81' lang='lat' dir='ltr'><strong>quod</strong></span> 
     </span>
     <span class='ocr_line' id='line_1_31' title="bbox 174 2181 858 2229; baseline 0.006 -15"><span class='ocrx_word' id='word_1_175' title='bbox 174 2185 226 2214; x_wconf 82' lang='lat' dir='ltr'><strong>est</strong></span> <span class='ocrx_word' id='word_1_176' title='bbox 241 2181 413 2216; x_wconf 75' lang='lat' dir='ltr'><strong>adventus.</strong></span> <span class='ocrx_word' id='word_1_177' title='bbox 426 2181 510 2217; x_wconf 91' lang='lat' dir='ltr'><strong>Huc</strong></span> <span class='ocrx_word' id='word_1_178' title='bbox 525 2182 621 2216; x_wconf 90' lang='lat' dir='ltr'><strong>enim</strong></span> <span class='ocrx_word' id='word_1_179' title='bbox 638 2190 716 2228; x_wconf 87' lang='lat' dir='ltr'><strong>post</strong></span> <span class='ocrx_word' id='word_1_180' title='bbox 732 2184 858 2229; x_wconf 82' lang='lat' dir='ltr'><strong>quaesi-</strong></span> 
     </span>
     <span class='ocr_line' id='line_1_32' title="bbox 174 2237 857 2280; baseline 0.006 -12"><span class='ocrx_word' id='word_1_181' title='bbox 174 2241 250 2269; x_wconf 86' lang='lat' dir='ltr'><strong>tam</strong></span> <span class='ocrx_word' id='word_1_182' title='bbox 264 2247 327 2280; x_wconf 87' lang='lat' dir='ltr'><strong>per</strong></span> <span class='ocrx_word' id='word_1_183' title='bbox 342 2241 457 2270; x_wconf 85' lang='lat' dir='ltr'><strong>totum</strong></span> <span class='ocrx_word' id='word_1_184' title='bbox 473 2243 648 2271; x_wconf 86' lang='lat' dir='ltr'><strong>terrarum</strong></span> <span class='ocrx_word' id='word_1_185' title='bbox 666 2237 790 2272; x_wconf 87' lang='lat' dir='ltr'><strong>orbem</strong></span> <span class='ocrx_word' id='word_1_186' title='bbox 811 2237 857 2272; x_wconf 86' lang='lat' dir='ltr'><strong>fi-</strong></span> 
     </span>
     <span class='ocr_line' id='line_1_33' title="bbox 172 2285 857 2337; baseline 0.007 -17"><span class='ocrx_word' id='word_1_187' title='bbox 172 2286 258 2321; x_wconf 88' lang='lat' dir='ltr'><strong>liam</strong></span> <span class='ocrx_word' id='word_1_188' title='bbox 274 2285 462 2322; x_wconf 86' lang='lat' dir='ltr'><strong>advenerat</strong></span> <span class='ocrx_word' id='word_1_189' title='bbox 480 2287 598 2324; x_wconf 84' lang='lat' dir='ltr'><strong>Ceres.</strong></span> <span class='ocrx_word' id='word_1_190' title='bbox 623 2290 675 2324; x_wconf 89' lang='lat' dir='ltr'><strong>Ibi</strong></span> <span class='ocrx_word' id='word_1_191' title='bbox 691 2291 857 2337; x_wconf 88' lang='lat' dir='ltr'><strong>mysteria</strong></span> 
     </span>
     <span class='ocr_line' id='line_1_34' title="bbox 173 2337 854 2386; baseline 0.006 -14"><span class='ocrx_word' id='word_1_192' title='bbox 173 2338 212 2372; x_wconf 87' lang='lat' dir='ltr'><strong>in</strong></span> <span class='ocrx_word' id='word_1_193' title='bbox 220 2337 567 2383; x_wconf 79' lang='lat' dir='ltr'><strong>hujusD‘xvaehonore</strong></span> <span class='ocrx_word' id='word_1_194' title='bbox 575 2341 854 2386; x_wconf 81' lang='lat' dir='ltr'><strong>celebrabantur,</strong></span> 
     </span>
     <span class='ocr_line' id='line_1_35' title="bbox 173 2390 854 2438; baseline 0.006 -14"><span class='ocrx_word' id='word_1_195' title='bbox 173 2390 299 2436; x_wconf 85' lang='lat' dir='ltr'><strong>quibus</strong></span> <span class='ocrx_word' id='word_1_196' title='bbox 318 2403 442 2425; x_wconf 91' lang='lat' dir='ltr'><strong>omnes</strong></span> <span class='ocrx_word' id='word_1_197' title='bbox 459 2392 531 2426; x_wconf 83' lang='lat' dir='ltr'><strong>sere</strong></span> <span class='ocrx_word' id='word_1_198' title='bbox 550 2392 773 2428; x_wconf 84' lang='lat' dir='ltr'><strong>Athenarum</strong></span> <span class='ocrx_word' id='word_1_199' title='bbox 789 2394 854 2438; x_wconf 82' lang='lat' dir='ltr'><strong>ju-</strong></span> 
     </span>
     <span class='ocr_line' id='line_1_36' title="bbox 171 2442 606 2479; baseline 0.005 -2"><span class='ocrx_word' id='word_1_200' title='bbox 171 2455 280 2477; x_wconf 83' lang='lat' dir='ltr'><strong>venes</strong></span> <span class='ocrx_word' id='word_1_201' title='bbox 294 2442 423 2477; x_wconf 86' lang='lat' dir='ltr'><strong>initiari</strong></span> <span class='ocrx_word' id='word_1_202' title='bbox 438 2443 606 2479; x_wconf 87' lang='lat' dir='ltr'><strong>solebant.</strong></span> 
     </span>
    </p>

    <p class='ocr_par' dir='ltr' id='par_1_10' title="bbox 171 2494 857 2754">
     <span class='ocr_line' id='line_1_37' title="bbox 215 2494 857 2533; baseline 0.006 -4"><span class='ocrx_word' id='word_1_203' title='bbox 215 2494 270 2529; x_wconf 85' lang='grc'><strong>68.</strong></span> <span class='ocrx_word' id='word_1_204' title='bbox 297 2495 429 2530; x_wconf 79' lang='lat' dir='ltr'><strong>Gnosia</strong></span> <span class='ocrx_word' id='word_1_205' title='bbox 435 2508 488 2529; x_wconf 86' lang='lat' dir='ltr'><strong>me</strong></span> <span class='ocrx_word' id='word_1_206' title='bbox 499 2498 615 2530; x_wconf 71' lang='lat' dir='ltr'><strong>vellem</strong></span> <span class='ocrx_word' id='word_1_207' title='bbox 626 2503 690 2532; x_wconf 90' lang='lat' dir='ltr'><strong>etc.</strong></span> <span class='ocrx_word' id='word_1_208' title='bbox 705 2498 857 2533; x_wconf 83' lang='lat' dir='ltr'><strong>Gnossia</strong></span> 
     </span>
     <span class='ocr_line' id='line_1_38' title="bbox 171 2545 852 2590; baseline 0.009 -10"><span class='ocrx_word' id='word_1_209' title='bbox 171 2547 290 2581; x_wconf 70' lang='lat' dir='ltr'><strong>humus</strong></span> <span class='ocrx_word' id='word_1_210' title='bbox 306 2573 314 2588; x_wconf 88' lang='lat'><strong>,</strong></span> <span class='ocrx_word' id='word_1_211' title='bbox 345 2545 452 2581; x_wconf 87' lang='lat' dir='ltr'><strong>Creta</strong></span> <span class='ocrx_word' id='word_1_212' title='bbox 467 2561 476 2590; x_wconf 85' lang='lat'>3</span> <span class='ocrx_word' id='word_1_213' title='bbox 508 2547 598 2583; x_wconf 86' lang='lat' dir='ltr'><strong>dicta</strong></span> <span class='ocrx_word' id='word_1_214' title='bbox 614 2549 662 2585; x_wconf 86' lang='lat' dir='ltr'><strong>sic</strong></span> <span class='ocrx_word' id='word_1_215' title='bbox 678 2563 696 2585; x_wconf 90' lang='lat' dir='ltr'><strong>e</strong></span> <span class='ocrx_word' id='word_1_216' title='bbox 714 2549 852 2586; x_wconf 82' lang='lat' dir='ltr'><strong>Gnosso</strong></span> 
     </span>
     <span class='ocr_line' id='line_1_39' title="bbox 173 2598 853 2647; baseline 0.01 -15"><span class='ocrx_word' id='word_1_217' title='bbox 173 2598 312 2644; x_wconf 86' lang='lat' dir='ltr'><strong>oppido.</strong></span> <span class='ocrx_word' id='word_1_218' title='bbox 327 2598 494 2634; x_wconf 69' lang='lat' dir='ltr'><strong>solemne</strong></span> <span class='ocrx_word' id='word_1_219' title='bbox 508 2599 575 2635; x_wconf 92' lang='lat' dir='ltr'><strong>hoc</strong></span> <span class='ocrx_word' id='word_1_220' title='bbox 589 2602 798 2647; x_wconf 86' lang='lat' dir='ltr'><strong>amantibus,</strong></span> <span class='ocrx_word' id='word_1_221' title='bbox 812 2610 853 2639; x_wconf 83' lang='lat' dir='ltr'><strong>ut</strong></span> 
     </span>
     <span class='ocr_line' id='line_1_40' title="bbox 172 2649 851 2701; baseline 0.012 -17"><span class='ocrx_word' id='word_1_222' title='bbox 172 2649 267 2696; x_wconf 77' lang='lat' dir='ltr'><strong>quod</strong></span> <span class='ocrx_word' id='word_1_223' title='bbox 286 2651 393 2686; x_wconf 79' lang='lat' dir='ltr'><strong>suerit</strong></span> <span class='ocrx_word' id='word_1_224' title='bbox 407 2678 417 2695; x_wconf 90' lang='lat'>‚</span> <span class='ocrx_word' id='word_1_225' title='bbox 448 2664 522 2686; x_wconf 91' lang='lat' dir='ltr'><strong>non</strong></span> <span class='ocrx_word' id='word_1_226' title='bbox 547 2653 650 2689; x_wconf 73' lang='lat' dir='ltr'><strong>fuisse</strong></span> <span class='ocrx_word' id='word_1_227' title='bbox 677 2663 851 2701; x_wconf 83' lang='lat' dir='ltr'><strong>exoptent.</strong></span> 
     </span>
     <span class='ocr_line' id='line_1_41' title="bbox 173 2701 770 2754; baseline 0.01 -17"><span class='ocrx_word' id='word_1_228' title='bbox 173 2701 232 2738; x_wconf 85' lang='lat' dir='ltr'><strong>sic</strong></span> <span class='ocrx_word' id='word_1_229' title='bbox 247 2702 365 2739; x_wconf 84' lang='lat' dir='ltr'><strong>infelix</strong></span> <span class='ocrx_word' id='word_1_230' title='bbox 380 2703 494 2749; x_wconf 87' lang='lat' dir='ltr'><strong>Dido,</strong></span> <span class='ocrx_word' id='word_1_231' title='bbox 510 2705 595 2740; x_wconf 88' lang='lat' dir='ltr'><strong>AEn.</strong></span> <span class='ocrx_word' id='word_1_232' title='bbox 607 2717 665 2750; x_wconf 78' lang='lat' dir='ltr'><strong>lv,</strong></span> <span class='ocrx_word' id='word_1_233' title='bbox 683 2707 746 2754; x_wconf 81' lang='grc'><strong>657</strong></span> <span class='ocrx_word' id='word_1_234' title='bbox 761 2721 770 2743; x_wconf 89' lang='lat'>:</span> 
     </span>
    </p>
   </div>
   <div class='ocr_carea' id='block_1_7' title="bbox 172 2761 747 2797">
    <p class='ocr_par' dir='ltr' id='par_1_11' title="bbox 172 2761 747 2797">
     <span class='ocr_line' id='line_1_42' title="bbox 172 2761 747 2797; baseline 0.009 -10"><span class='ocrx_word' id='word_1_235' title='bbox 172 2761 262 2795; x_wconf 73' lang='lat' dir='ltr'><strong>Felix,</strong></span> <span class='ocrx_word' id='word_1_236' title='bbox 275 2772 291 2789; x_wconf 87' lang='grc' dir='ltr'><strong>ο</strong></span> <span class='ocrx_word' id='word_1_237' title='bbox 303 2763 414 2790; x_wconf 79' lang='lat' dir='ltr'><strong>nimium</strong></span> <span class='ocrx_word' id='word_1_238' title='bbox 425 2764 507 2797; x_wconf 73' lang='lat' dir='ltr'><strong>felix,</strong></span> <span class='ocrx_word' id='word_1_239' title='bbox 522 2766 544 2790; x_wconf 82' lang='lat' dir='ltr'><strong>si</strong></span> <span class='ocrx_word' id='word_1_240' title='bbox 557 2765 634 2791; x_wconf 65' lang='lat' dir='ltr'><strong>litora</strong></span> <span class='ocrx_word' id='word_1_241' title='bbox 647 2771 747 2792; x_wconf 58' lang='lat' dir='ltr'><strong>tantum</strong></span> 
     </span>
    </p>
   </div>
   <div class='ocr_carea' id='block_1_8' title="bbox 929 1398 1614 1434">
    <p class='ocr_par' dir='ltr' id='par_1_12' title="bbox 929 1398 1614 1434">
     <span class='ocr_line' id='line_1_43' title="bbox 929 1398 1614 1434; baseline -0.003 -9"><span class='ocrx_word' id='word_1_242' title='bbox 929 1400 1074 1434; x_wconf 69' lang='lat' dir='ltr'><strong>Nunquam</strong></span> <span class='ocrx_word' id='word_1_243' title='bbox 1082 1399 1240 1425; x_wconf 70' lang='lat' dir='ltr'><strong>Dardanidoe</strong></span> <span class='ocrx_word' id='word_1_244' title='bbox 1248 1398 1394 1432; x_wconf 67' lang='lat' dir='ltr'><strong>tetigissent</strong></span> <span class='ocrx_word' id='word_1_245' title='bbox 1406 1404 1494 1424; x_wconf 75' lang='lat' dir='ltr'><strong>nostra</strong></span> <span class='ocrx_word' id='word_1_246' title='bbox 1504 1398 1596 1423; x_wconf 66' lang='lat' dir='ltr'><strong>carine</strong></span> <span class='ocrx_word' id='word_1_247' title='bbox 1607 1399 1614 1423; x_wconf 91' lang='lat'>!</span> 
     </span>
    </p>
   </div>
   <div class='ocr_carea' id='block_1_9' title="bbox 918 1447 1617 2692">
    <p class='ocr_par' dir='ltr' id='par_1_13' title="bbox 927 1447 1617 1601">
     <span class='ocr_line' id='line_1_44' title="bbox 930 1447 1617 1494; baseline -0.003 -10"><span class='ocrx_word' id='word_1_248' title='bbox 930 1449 989 1484; x_wconf 92' lang='lat' dir='ltr'><strong>Sic</strong></span> <span class='ocrx_word' id='word_1_249' title='bbox 1005 1455 1041 1484; x_wconf 91' lang='lat' dir='ltr'><strong>et</strong></span> <span class='ocrx_word' id='word_1_250' title='bbox 1053 1448 1145 1494; x_wconf 90' lang='lat' dir='ltr'><strong>apud</strong></span> <span class='ocrx_word' id='word_1_251' title='bbox 1161 1454 1324 1483; x_wconf 81' lang='lat' dir='ltr'><strong>nostrum</strong></span> <span class='ocrx_word' id='word_1_252' title='bbox 1341 1448 1432 1483; x_wconf 73' lang='lat' dir='ltr'><strong>RAc.</strong></span> <span class='ocrx_word' id='word_1_253' title='bbox 1448 1447 1617 1483; x_wconf 86' lang='lat' dir='ltr'><strong>exclamat</strong></span> 
     </span>
     <span class='ocr_line' id='line_1_45' title="bbox 932 1500 1616 1547; baseline -0.003 -11"><span class='ocrx_word' id='word_1_254' title='bbox 932 1502 1063 1536; x_wconf 81' lang='lat' dir='ltr'><strong>OEnone</strong></span> <span class='ocrx_word' id='word_1_255' title='bbox 1076 1528 1087 1545; x_wconf 91' lang='lat'>‚</span> <span class='ocrx_word' id='word_1_256' title='bbox 1114 1508 1299 1547; x_wconf 85' lang='lat' dir='ltr'><strong>postquam</strong></span> <span class='ocrx_word' id='word_1_257' title='bbox 1320 1501 1499 1535; x_wconf 79' lang='lat' dir='ltr'><strong>furentem</strong></span> <span class='ocrx_word' id='word_1_258' title='bbox 1521 1500 1616 1546; x_wconf 75' lang='lat' dir='ltr'><strong>Hip-</strong></span> 
     </span>
     <span class='ocr_line' id='line_1_46' title="bbox 927 1552 1554 1601; baseline -0.002 -13"><span class='ocrx_word' id='word_1_259' title='bbox 927 1553 1038 1601; x_wconf 89' lang='lat' dir='ltr'><strong>polyti</strong></span> <span class='ocrx_word' id='word_1_260' title='bbox 1053 1566 1174 1588; x_wconf 89' lang='lat' dir='ltr'><strong>amore</strong></span> <span class='ocrx_word' id='word_1_261' title='bbox 1192 1552 1381 1588; x_wconf 68' lang='lat' dir='ltr'><strong>Phaedram</strong></span> <span class='ocrx_word' id='word_1_262' title='bbox 1398 1552 1529 1587; x_wconf 86' lang='lat' dir='ltr'><strong>audivit</strong></span> <span class='ocrx_word' id='word_1_263' title='bbox 1545 1565 1554 1587; x_wconf 73' lang='grc' dir='ltr'>ε</span> 
     </span>
    </p>

    <p class='ocr_par' dir='ltr' id='par_1_14' title="bbox 925 1613 1594 1701">
     <span class='ocr_line' id='line_1_47' title="bbox 929 1613 1525 1650; baseline -0.005 -9"><span class='ocrx_word' id='word_1_264' title='bbox 929 1614 957 1641; x_wconf 84' lang='lat' dir='ltr'><em>V</em></span> <span class='ocrx_word' id='word_1_265' title='bbox 954 1623 1040 1648; x_wconf 74' lang='lat' dir='ltr'><strong>ayugo</strong></span> <span class='ocrx_word' id='word_1_266' title='bbox 1054 1615 1209 1650; x_wconf 64' lang='lat' dir='ltr'><strong>infir-tund!</strong></span> <span class='ocrx_word' id='word_1_267' title='bbox 1228 1615 1317 1648; x_wconf 67' lang='lat' dir='ltr'><strong>ric-age</strong></span> <span class='ocrx_word' id='word_1_268' title='bbox 1328 1613 1525 1646; x_wconf 62' lang='lat' dir='ltr'><strong>malliam-oux!</strong></span> 
     </span>
     <span class='ocr_line' id='line_1_48' title="bbox 925 1662 1594 1701; baseline 0 -14"><span class='ocrx_word' id='word_1_269' title='bbox 925 1662 1059 1688; x_wconf 80' lang='lat' dir='ltr'><strong>Fallait-il</strong></span> <span class='ocrx_word' id='word_1_270' title='bbox 1069 1662 1221 1698; x_wconf 77' lang='lat' dir='ltr'><strong>appr-ocher-</strong></span> <span class='ocrx_word' id='word_1_271' title='bbox 1230 1662 1265 1687; x_wconf 74' lang='lat' dir='ltr'><strong>do</strong></span> <span class='ocrx_word' id='word_1_272' title='bbox 1276 1668 1313 1687; x_wconf 74' lang='lat' dir='ltr'><strong>us</strong></span> <span class='ocrx_word' id='word_1_273' title='bbox 1327 1662 1404 1687; x_wconf 58' lang='grc' dir='ltr'><strong>ἱκανάς</strong></span> <span class='ocrx_word' id='word_1_274' title='bbox 1418 1662 1594 1701; x_wconf 62' lang='lat' dir='ltr'><strong>danger-qux!</strong></span> 
     </span>
    </p>

    <p class='ocr_par' dir='ltr' id='par_1_15' title="bbox 920 1711 1613 2426">
     <span class='ocr_line' id='line_1_49' title="bbox 971 1711 1613 1757; baseline -0.002 -11"><span class='ocrx_word' id='word_1_275' title='bbox 971 1725 1024 1757; x_wconf 87' lang='lat'><strong>71.</strong></span> <span class='ocrx_word' id='word_1_276' title='bbox 1046 1713 1328 1756; x_wconf 80' lang='lat' dir='ltr'><strong>Praecincliflorc</strong></span> <span class='ocrx_word' id='word_1_277' title='bbox 1347 1713 1476 1755; x_wconf 79' lang='lat' dir='ltr'><strong>capilli.</strong></span> <span class='ocrx_word' id='word_1_278' title='bbox 1492 1711 1613 1756; x_wconf 76' lang='lat' dir='ltr'><strong>Huius</strong></span> 
     </span>
     <span class='ocr_line' id='line_1_50' title="bbox 926 1762 1611 1810; baseline 0.001 -13"><span class='ocrx_word' id='word_1_279' title='bbox 926 1764 1125 1809; x_wconf 84' lang='lat' dir='ltr'><strong>argumenti</strong></span> <span class='ocrx_word' id='word_1_280' title='bbox 1137 1764 1264 1810; x_wconf 87' lang='lat' dir='ltr'><strong>opinor</strong></span> <span class='ocrx_word' id='word_1_281' title='bbox 1273 1763 1376 1799; x_wconf 78' lang='lat' dir='ltr'><strong>fuisse</strong></span> <span class='ocrx_word' id='word_1_282' title='bbox 1388 1762 1611 1810; x_wconf 85' lang='lat' dir='ltr'><strong>Tragoediam</strong></span> 
     </span>
     <span class='ocr_line' id='line_1_51' title="bbox 924 1815 1612 1866; baseline 0.001 -16"><span class='ocrx_word' id='word_1_283' title='bbox 924 1815 1115 1863; x_wconf 73' lang='lat' dir='ltr'><strong>Euripidis,</strong></span> <span class='ocrx_word' id='word_1_284' title='bbox 1131 1829 1208 1863; x_wconf 80' lang='lat' dir='ltr'><strong>quae</strong></span> <span class='ocrx_word' id='word_1_285' title='bbox 1223 1819 1380 1856; x_wconf 67' lang='grc' dir='ltr'><strong>Ιππᾶλυτος</strong></span> <span class='ocrx_word' id='word_1_286' title='bbox 1395 1820 1612 1866; x_wconf 57' lang='grc' dir='ltr'><strong>ςεφανήφορος,</strong></span> 
     </span>
     <span class='ocr_line' id='line_1_52' title="bbox 923 1868 1609 1913; baseline 0 -11"><span class='ocrx_word' id='word_1_287' title='bbox 923 1868 1186 1904; x_wconf 83' lang='lat' dir='ltr'><strong>inscribebatur.</strong></span> <span class='ocrx_word' id='word_1_288' title='bbox 1194 1869 1442 1904; x_wconf 90' lang='lat' dir='ltr'><strong>Meminerunt</strong></span> <span class='ocrx_word' id='word_1_289' title='bbox 1451 1869 1482 1913; x_wconf 79' lang='lat' dir='ltr'><strong>ej</strong></span> <span class='ocrx_word' id='word_1_290' title='bbox 1488 1882 1526 1903; x_wconf 90' lang='lat' dir='ltr'><strong>us</strong></span> <span class='ocrx_word' id='word_1_291' title='bbox 1534 1881 1609 1903; x_wconf 88' lang='lat' dir='ltr'><strong>non</strong></span> 
     </span>
     <span class='ocr_line' id='line_1_53' title="bbox 923 1920 1610 1968; baseline 0 -14"><span class='ocrx_word' id='word_1_292' title='bbox 923 1932 997 1955; x_wconf 89' lang='lat' dir='ltr'><strong>uno</strong></span> <span class='ocrx_word' id='word_1_293' title='bbox 1020 1921 1057 1955; x_wconf 88' lang='lat' dir='ltr'><strong>in</strong></span> <span class='ocrx_word' id='word_1_294' title='bbox 1073 1921 1150 1956; x_wconf 86' lang='lat' dir='ltr'><strong>loco</strong></span> <span class='ocrx_word' id='word_1_295' title='bbox 1173 1921 1333 1956; x_wconf 81' lang='lat' dir='ltr'><strong>Stobaeus</strong></span> <span class='ocrx_word' id='word_1_296' title='bbox 1349 1927 1385 1955; x_wconf 86' lang='lat' dir='ltr'><strong>et</strong></span> <span class='ocrx_word' id='word_1_297' title='bbox 1402 1920 1610 1968; x_wconf 85' lang='lat' dir='ltr'><strong>Hesychius.</strong></span> 
     </span>
     <span class='ocr_line' id='line_1_54' title="bbox 924 1972 1607 2009; baseline 0.001 -2"><span class='ocrx_word' id='word_1_298' title='bbox 924 1972 1058 2009; x_wconf 68' lang='lat' dir='ltr'><strong>Hltms.</strong></span> <span class='ocrx_word' id='word_1_299' title='bbox 1077 1972 1184 2008; x_wconf 87' lang='lat' dir='ltr'><strong>Certe</strong></span> <span class='ocrx_word' id='word_1_300' title='bbox 1202 1973 1288 2008; x_wconf 90' lang='lat' dir='ltr'><strong>nihil</strong></span> <span class='ocrx_word' id='word_1_301' title='bbox 1305 1973 1361 2008; x_wconf 91' lang='lat' dir='ltr'><strong>hic</strong></span> <span class='ocrx_word' id='word_1_302' title='bbox 1375 1972 1496 2008; x_wconf 84' lang='lat' dir='ltr'><strong>Ovidii</strong></span> <span class='ocrx_word' id='word_1_303' title='bbox 1511 1973 1607 2008; x_wconf 83' lang='lat' dir='ltr'><strong>locus</strong></span> 
     </span>
     <span class='ocr_line' id='line_1_55' title="bbox 923 2024 1608 2060; baseline 0.001 -2"><span class='ocrx_word' id='word_1_304' title='bbox 923 2024 967 2058; x_wconf 93' lang='lat' dir='ltr'><strong>ad</strong></span> <span class='ocrx_word' id='word_1_305' title='bbox 985 2025 1126 2060; x_wconf 88' lang='lat' dir='ltr'><strong>titulum</strong></span> <span class='ocrx_word' id='word_1_306' title='bbox 1143 2038 1266 2060; x_wconf 87' lang='lat' dir='ltr'><strong>earum</strong></span> <span class='ocrx_word' id='word_1_307' title='bbox 1281 2025 1393 2060; x_wconf 83' lang='lat' dir='ltr'><strong>facere</strong></span> <span class='ocrx_word' id='word_1_308' title='bbox 1411 2024 1498 2059; x_wconf 86' lang='lat' dir='ltr'><strong>mihi</strong></span> <span class='ocrx_word' id='word_1_309' title='bbox 1514 2024 1608 2059; x_wconf 87' lang='lat' dir='ltr'><strong>vide-</strong></span> 
     </span>
     <span class='ocr_line' id='line_1_56' title="bbox 923 2077 1609 2119; baseline 0.001 -9"><span class='ocrx_word' id='word_1_310' title='bbox 923 2083 983 2111; x_wconf 85' lang='lat' dir='ltr'><strong>tur</strong></span> <span class='ocrx_word' id='word_1_311' title='bbox 997 2091 1006 2119; x_wconf 94' lang='lat'>;</span> <span class='ocrx_word' id='word_1_312' title='bbox 1037 2090 1124 2111; x_wconf 86' lang='lat' dir='ltr'><strong>nam</strong></span> <span class='ocrx_word' id='word_1_313' title='bbox 1155 2090 1325 2112; x_wconf 88' lang='lat' dir='ltr'><strong>coronam</strong></span> <span class='ocrx_word' id='word_1_314' title='bbox 1346 2077 1472 2112; x_wconf 85' lang='lat' dir='ltr'><strong>Dianae</strong></span> <span class='ocrx_word' id='word_1_315' title='bbox 1503 2077 1609 2112; x_wconf 81' lang='lat' dir='ltr'><strong>offert</strong></span> 
     </span>
     <span class='ocr_line' id='line_1_57' title="bbox 924 2129 1608 2177; baseline 0.001 -14"><span class='ocrx_word' id='word_1_316' title='bbox 924 2129 1137 2177; x_wconf 85' lang='lat' dir='ltr'><strong>Hippolytus</strong></span> <span class='ocrx_word' id='word_1_317' title='bbox 1153 2129 1245 2176; x_wconf 87' lang='lat' dir='ltr'><strong>apud</strong></span> <span class='ocrx_word' id='word_1_318' title='bbox 1265 2129 1423 2175; x_wconf 81' lang='lat' dir='ltr'><strong>Euripid.</strong></span> <span class='ocrx_word' id='word_1_319' title='bbox 1440 2143 1526 2164; x_wconf 84' lang='lat' dir='ltr'><strong>vers.</strong></span> <span class='ocrx_word' id='word_1_320' title='bbox 1545 2129 1608 2176; x_wconf 76' lang='lat'><strong>733</strong></span> 
     </span>
     <span class='ocr_line' id='line_1_58' title="bbox 922 2181 1606 2218; baseline 0.003 -3"><span class='ocrx_word' id='word_1_321' title='bbox 922 2182 981 2216; x_wconf 92' lang='lat' dir='ltr'><strong>ubi</strong></span> <span class='ocrx_word' id='word_1_322' title='bbox 997 2181 1065 2216; x_wconf 81' lang='lat' dir='ltr'><strong>vid.</strong></span> <span class='ocrx_word' id='word_1_323' title='bbox 1078 2182 1223 2218; x_wconf 86' lang='lat' dir='ltr'><strong>Barnes.</strong></span> <span class='ocrx_word' id='word_1_324' title='bbox 1240 2182 1283 2217; x_wconf 89' lang='lat' dir='ltr'><strong>In</strong></span> <span class='ocrx_word' id='word_1_325' title='bbox 1296 2182 1480 2218; x_wconf 87' lang='lat' dir='ltr'><strong>Eleusiniis</strong></span> <span class='ocrx_word' id='word_1_326' title='bbox 1495 2181 1606 2217; x_wconf 88' lang='lat' dir='ltr'><strong>Ceres</strong></span> 
     </span>
     <span class='ocr_line' id='line_1_59' title="bbox 921 2234 1604 2282; baseline 0.003 -14"><span class='ocrx_word' id='word_1_327' title='bbox 921 2234 1100 2269; x_wconf 83' lang='lat' dir='ltr'><strong>colebatur</strong></span> <span class='ocrx_word' id='word_1_328' title='bbox 1109 2261 1118 2278; x_wconf 94' lang='lat'><strong>,</strong></span> <span class='ocrx_word' id='word_1_329' title='bbox 1128 2235 1227 2280; x_wconf 87' lang='lat' dir='ltr'><strong>cujus</strong></span> <span class='ocrx_word' id='word_1_330' title='bbox 1235 2234 1604 2282; x_wconf 87' lang='lat' dir='ltr'><strong>mysteriisinitiandus</strong></span> 
     </span>
     <span class='ocr_line' id='line_1_60' title="bbox 921 2286 1605 2334; baseline 0.003 -14"><span class='ocrx_word' id='word_1_331' title='bbox 921 2286 976 2321; x_wconf 88' lang='lat' dir='ltr'><strong>vel</strong></span> <span class='ocrx_word' id='word_1_332' title='bbox 988 2294 1193 2332; x_wconf 84' lang='lat' dir='ltr'><strong>operaturus</strong></span> <span class='ocrx_word' id='word_1_333' title='bbox 1205 2287 1262 2322; x_wconf 88' lang='lat' dir='ltr'><strong>hic</strong></span> <span class='ocrx_word' id='word_1_334' title='bbox 1274 2286 1487 2334; x_wconf 88' lang='lat' dir='ltr'><strong>Hippolytus</strong></span> <span class='ocrx_word' id='word_1_335' title='bbox 1496 2314 1506 2330; x_wconf 91' lang='lat'><strong>,</strong></span> <span class='ocrx_word' id='word_1_336' title='bbox 1524 2300 1605 2322; x_wconf 90' lang='lat' dir='ltr'><strong>con-</strong></span> 
     </span>
     <span class='ocr_line' id='line_1_61' title="bbox 920 2338 1604 2375; baseline 0.001 -2"><span class='ocrx_word' id='word_1_337' title='bbox 920 2339 1085 2374; x_wconf 83' lang='lat' dir='ltr'><strong>veniente</strong></span> <span class='ocrx_word' id='word_1_338' title='bbox 1109 2339 1211 2375; x_wconf 86' lang='lat' dir='ltr'><strong>sacris</strong></span> <span class='ocrx_word' id='word_1_339' title='bbox 1233 2339 1354 2375; x_wconf 82' lang='lat' dir='ltr'><strong>habitu</strong></span> <span class='ocrx_word' id='word_1_340' title='bbox 1375 2338 1520 2374; x_wconf 85' lang='lat' dir='ltr'><strong>describi</strong></span> <span class='ocrx_word' id='word_1_341' title='bbox 1550 2339 1604 2374; x_wconf 84' lang='lat' dir='ltr'><strong>vi-</strong></span> 
     </span>
     <span class='ocr_line' id='line_1_62' title="bbox 920 2390 1176 2426; baseline 0 -1"><span class='ocrx_word' id='word_1_342' title='bbox 920 2390 1034 2425; x_wconf 87' lang='lat' dir='ltr'><strong>detur.</strong></span> <span class='ocrx_word' id='word_1_343' title='bbox 1047 2391 1176 2426; x_wconf 76' lang='lat' dir='ltr'>BURM.</span> 
     </span>
    </p>

    <p class='ocr_par' dir='ltr' id='par_1_16' title="bbox 918 2443 1605 2647">
     <span class='ocr_line' id='line_1_63' title="bbox 966 2443 1603 2490; baseline 0.003 -13"><span class='ocrx_word' id='word_1_344' title='bbox 966 2458 1016 2489; x_wconf 86' lang='lat'><strong>72.</strong></span> <span class='ocrx_word' id='word_1_345' title='bbox 1041 2445 1212 2478; x_wconf 78' lang='lat' dir='ltr'><strong>Tt&#39;nxeral.</strong></span> <span class='ocrx_word' id='word_1_346' title='bbox 1224 2443 1348 2489; x_wconf 80' lang='lat' dir='ltr'><strong>Senec.</strong></span> <span class='ocrx_word' id='word_1_347' title='bbox 1363 2443 1504 2490; x_wconf 85' lang='lat' dir='ltr'><strong>Hippol.</strong></span> <span class='ocrx_word' id='word_1_348' title='bbox 1520 2444 1603 2490; x_wconf 77' lang='lat'>376:</span> 
     </span>
     <span class='ocr_line' id='line_1_64' title="bbox 918 2497 1605 2541; baseline 0.001 -11"><span class='ocrx_word' id='word_1_349' title='bbox 918 2497 997 2530; x_wconf 88' lang='lat' dir='ltr'><strong>Non</strong></span> <span class='ocrx_word' id='word_1_350' title='bbox 1012 2509 1072 2530; x_wconf 86' lang='lat' dir='ltr'><strong>ora</strong></span> <span class='ocrx_word' id='word_1_351' title='bbox 1087 2499 1220 2540; x_wconf 72' lang='lat' dir='ltr'><strong>tingens</strong></span> <span class='ocrx_word' id='word_1_352' title='bbox 1234 2498 1345 2530; x_wconf 84' lang='lat' dir='ltr'><strong>nilida</strong></span> <span class='ocrx_word' id='word_1_353' title='bbox 1354 2509 1537 2541; x_wconf 71' lang='lat' dir='ltr'><strong>purpureus</strong></span> <span class='ocrx_word' id='word_1_354' title='bbox 1552 2510 1605 2532; x_wconf 84' lang='lat' dir='ltr'><strong>ru-</strong></span> 
     </span>
     <span class='ocr_line' id='line_1_65' title="bbox 918 2547 1599 2593; baseline 0.003 -12"><span class='ocrx_word' id='word_1_355' title='bbox 918 2549 985 2582; x_wconf 81' lang='lat' dir='ltr'><strong>bor.</strong></span> <span class='ocrx_word' id='word_1_356' title='bbox 1010 2548 1084 2583; x_wconf 87' lang='lat' dir='ltr'><strong>Nisi</strong></span> <span class='ocrx_word' id='word_1_357' title='bbox 1099 2548 1208 2583; x_wconf 85' lang='lat' dir='ltr'><strong>mavis</strong></span> <span class='ocrx_word' id='word_1_358' title='bbox 1218 2552 1381 2593; x_wconf 75' lang='lat' dir='ltr'><strong>pinxerat</strong></span> <span class='ocrx_word' id='word_1_359' title='bbox 1387 2559 1399 2591; x_wconf 87' lang='lat'><strong>,·</strong></span> <span class='ocrx_word' id='word_1_360' title='bbox 1420 2547 1486 2583; x_wconf 89' lang='lat' dir='ltr'><strong>hoc</strong></span> <span class='ocrx_word' id='word_1_361' title='bbox 1502 2548 1599 2583; x_wconf 86' lang='lat' dir='ltr'><strong>enim</strong></span> 
     </span>
     <span class='ocr_line' id='line_1_66' title="bbox 918 2599 1600 2647; baseline -0.001 -13"><span class='ocrx_word' id='word_1_362' title='bbox 918 2599 1089 2635; x_wconf 87' lang='lat' dir='ltr'><strong>distichon</strong></span> <span class='ocrx_word' id='word_1_363' title='bbox 1098 2600 1262 2646; x_wconf 85' lang='lat' dir='ltr'><strong>expressit</strong></span> <span class='ocrx_word' id='word_1_364' title='bbox 1268 2600 1391 2635; x_wconf 83' lang='lat' dir='ltr'><strong>Senec.</strong></span> <span class='ocrx_word' id='word_1_365' title='bbox 1400 2600 1507 2647; x_wconf 91' lang='lat' dir='ltr'><strong>Hipp.</strong></span> <span class='ocrx_word' id='word_1_366' title='bbox 1517 2601 1600 2637; x_wconf 82' lang='lat'>650:</span> 
     </span>
    </p>

    <p class='ocr_par' dir='ltr' id='par_1_17' title="bbox 1001 2661 1412 2692">
     <span class='ocr_line' id='line_1_67' title="bbox 1051 2661 1412 2692; baseline 0 -7"><span class='ocrx_word' id='word_1_367' title='bbox 1051 2661 1199 2686; x_wconf 64' lang='lat' dir='ltr'><strong>Presserunt</strong></span> <span class='ocrx_word' id='word_1_368' title='bbox 1212 2661 1284 2686; x_wconf 70' lang='lat' dir='ltr'><strong>vitun</strong></span> <span class='ocrx_word' id='word_1_369' title='bbox 1295 2670 1395 2686; x_wconf 74' lang='lat' dir='ltr'><strong>comam</strong></span> <span class='ocrx_word' id='word_1_370' title='bbox 1403 2680 1412 2692; x_wconf 94' lang='lat'><strong>,</strong></span> 
     </span>
    </p>
   </div>
   <div class='ocr_carea' id='block_1_10' title="bbox 949 2709 1598 2803">
    <p class='ocr_par' dir='ltr' id='par_1_18' title="bbox 949 2709 1598 2803">
     <span class='ocr_line' id='line_1_68' title="bbox 949 2709 1598 2744; baseline 0.003 -10"><span class='ocrx_word' id='word_1_371' title='bbox 949 2710 983 2735; x_wconf 76' lang='lat' dir='ltr'><strong>Et</strong></span> <span class='ocrx_word' id='word_1_372' title='bbox 996 2719 1040 2734; x_wconf 80' lang='lat' dir='ltr'><strong>ora</strong></span> <span class='ocrx_word' id='word_1_373' title='bbox 1051 2709 1134 2734; x_wconf 80' lang='lat' dir='ltr'><strong>ssavus</strong></span> <span class='ocrx_word' id='word_1_374' title='bbox 1146 2715 1232 2734; x_wconf 83' lang='lat' dir='ltr'><strong>tenera</strong></span> <span class='ocrx_word' id='word_1_375' title='bbox 1245 2709 1364 2743; x_wconf 66' lang='lat' dir='ltr'><strong>pingebat</strong></span> <span class='ocrx_word' id='word_1_376' title='bbox 1375 2710 1468 2744; x_wconf 68' lang='lat' dir='ltr'><strong>pudor.</strong></span> <span class='ocrx_word' id='word_1_377' title='bbox 1491 2711 1598 2736; x_wconf 70' lang='lat' dir='ltr'><strong>limus.</strong></span> 
     </span>
     <span class='ocr_line' id='line_1_69' title="bbox 963 2760 1549 2803; baseline 0.003 -10"><span class='ocrx_word' id='word_1_378' title='bbox 963 2760 1014 2803; x_wconf 87' lang='lat'><strong>73.</strong></span> <span class='ocrx_word' id='word_1_379' title='bbox 1045 2762 1185 2796; x_wconf 82' lang='lat' dir='ltr'><strong>Vocant.</strong></span> <span class='ocrx_word' id='word_1_380' title='bbox 1202 2760 1329 2795; x_wconf 84' lang='lat' dir='ltr'><strong>Malim</strong></span> <span class='ocrx_word' id='word_1_381' title='bbox 1343 2765 1475 2796; x_wconf 78' lang='lat' dir='ltr'><strong>vocent.</strong></span> <span class='ocrx_word' id='word_1_382' title='bbox 1501 2761 1549 2795; x_wconf 91' lang='lat' dir='ltr'><strong>H.</strong></span> 
     </span>
    </p>
   </div>
  </div>
 </body>
</html>
