1884 3112
462 268 916 315 HIPPOLYTUS
951 269 1258 315 PHAEDRAE
1526 275 1584 333 39

156 355 249 410 Nec
273 358 638 422 regnat-lascivus
661 379 807 420 amor;
835 361 943 429 quid
962 361 1110 410 inania
1126 361 1259 426 fingis

180 478 186 484 .
222 439 410 502 Regna?
432 457 514 488 nec
537 439 585 487 in
609 458 794 507 superos
814 440 887 506 jus
909 439 1047 489 habet
1068 439 1142 489 ille
1167 441 1302 489 Deos.

158 517 291 567 Casta
313 517 412 566 Diis
435 537 560 567 mens
584 508 671 577 est,
699 518 808 567 casti
828 518 923 566 sine
947 517 1130 567 crimine
1154 536 1320 576 moreS,

219 596 282 644 Et
304 594 413 644 caelo
438 595 585 659 digni,
612 595 936 663 dissimilesque
960 595 1063 644 tuis.
1543 609 1588 644 δυ

156 673 246 723 Sed
266 673 395 723 finxit
418 674 616 742 Superos
638 673 851 741 peccandi
874 672 1073 740 exempla
1094 671 1260 732 libido,

221 754 286 801 Ut
307 751 372 801 nil
396 764 526 820 turpe
550 751 639 800 sibi
663 751 843 801 duceret
867 769 960 800 esse
985 749 1122 799 nefas.

156 829 409 879 Pirithoum
431 830 652 888 Theseus,
679 829 853 896 inquis,
879 828 1103 895 nobisque
1127 827 1299 895 tibique

220 906 425 957 Praetulit
443 926 454 955 z
473 906 561 956 hoc
584 925 682 974 quae
706 918 748 956 te
775 906 950 956 credere
975 925 1105 955 causa
1125 906 1284 972 jubet?

154 984 298 1034 Nemo
321 984 461 1048 igitur
481 983 622 1034 fidum
642 983 782 1044 colat,
811 996 888 1033 aut
910 984 1073 1033 invisat
1092 984 1281 1034 amicum
1299 1005 1309 1032 τ
1472 1028 1474 1030 .
1549 998 1594 1032 65

220 1061 270 1109 Si
290 1060 418 1122 facit,
444 1074 676 1112 externum
699 1060 899 1130 praetulit
920 1061 995 1111 ille
1020 1062 1126 1111 suis.

155 1139 296 1205 Quod
319 1140 463 1208 carpis
486 1140 676 1202 furiosa,
702 1153 873 1208 tuoque
898 1141 947 1188 in
973 1140 1163 1205 conjuge
1188 1138 1370 1187 damnas
1386 1175 1397 1196 ,

220 1218 469 1279 Laudares,
494 1238 600 1269 sana
623 1220 662 1268 si
684 1219 820 1268 modo
845 1230 992 1267 mente
1014 1216 1145 1265 sores.

156 1296 332 1346 Nomen
351 1298 646 1348 inextinctum
667 1297 806 1360 longo
830 1293 1069 1344 laudabilis
1094 1311 1186 1342 aevo

225 1376 310 1423 Est
330 1375 539 1425 habitura
561 1376 701 1444 patris
725 1373 1008 1440 Pirithoique
1030 1370 1155 1419 fides.
1553 1396 1595 1430 70

163 1450 289 1515 Quid
312 1453 372 1501 sit
392 1472 540 1512 amor,
567 1453 735 1502 sentis?
755 1451 882 1501 furor
905 1462 998 1508 est3
1024 1459 1131 1516 post
1156 1446 1306 1495 omnia
1328 1458 1519 1497 mentem

228 1529 379 1597 Eripit
397 1550 408 1579 τ
428 1531 632 1598 exemplo
653 1550 725 1579 res
748 1528 983 1578 manifesta
1000 1530 1080 1575 tuo
1106 1537 1186 1574 est.

163 1606 289 1670 Quid
313 1609 510 1674 quereris
533 1608 714 1658 fratrem
737 1608 859 1657 clava
880 1606 1089 1656 cecidisse
1114 1602 1317 1652 trinodi?

227 1685 541 1752 Opprobrium
562 1698 717 1736 vestrae
742 1684 926 1735 sustulit
948 1683 1024 1733 illa
1049 1683 1223 1731 domus.

163 1761 303 1826 Quod
325 1763 413 1813 nisi
436 1763 630 1823 fecisset,
656 1783 794 1815 caesus
808 1776 944 1831 ,pater
965 1774 1081 1812 esset
1104 1761 1159 1810 ab
1185 1759 1292 1808 illo:
1555 1774 1599 1820 75

145 1853 149 1856 ’
229 1841 347 1906 Quis
370 1861 484 1902 non,
509 1843 633 1910 quod
654 1843 857 1892 Theseus
880 1841 1007 1900 fecit,
1029 1841 1079 1889 in
1099 1840 1230 1888 hoste
1255 1836 1391 1886 facit?

168 1919 297 1968 Curae
322 1920 482 1988 cuique
508 1940 588 1971 sua
611 1933 679 1970 est
699 1921 847 1970 medio
873 1920 921 1968 in
946 1918 1198 1968 discrimine
1222 1916 1338 1963 vita:

159 2035 161 2037 .
231 1997 423 2056 Natura,
447 2010 500 2047 ut
520 1999 733 2066 perimas,
758 2018 814 2047 ne
838 1997 1081 2065 perimare,
1109 1995 1252 2043 docet.

169 2074 554 2143 Quamquamhaec
563 2076 695 2144 culpa
703 2088 789 2125 tuae
798 2088 878 2135 est,
890 2076 927 2125 si
939 2095 1027 2143 qua
1043 2086 1110 2124 est
1122 2072 1257 2122 modo
1266 2071 1409 2139 culpa,
1420 2072 1601 2121 sororis:

189 2149 193 2160 ”
233 2153 316 2204 Illa
337 2155 453 2204 viam
477 2155 648 2215 docuit,
674 2154 998 2221 consiliumque
1024 2152 1175 2201 dedit:
1561 2165 1604 2199 80

168 2231 397 2281 Judicium
419 2233 505 2282 tibi
527 2234 741 2301 pervertit
762 2244 1044 2299 mentemque
1068 2228 1212 2278 libido
1230 2228 1258 2277 2v

238 2309 353 2374 Quae
374 2310 498 2360 bona
521 2323 627 2361 sunt
649 2311 851 2370 damnas,
877 2311 1014 2378 impia
1035 2308 1151 2358 facta
1172 2307 1348 2375 probas.

171 2389 227 2438 ln
249 2387 369 2436 vitiis
392 2388 502 2437 recti
526 2389 717 2455 speciem
740 2389 933 2456 reperire
957 2388 1160 2445 laboras,

237 2467 431 2533 Ipsaque
455 2467 663 2518 tevit-tus
681 2466 828 2532 judice
853 2467 1018 2516 crimen
1041 2465 1190 2513 habet.

177 2543 358 2593 Crimen
381 2543 574 2593 amicitia
594 2555 684 2603 est;
709 2545 876 2594 crimen
900 2544 1007 2602 tibi,
1031 2540 1154 2591 nolle
1177 2541 1320 2609 perire
1340 2561 1349 2589 :
1566 2554 1609 2588 85

239 2622 332 2670 Res
355 2621 450 2688 pia,
477 2640 610 2688 quem
632 2621 747 2669 ratio
772 2621 952 2670 damnat
976 2632 1020 2670 et
1041 2620 1216 2677 horret,
1243 2637 1378 2668 amor.

177 2699 239 2749 At
261 2699 424 2766 repetit
445 2717 599 2766 poenas
620 2710 828 2748 maternae
851 2698 1015 2765 injuria
1038 2697 1198 2746 caedis:

246 2775 405 2826 Saucia
425 2775 600 2826 Theseo
625 2776 819 2826 concidit
842 2795 945 2826 ense
970 2793 1143 2842 parens.
