1884 3112
600 274 804 320 PARIS
852 273 1145 332 oENossAE'.

178 368 242 418 Te
264 385 398 435 penes
421 365 653 417 arbitrium
674 380 839 419 nostrae
861 367 1048 434 vitaeque
1072 366 1309 434 necisque:

243 444 418 494 Victuri
435 444 525 511 jam
546 465 666 495 nunc
688 457 867 513 pectora
889 463 1012 493 sume
1037 443 1133 492 tibi.

1516 288 1594 333 117

178 521 379 581 flevisti,
403 524 608 583 memini,
633 535 778 573 tamen
800 523 882 572 hac
904 523 1081 572 in—voce
1105 521 1329 571 canentis:

242 603 321 659 Et,
346 601 479 661 mala,
506 601 676 660 dixisti,
701 600 791 650 sint
813 619 972 667 precor
992 598 1078 648 ista
1099 598 1287 666 procul!
1555 614 1598 648 30

177 679 270 728 Nec
294 678 332 727 si
353 677 444 728 fata
463 677 626 737 ferant,
649 676 834 726 tulerint
857 677 920 725 sic
944 687 1086 725 cetera
1109 676 1328 743 quamvis,

241 757 307 805 Ut
327 756 496 824 possim
521 755 712 804 OEnone
734 754 917 822 perdere
941 753 1045 803 laesa
1067 753 1223 802 Parin!

176 833 268 881 Tot
289 851 495 900 superare
517 843 682 891 metus,
710 831 788 899 qui
809 850 900 890 me,
926 849 1007 879 nec
1033 829 1208 880 credere
1231 829 1377 893 cogit,

240 909 451 972 Ignoscas
461 947 479 968 ‚-
498 908 615 957 idem
640 920 688 957 te
707 928 887 976 quoque
909 907 1025 957 fallit
1046 910 1199 957 Amor.

175 986 368 1053 Imperat
389 985 462 1035 ille
485 986 594 1035 Deis
617 1006 627 1034 ε
655 1005 794 1053 quum
815 985 932 1045 vult,
958 987 1006 1034 in
1031 1005 1199 1035 cornua
1222 985 1358 1044 tauri,
1560 995 1603 1030 35

242 1063 396 1128 Quum
418 1063 538 1123 vult,
563 1065 611 1112 in
634 1083 802 1132 pennas
827 1064 1016 1114 destruit
1038 1063 1113 1112 ille
1136 1065 1165 1111 J
1169 1082 1306 1112 ovem.

174 1142 280 1191 Non
303 1140 419 1191 foret
439 1142 488 1190 in
511 1142 640 1191 terris
664 1154 788 1191 tanto
811 1142 1010 1191 miranda
1035 1141 1190 1191 decore

240 1218 482 1286 Tyndaris,
505 1219 594 1268 heu
615 1219 803 1268 flammis
825 1231 927 1266 nata
953 1217 1103 1282 puella
1123 1217 1255 1262 meis!

179 1296 228 1344 Si
251 1315 332 1346 sua
352 1315 446 1345 non
469 1316 606 1364 cycno
630 1306 847 1343 mutasset
867 1292 1048 1359 Jupiter
1073 1310 1161 1339 ora.

243 1372 452 1423 Fluxerat
472 1374 522 1422 in
544 1374 721 1421 Danaes
744 1389 906 1420 aureus
930 1381 1031 1418 ante
1054 1369 1206 1417 sinus:
1565 1379 1609 1425 40

178 1449 506 1516 Piniferamque
529 1447 640 1497 Iden
661 1446 800 1496 falsus
823 1446 1088 1496 lustraverat
1110 1444 1199 1494 ales
1219 1464 1230 1493 :

242 1528 367 1576 Inter
388 1527 645 1590 Agenoreas
667 1520 1020 1590 constiteratqu‘e
1039 1523 1190 1571 boves.

178 1603 405 1653 Victorem
424 1601 613 1652 Alciden
637 1601 828 1650 dominae
852 1601 953 1668 quis
978 1620 1116 1668 pensa
1139 1612 1291 1649 tenere

243 1681 546 1731 Crederet?·at
567 1678 689 1728 lanas
711 1699 815 1728 nere
841 1679 986 1742 coegi-t
1008 1679 1162 1727 Amor.

180 1759 357 1810 Dicitur
377 1771 422 1809 et
445 1759 541 1808 Coa
563 1757 729 1808 sedisse
752 1758 801 1810 in
823 1768 944 1806 veste
967 1754 1127 1823 puellae
1149 1774 1160 1802 :
1567 1764 1611 1811 45

178 1906 311 1953 inquit,
329 1918 407 1953 quae
421 1918 522 1942 soror
540 1904 766 1952 praedixerat,
786 1905 861 1950 jam

179 1966 416 2006 apparuerunt
429 1971 533 1994 vera:
550 1971 663 1993 unum
678 1965 836 2004 superest
849 1984 859 2001 ,

180 2011 225 2047 de
239 2011 439 2048 vulneribus
453 2011 559 2054 meis,
582 2017 623 2046 ut
641 2023 751 2056 cogar*
761 2017 861 2045 tuam

181 2073 287 2111 opem
308 2076 502 2111 exposcere.
519 2063 654 2098 Hnms.
669 2081 714 2088 -
729 2063 836 2097 Forte
853 2074 862 2097 ε

214 2123 326 2158 'unqua
335 2128 408 2150 tunm
424 2124 534 2158 supplex
550 2132 657 2157 poscere
669 2120 846 2156 cogor'opem.

226 2172 279 2208 58.
302 2172 508 2218 Vz'cinn‘jam
522 2184 611 2207 nunc
618 2174 760 2216 pectora
771 2183 864 2205 sume

183 2226 256 2259 tibi.
280 2223 413 2260 Adsere
425 2250 436 2268 ,
450 2223 588 2259 vindica
606 2222 668 2259 fibi
683 2222 773 2257 illius
786 2222 866 2257 ani-

184 2289 286 2311 mum
301 2283 338 2311 et
349 2288 505 2311 amorem
514 2302 525 2319 ‚
543 2276 602 2322 qui
616 2282 678 2310 tuo
690 2274 864 2311 beneficio

183 2329 228 2365 sit
241 2329 404 2364 victurus.
414 2346 458 2354 —-
476 2327 686 2372 Viclun'jam
695 2339 784 2362 nunc
787 2339 867 2371 pec-

185 2386 260 2417 lora
286 2393 379 2416 sume
403 2381 475 2414 tibi.
506 2380 595 2415 Haec
610 2391 750 2425 quoque
774 2377 866 2414 soede

184 2439 349 2479 corrupta
363 2438 464 2476 sunt,
481 2445 547 2467 nec
561 2430 645 2467 libet
657 2429 879 2476 conjectmis·

185 2485 332 2521 minime
349 2483 451 2519 certis
468 2482 648 2530 indulgere
659 2509 668 2526 ,
688 2495 734 2517 ne
751 2482 867 2517 abuta-

187 2550 270 2572 mur
281 2537 363 2572 otio.
374 2535 495 2572 Prima
504 2534 623 2578 editio,
642 2536 785 2570 Victum·
787 2535 868 2580 jam

186 2603 276 2624 nunc
278 2593 427 2635 pectore.
440 2588 574 2623 Herus.
584 2614 595 2632 ,
607 2586 666 2632 qui
676 2593 711 2622 et
718 2586 867 2632 volebat,

188 2643 284 2675 victa
298 2643 374 2675 m’n'.
390 2640 497 2675 Forte
507 2665 517 2683 ,

192 2690 196 2693 ⁵
219 2700 286 2727 F‘m
302 2700 352 2726 viri
369 2701 422 2734 jam
439 2709 507 2725 nunc
524 2704 628 2732 pectora
644 2706 716 2724 sume
733 2697 782 2724 tui.

232 2749 286 2783 36.
310 2750 354 2783 In
371 2761 506 2794 pennas
526 2749 679 2782 deslruil.
707 2748 866 2788 ΙωίηιιΊ,

192 2801 326 2838 Bersm.
343 2801 442 2839 Deir.
457 2800 500 2837 ad
513 2800 636 2836 senec.
649 2798 771 2837 Octav.
787 2798 849 2845 766
859 2825 870 2844 ,

908 1906 1101 1946 ‘dis-trabit,
1126 1903 1181 1939 vel
1201 1903 1367 1942 detrahit,
1391 1898 1611 1935 emendabat.

986 1959 1040 2000 41.
1069 1956 1319 2001 Pinifi’mmque
1344 1955 1440 1988 Iden.
1476 1949 1613 1994 Pinife-

924 2022 1078 2054 mmque,
1099 2020 1169 2054 quo
1186 2006 1341 2052 epitheto
1357 2004 1403 2039 de
1427 2003 1490 2038 Ida
1506 2002 1613 2038 etiam

928 2073 1010 2096 usus
1025 2060 1156 2096 Statius
1168 2086 1176 2100 ‚
1194 2059 1251 2093 lib.
1268 2068 1324 2092 111.
1340 2057 1422 2092 Silv.
1438 2066 1494 2099 1v,
1513 2067 1551 2090 12
1568 2067 1578 2089 2

1028 2119 1150 2155 Pinifer-a
1167 2117 1283 2143 multum
1298 2117 1400 2143 felicior
1416 2116 1473 2142 ld».
1500 2118 1502 2120 ’

930 2168 1097 2215 Virgilius
1111 2194 1120 2211 ,
1139 2166 1224 2202 AEn.
1240 2178 1278 2211 v,
1297 2168 1382 2215 449:

930 2225 987 2250 Aut
1004 2224 1052 2249 Ida
1069 2224 1096 2248 iu
1113 2232 1206 2256 magun
1223 2222 1355 2248 radicibus
1371 2228 1446 2248 eruta
1461 2222 1549 2256 pium.

932 2273 990 2309 Sic
1014 2280 1050 2308 et
1073 2272 1211 2318 Pt'ttiser
1231 2273 1354 2308 Simas}
1369 2271 1483 2307 Statio
1506 2270 1617 2306 dictus

932 2326 1046 2362 Theb.
1062 2336 1135 2368 xu;
1154 2332 1206 2361 est
1225 2325 1323 2361 enim
1339 2324 1492 2371 Phrygia
1504 2323 1616 2370 pineis

930 2379 1032 2426 sylvis
1053 2377 1336 2421 instructissima,
1354 2376 1450 2411 unde
1463 2381 1499 2411 et
1516 2375 1619 2411 ldaeae

934 2430 1045 2466 Matri
1060 2430 1135 2465 haec
1148 2430 1252 2465 arbor
1266 2441 1371 2465 sacra.
1387 2429 1522 2462 Hnms.

977 2485 1031 2527 45.
1047 2484 1229 2517 Dicitur-et
1240 2483 1318 2516 Cooe
1331 2481 1462 2515 sedttrse
1472 2481 1510 2513 in
1523 2482 1620 2513 veste

926 2537 1061 2582 puellae.
1078 2534 1171 2580 Lege
1193 2535 1264 2569 Coa
1274 2536 1311 2568 in
1322 2536 1430 2567 vesle.
1441 2529 1619 2577 Omphale

933 2588 1032 2623 enim
1058 2586 1155 2634 Lyda
1167 2613 1177 2630 ‚
1203 2599 1278 2621 nou
1304 2584 1391 2620 Coa.
1412 2582 1620 2630 Propertius

932 2640 991 2675 lib.
1007 2651 1031 2674 1.
1049 2639 1145 2685 Eleg.
1163 2649 1193 2673 11
1207 2664 1216 2682 ,
1239 2652 1251 2672 ι
1266 2651 1275 2673 :

934 2698 1007 2730 Quid
1020 2698 1095 2731 juvat
1107 2701 1199 2721 ornato
1211 2694 1368 2730 procedere,
1386 2692 1441 2721 vit·
1450 2711 1460 2725 ‚
1477 2693 1588 2727 capillo,

983 2741 1019 2766 Et
1035 2746 1126 2765 tenues
1145 2740 1200 2765 Coa
1213 2744 1283 2765 vnn
1298 2747 1407 2764 movere
1421 2737 1494 2763 simu
1500 2737 1521 2763 ’ἴ

940 2789 984 2826 In
993 2789 1058 2825 hac
1070 2789 1104 2823 in
1109 2787 1182 2824 sula
1190 2786 1400 2834 Pamphilen
1409 2786 1510 2824 Latoi
1517 2784 1625 2822 filiam
