1884 3112
1326 274 1568 290 mmm

442 436 962 509 EPISTOLA
1015 436 1225 507 XIII.

322 929 774 988 LAODAMIA
818 927 1372 988 PROTESILAO.

130 1118 389 1198 ΜΙΤΤΙΤ,
415 1150 460 1189 et
483 1150 611 1206 optat
632 1157 783 1190 amans
799 1177 811 1198 ‚
839 1158 931 1205 quo
955 1139 1172 1197 mittitur,
1198 1139 1261 1187 ire
1287 1137 1498 1195 salutem,

195 1215 404 1268 AEmonis
428 1215 639 1265 AEmonio
664 1216 906 1266 Laodamia
923 1216 1034 1266 viro.

131 1294 295 1346 Aulide
319 1305 361 1344 te
385 1294 500 1343 fama
521 1305 608 1352 est,
633 1306 767 1344 vento
791 1294 1032 1354 retinente,
1052 1294 1241 1343 morari:

197 1373 298 1424 Ah!
323 1392 393 1423 me
418 1392 558 1440 quum
582 1372 779 1436 fugeres,
803 1372 878 1423 hic
899 1374 982 1423 ubi
1004 1385 1162 1423 ventus
1185 1372 1310 1421 erat?

133 1453 252 1502 Tum
271 1451 384 1502 freta
406 1451 652 1500 debuerant
669 1451 827 1500 vestris
852 1452 1070 1521 obsistere
1094 1450 1249 1500 remis:

1549 1463 1570 1497 m

197 1529 319 1579 Illud
341 1540 436 1579 erat
456 1528 580 1579 saevis
606 1527 716 1578 utile
741 1541 917 1596 tempus
940 1528 1082 1596 aquis.

132 1605 304 1657 Oscula
323 1604 454 1674 plura
476 1606 595 1664 viro,
613 1605 908 1673 mandataque
928 1605 1061 1673 plura
1085 1603 1306 1654 dedissem
1328 1621 1341 1660 ;

195 1684 258 1732 Et
278 1695 387 1732 sunt
410 1702 508 1751 quae
529 1682 652 1732 volui
677 1683 820 1733 dicere
843 1682 985 1732 multa
1009 1681 1107 1731 tibi.

176 1845 205 1866 ι.
229 1830 346 1866 Ham
365 1835 404 1866 e!
427 1835 527 1876 opl‘at
549 1839 681 1867 amans.
705 1830 815 1867 ‘Ordo

128 1882 320 1919 verborum
330 1890 401 1919 est':
413 1891 534 1920 amans
546 1878 710 1920 AEmonis
721 1884 816 1919 Lao—

130 1935 247 1972 damia
259 1935 369 1972 'mittit
379 1936 527 1972 salutem
535 1937 611 1972 viro
622 1937 811 1979 AEmonio;

129 1993 166 2023 et
175 1994 323 2034 optat'eo
330 1989 468 2036 ire,quo
474 1990 641 2034 mittitur,
651 1990 812 2031 salutem

128 2038 199 2076 hoe
213 2048 266 2076 est
276 2042 478 2086 Epidolam.
495 2043 629 2078 Versus
638 2049 720 2078 sunt
734 2042 814 2077 satis

129 2092 301 2129 intricata
330 2095 599 2141 'constructionis
615 2111 623 2139 ;
659 2103 695 2131 et
727 2095 787 2142 qui
804 2121 814 2139 ,

129 2145 198 2182 nisi
213 2146 345 2194 recepti
359 2147 403 2183 'ab
417 2147 583 2184 omnibus
599 2150 719 2183 forent
733 2175 742 2193 ‚
761 2147 815 2183 si·-

127 2198 231 2234 miles
247 2199 483 2246 superbi-ihus
499 2200 706 2247 quibusdam
729 2213 816 2236 cen-

130 2250 198 2288 seri
214 2258 378 2298 poterant
389 2279 400 2298 ,
424 2253 593 2300 quoniam
613 2254 708 2289 inter
731 2254 816 2289 sub-

130 2303 263 2339 dititios
278 2305 493 2341 referuntur.
507 2305 648 2341 Mlcn..

175 2371 206 2391 2.
219 2357 374 2392 AEnomssr
382 2358 539 2394 AEmom'o
548 2364 612 2393 etc.
627 2358 737 2403 Quod
749 2364 814 2402 est,

131 2408 481 2450 Thessala,Thessalo
490 2424 498 2453 ;
513 2417 552 2445 ut
562 2411 598 2445 in
606 2410 717 2457 Epist.
724 2411 816 2446 Her-

129 2462 267 2499 miones
284 2461 446 2508 Oresta,
468 2477 552 2498 122:

299 2537 330 2545 ...
341 2519 488 2545 'raamia-
496 2519 615 2545 Tantulis
628 2529 694 2546 uxor
705 2529 759 2547 ero.

131 2567 301 2604 AEmonia
319 2574 439 2603 autem
455 2567 635 2604 dicebatur
656 2569 814 2605 Thessa—

130 2621 177 2657 lia
187 2647 197 2665 ,
217 2621 259 2656 ab
271 2620 440 2655 AEmonia
450 2647 460 2665 ,
474 2633 546 2655 una
559 2633 578 2655 e
590 2620 815 2657 Deucalionis

131 2673 268 2709 filiabus
282 2700 291 2718 ,
320 2686 398 2720 quae
425 2685 559 2708 nomen
591 2686 695 2709 suum
725 2673 815 2721 parti

130 2725 271 2762 cuidam
283 2726 436 2772 regionis
450 2726 556 2772 huius
573 2726 758 2762 indiderat.

130 2824 137 2827 ξ
176 2778 208 2813 3.
227 2780 355 2815 Aulide
376 2784 410 2814 le
421 2779 526 2824 sama
540 2783 597 2814 es!
610 2786 674 2815 etc.
691 2779 790 2815 Aulis
802 2806 812 2825 ,

132 2829 277 2868 Boe'otiae
300 2837 421 2879 portus
445 2839 481 2868 et
502 2831 672 2879 oppidum
685 2859 695 2876 ,
726 2832 784 2868 ubi
802 2859 812 2877 ‚

881 1836 1027 1878 propter
1055 1840 1196 1864 cervam
1218 1826 1346 1862 Dianae
1362 1838 1496 1861 sacram
1528 1825 1571 1860 ab

881 1882 1108 1930 imprudente
1143 1880 1415 1927 Agamemnone
1449 1878 1570 1913 inter-

880 1935 1029 1979 fectam,
1057 1932 1171 1968 Graeci
1193 1932 1231 1966 in
1258 1931 1408 1977 Troiam
1425 1930 1572 1977 naviga-

881 1988 972 2032 turi,
986 1994 1092 2022 vento
1105 1992 1269 2021 morante
1280 2011 1289 2029 ,
1310 1984 1445 2020 detenti
1462 1990 1546 2018 sunt
1557 2010 1568 2027 ,

882 2039 995 2075 donec
1012 2039 1055 2074 ad
1072 2037 1284 2086 placandum
1301 2034 1390 2072 Deae
1407 2049 1543 2071 numen
1558 2061 1568 2080 ,

881 2092 990 2127 filiam
1016 2091 1239 2139 Iphigeniam
1263 2103 1389 2136 regum
1417 2102 1478 2124 rex
1499 2089 1570 2124 im-

881 2145 1076 2180 molaverit.
1110 2142 1194 2178 Vid.
1228 2141 1388 2189 Euripid.
1418 2141 1541 2176 drama
1558 2168 1568 2185 ,

882 2197 977 2244 quod
1006 2197 1116 2243 Iphzgr.
1150 2200 1186 2231 in
1212 2197 1331 2231 Aulid.
1358 2195 1570 2230 inscribitur.

880 2249 1021 2286 Lucret.
1033 2255 1047 2284 1
1061 2276 1070 2294 ,
1089 2250 1150 2294 84,
1169 2256 1204 2284 et
1215 2262 1290 2295 sqq.
1302 2249 1402 2295 Virg.
1415 2248 1501 2283 AEn.
1516 2259 1545 2282 11
1557 2262 1566 2289 ‚-

885 2318 898 2338 1
908 2304 960 2347 163
970 2301 1294 2348 etNostrum,Met.
1303 2312 1371 2345 ΧΠ,
1382 2312 1438 2348 η,
1449 2307 1484 2336 et
1494 2313 1567 2346 sqq.

924 2357 955 2400 4.
967 2356 1026 2391 Ah
1035 2356 1044 2390 .'
1054 2369 1116 2390 mc.
1128 2356 1164 2390 A
1173 2354 1435 2389 mePuteaneus
1445 2360 1569 2389 etocto

882 2409 938 2444 alii
957 2422 965 2444 :
982 2409 1073 2443 sorte
1086 2415 1191 2443 recte.
1204 2407 1290 2454 Sup.
1299 2407 1368 2454 Ep.
1379 2418 1453 2441 vul
1462 2434 1472 2449 ‚
1488 2421 1498 2441 ι
1512 2419 1566 2441 10:

913 2465 1025 2499 Quaque
1036 2465 1096 2490 licet
1109 2463 1182 2497 fugio
1191 2483 1199 2496 ,
1211 2463 1280 2490 sicut
1294 2463 1327 2488 ab
1337 2463 1411 2489 hoste
1419 2482 1428 2493 ,
1440 2463 1537 2488 virum.

880 2509 1049 2550 Heinsius
1066 2513 1238 2558 malebat,
1256 2517 1296 2548 at
1310 2526 1372 2547 me.
1389 2512 1520 2547 Bumn.

926 2581 955 2615 7.
982 2564 1088 2602 Plura
1104 2569 1186 2601 viro.
1207 2567 1304 2608 Meo,
1326 2565 1542 2613 Aprosianus
1555 2580 1565 2599 ε

879 2628 920 2657 ut
935 2634 1025 2667 saepe
1037 2633 1146 2662 meus,
1164 2624 1241 2655 tuus
1252 2647 1261 2661 ‚
1281 2626 1317 2654 et
1334 2632 1415 2655 suus
1424 2619 1565 2655 Nostro.

924 2674 954 2708 8.
974 2675 1100 2708 Dicere
1114 2676 1230 2708 mulla.
1243 2674 1366 2714 Plura,
1386 2684 1513 2718 magna
1530 2671 1564 2705 li-

878 2727 972 2762 bror.
982 2740 1060 2774 pars
1073 2740 1079 2761 :
1093 2725 1187 2773 quod
1199 2724 1342 2769 arridet,
1355 2731 1395 2760 ut
1405 2724 1564 2771 superio·-

878 2793 960 2815 rum
970 2780 1014 2815 sit
1025 2779 1197 2826 repetitio.
1205 2778 1464 2814 H.-Am'denl
1471 2777 1565 2812 mul—

880 2839 927 2877 ta,
946 2845 1022 2880 quae
1032 2845 1107 2869 non
1119 2832 1199 2867 ideo
1210 2838 1343 2867 temere
1355 2829 1564 2876 accipienda.
