1884 3112
316 238 374 294 54

767 240 1114 286 EPISTOLA
1154 245 1254 287 III.

310 332 483 395 Viginti
506 330 648 380 fulvos
674 349 860 398 operoso
886 351 938 380 ex
960 350 1044 386 aere
1068 332 1254 392 lebetas,

377 410 438 456 Et
462 408 657 474 tripodas
681 419 870 472 septem,
897 408 1093 473 pondere
1118 421 1161 458 et
1183 421 1274 468 arte
1298 429 1449 476 pares:

312 485 476 535 Addita
499 497 603 533 sunt
626 483 713 531 illis
737 485 830 532 auri
852 484 923 532 bis
949 485 1144 551 quinque
1168 485 1358 545 talenta;

376 562 453 609 Bis
478 580 573 618 sex,
600 560 768 608 adsueti
792 561 962 618 vincere
986 581 1177 629 semper,
1205 563 1334 629 equi:

311 639 547 704 Quodque*
558 657 894 704 supervacuum,
920 637 1061 687 forma
1084 652 1320 706 praestante
1344 639 1502 707 puellae
1683 655 1726 690 35

375 715 606 773 Lesbides,
633 733 779 763 eversa
803 734 987 781 corpora
1011 728 1137 782 capta
1159 717 1315 778 domo3

311 792 509 858 Cumque
532 803 601 839 tot
622 791 713 848 his,
740 791 817 839 sed
839 811 931 839 non
955 812 1068 859 opus
1091 806 1157 842 est
1181 795 1264 842 tibi
1289 795 1496 860 conjuge,
1522 794 1681 860 conjux

372 872 440 918 Ex
462 869 822 932 Agamemnoniis
847 888 935 917 una
959 869 1105 936 puella
1128 871 1286 919 tribus.

309 946 357 994 Si
382 947 465 995 tibi
489 947 543 994 ab
567 947 725 994 Atrida
746 947 889 1012 pretio
912 947 1165 995 redimenda
1189 947 1391 1005 fuissem,

374 1023 487 1086 Quae
516 1023 615 1072 dare
642 1023 874 1080 debueras,
901 1023 1094 1089 accipere
1118 1023 1193 1071 illa
1215 1025 1377 1085 negas?
1683 1037 1726 1081 4ο

311 1099 413 1162 Qua
435 1099 574 1147 merui
598 1098 727 1164 culpa
749 1099 844 1147 fieri
869 1099 951 1147 tibi
974 1098 1091 1156 vilis,
1117 1098 1317 1147 Achille?

373 1174 478 1237 Quo
501 1173 607 1223 levis
632 1193 657 1222 a
678 1174 811 1222 nobis
836 1186 924 1223 tam
947 1175 1035 1223 cito
1059 1174 1176 1236 fugit
1198 1175 1351 1222 amor?

302 1353 430 1384 preces.
443 1342 600 1375 Blandus
601 1353 730 1385 preces,
740 1341 890 1375 Puteani
897 1340 983 1375 liber

308 1405 390 1426 cum
405 1392 543 1437 reliquis
558 1392 728 1438 plerisque
743 1406 750 1427 :
767 1393 821 1427 alii
838 1400 988 1438 quatuor

310 1456 391 1478 cum
414 1444 631 1478 NIenteliano
648 1470 656 1486 ‚
684 1446 815 1478 blandae
837 1457 956 1487 preces
970 1456 983 1486 ,·

310 1495 402 1541 quod
427 1495 619 1540 genuinum
644 1495 791 1530 Nasonis
813 1495 962 1529 arbitror
975 1522 984 1539 ,

311 1560 420 1593 quum
429 1551 461 1582 τὸ
469 1549 612 1591 grandia
622 1549 711 1581 dona
718 1547 830 1592 quarti
838 1560 933 1581 casus
943 1546 985 1581 ad

309 1599 488 1645 sequentia
503 1599 545 1634 sit
560 1599 806 1641 referendum3
833 1598 868 1632 id
891 1598 985 1644 quod

310 1651 443 1686 Douzae
457 1651 636 1686 arridebat.
651 1651 725 1686 Nisi
738 1653 864 1685 lebetes
877 1658 912 1685 et
925 1655 987 1685 tri-

305 1706 414 1749 podes
428 1716 509 1738 mox
522 1703 630 1749 legas,
645 1704 735 1737 utin
749 1702 866 1737 multis
878 1715 985 1736 manu

311 1755 454 1791 exaratis
481 1754 611 1789 offendi
624 1769 633 1796 3
661 1761 696 1789 et
731 1761 807 1788 tum
841 1756 985 1788 blandas

305 1820 424 1852 preces
445 1806 647 1847 admittam3
663 1805 720 1840 sed
743 1813 778 1840 et
797 1806 865 1840 hoc
881 1806 984 1840 vitio—

311 1859 460 1895 sum.Sic
468 1859 559 1904 apud
568 1858 754 1904 Virgilium
762 1858 982 1901 111.AEn.466‚

310 1911 433 1956 optimi
448 1910 555 1945 MSS.
574 1912 826 1954 Dodonoeosque
845 1912 985 1944 lebetas.

310 1962 397 1997 Stat.
410 1974 443 1996 x.
457 1962 568 1996 Theb.
586 1974 657 1996 101.
670 1975 710 1996 ex
725 1962 804 1996 MS.
825 1963 984 2005 Tapetas.

310 2015 444 2049 HEINS.
461 2014 537 2060 Ego
552 2015 683 2048 blanda·
690 2027 809 2058 preces
822 2014 959 2048 retineo
973 2029 981 2056 3

307 2065 388 2100 licet
395 2066 490 2100 enim
495 2068 638 2110 grandia
645 2073 757 2102 essent
764 2068 863 2105 dona,
877 2079 984 2100 auxe—

311 2121 443 2160 runtea,
453 2124 487 2151 et
498 2117 647 2162 pretium
655 2117 767 2162 majus
776 2117 984 2153 addiderunt

314 2170 447 2202 blanda·
468 2181 596 2213 preces.
613 2169 742 2204 Sensus
761 2169 854 2203 idem
869 2169 905 2203 in
921 2169 983 2204 illis

313 2219 470 2254 Terentii
487 2220 659 2254 Eunuchi.
674 2232 716 2265 11,
734 2235 746 2255 1
759 2234 766 2254 :
777 2222 901 2255 Munus
910 2234 983 2255 nos-

311 2276 396 2306 trum
409 2276 526 2306 ornato
538 2274 656 2306 verbis.
964 2311 967 2313 ι

355 2324 409 2359 31.
429 2323 678 2368 W'ffl'ntifulpos
689 2330 751 2358 etc.
766 2323 899 2359 Omnia
910 2325 984 2359 haec

314 2388 354 2410 ex
371 2376 531 2410 Homero
545 2401 555 2419 ,
571 2385 605 2418 1,
626 2375 688 2418 264
701 2382 737 2409 et
750 2389 823 2420 sqq.

355 2434 408 2478 34.
430 2437 496 2469 Bis
507 2447 579 2469 sex.
594 2435 635 2468 In
654 2434 742 2469 libro
759 2435 908 2479 Aldino,
924 2435 982 2480 qui

311 2498 405 2519 anno
418 2497 458 2520 M.
468 2498 502 2521 Ι).
511 2487 744 2531 11.impressus
751 2493 814 2530 est,
825 2487 903 2521 etin
911 2499 982 2521 uno

312 2537 423 2571 Vatic.
440 2540 491 2571 bis
501 2542 626 2582 septem
639 2538 876 2583 legitur:male
889 2538 984 2584 prio-

311 2600 389 2622 rem
413 2588 597 2624 lectionem
621 2590 750 2624 retinet
772 2590 858 2624 alter
871 2590 983 2624 Vatic.

311 2646 346 2673 et
363 2639 541 2675 Homerus
556 2641 758 2686 comprobat
771 2642 826 2675 lib.
841 2641 912 2686 jam
926 2641 982 2676 ci—

310 2697 382 2725 tato
396 2716 407 2735 ,
425 2691 488 2726 265
504 2704 513 2726 ;

549 2770 556 2776 .
567 2769 574 2777 .
586 2770 593 2777 .
619 2745 734 2779 δώδεκα
752 2744 781 2779 θ’
792 2749 895 2783 ἵππους

1094 1333 1210 1384 Πηγ-εὺς
1219 1365 1228 1383 ,
1252 1340 1446 1384 ἀθλοφόρους,
1461 1342 1491 1373 οἳ
1503 1338 1607 1374 ἀέθλια
1617 1343 1724 1374 ποσσὶν

1183 1394 1299 1437 ἄροντο.

1049 1459 1093 1469 —-
1107 1445 1254 1478 Vincere.
1268 1441 1426 1487 Quidam
1438 1441 1572 1476 codices
1578 1450 1724 1483 cumve}

1051 1507 1127 1538 quae
1149 1494 1250 1529 lectio
1259 1521 1269 1538 ‚
1292 1494 1371 1528 licet
1394 1507 1435 1528 ex
1455 1493 1563 1539 glossa
1586 1491 1725 1527 videtur

1050 1559 1120 1580 esse
1134 1573 1143 1589 ,
1165 1553 1279 1591 posset
1303 1553 1420 1580 tamen
1447 1544 1588 1580 defendi
1615 1544 1724 1580 altero

1051 1597 1169 1633 Ovidii
1184 1598 1277 1641 loco,
1300 1611 1325 1631 1.
1339 1597 1382 1631 de
1397 1597 1501 1631 Pont.
1515 1596 1611 1642 Eleg.
1626 1607 1691 1630 111:

1065 1658 1203 1691 Quamque
1215 1657 1274 1681 lieet
1287 1657 1369 1689 longis
1382 1656 1498 1682 cursibus
1508 1661 1584 1689 aptus
1597 1663 1690 1688 equus.

1050 1706 1120 1741 Sed
1129 1710 1260 1740 vincere
1267 1705 1323 1740 hic
1332 1712 1382 1740 est
1393 1703 1566 1740 currendo
1572 1703 1721 1740 vincere.

1051 1760 1184 1794 Hnms.

1092 1811 1144 1844 35.
1161 1812 1316 1855 Quodque
1326 1821 1559 1854 supervacuum
1567 1814 1630 1842 etc.
1642 1806 1724 1841 Mu-

1048 1861 1222 1905 liebriter,
1240 1874 1306 1896 nec
1328 1861 1400 1896 sine
1421 1859 1572 1895 invidia:
1589 1864 1723 1894 terrent

1049 1913 1145 1947 enim
1168 1912 1329 1948 Lesbides
1350 1911 1472 1958 puellae
1485 1938 1494 1955 ,
1517 1910 1597 1956 quia
1606 1910 1723 1955 forma

1042 1968 1231 2009 pra-slant,·
1252 1971 1361 1999 terret
1375 1963 1484 2010 magis
1497 1989 1507 2007 ‚

1096 2025 1137 2050 Ex
1148 2024 1358 2057 Agamemnoniis
1369 2032 1420 2048 uun
1429 2023 1515 2056 puella
1522 2022 1605 2047 tribus
1613 2040 1624 2054 ‚

1049 2086 1126 2119 quae
1141 2074 1264 2118 conjux
1281 2072 1403 2107 Achilli
1419 2072 1460 2106 ab
1477 2070 1599 2106 Atrida
1614 2072 1722 2106 offer-

1048 2133 1124 2166 tur;
1142 2126 1220 2170 quia
1239 2138 1304 2159 non
1320 2137 1402 2168 opus
1421 2130 1473 2158 est
1491 2123 1539 2157 illi
1554 2123 1695 2166 conjuge
1708 2149 1717 2162 ,

1049 2178 1107 2223 qui
1122 2178 1244 2212 habeat
1256 2172 1420 2211 Briseida.
1433 2174 1566 2210 Omnia
1578 2174 1651 2209 haec
1664 2174 1722 2208 in-

1049 2229 1186 2275 geniose
1198 2243 1205 2270 ¹,
1218 2240 1298 2262 vere
1316 2234 1433 2262 tamen
1444 2253 1454 2271 ‚
1469 2226 1549 2272 quia
1563 2239 1582 2260 e
1595 2231 1721 2260 natura

1048 2280 1234 2326 loquentis.

1091 2332 1143 2366 36.
1169 2333 1312 2376 Corpora
1325 2335 1437 2375 capla.
1451 2329 1596 2375 Proprie
1615 2329 1720 2364 locu-

1047 2390 1103 2418 tus
1117 2396 1124 2417 ε
1139 2383 1175 2417 in
1195 2383 1396 2418 servitutem
1413 2382 1508 2416 enim
1521 2381 1651 2416 redacti
1665 2381 1720 2414 vix

1047 2435 1234 2470 hominum
1259 2434 1402 2469 nomine
1431 2433 1528 2479 digni
1546 2458 1555 2476 ,
1583 2444 1720 2476 corpora

1049 2494 1187 2521 tantum
1198 2487 1424 2521 vocabantur:
1431 2484 1499 2519 vid.
1506 2484 1528 2518 l.
1536 2494 1636 2517 xun.
1649 2481 1677 2527 S.
1687 2496 1717 2529 9.

1046 2540 1083 2573 ss.
1101 2540 1143 2572 de
1160 2541 1226 2573 ritu
1241 2542 1333 2583 nupt.
1351 2544 1386 2573 et
1408 2537 1455 2572 ita
1468 2534 1591 2581 passim
1605 2533 1719 2569 Graeci

1049 2592 1190 2634 σώματα.
1210 2590 1339 2624 BURM.

1091 2643 1144 2684 40.
1166 2642 1290 2684 Negas.
1317 2639 1440 2674 Malim
1454 2665 1463 2681 ‚
1491 2649 1612 2681 neges,
1635 2649 1717 2671 cum

1048 2692 1155 2727 altero
1176 2691 1392 2726 Scriveriano
1405 2717 1414 2735 ,
1435 2702 1497 2736 per
1517 2690 1716 2734 interroga-

1047 2744 1190 2778 tionem.
1206 2744 1336 2778 HEINS.
