1884 3112
673 229 1152 281 CONSOLATIO.
1536 232 1622 288 423

267 325 479 392 Duraque
497 342 580 393 per
601 342 734 376 saevas
757 324 933 381 vincula
955 343 1066 374 nexa
1085 342 1270 384 manus3

204 403 267 452 Et
289 402 467 452 {andem
491 402 690 470 trepidos
714 402 889 462 vultus;
909 403 1044 470 inque
1067 401 1144 452 illa
1164 402 1361 452 ferocum
1565 416 1632 462 275

270 479 428 528 Invitis
449 478 648 529 lacrimas
670 479 869 532 decidere
892 498 970 529 ora
995 480 1133 543 genis.

208 555 401 624 Spiritus
422 556 497 607 ille
520 558 688 616 minax,
713 569 759 608 et
781 558 920 607 Drusi
942 569 1086 607 morte
1105 556 1325 624 superbus
1338 594 1352 616 ,

274 635 481 685 Carnifici
503 636 551 684 in
573 649 732 687 moesto
759 655 930 686 carcere
954 634 1127 684 dandus
1144 635 1241 684 erit.

210 714 484 772 Consistam‚
504 713 710 781 'laetisque
735 714 898 774 oculis,
924 713 1162 779 lentusque
1179 711 1342 761 videbo

273 792 420 842 Strata
439 809 520 858 per
543 792 769 842 obscaenas
791 811 981 860 corpora
1003 791 1124 841 nuda
1146 791 1253 840 vias.
1571 804 1638 837 πιθα

211 870 345 919 Hunc
365 869 543 917 Aurora
565 866 703 925 diem,
728 869 979 936 spectacula
1002 880 1124 918 tanta
1146 867 1384 925 ferentem,

276 946 425 1010 Quam
446 945 641 1013 primum
663 945 831 995 croceis
855 947 1029 998 roscida
1050 958 1202 1014 portet
1224 945 1364 1013 equis.

210 1023 365 1089 Adjice
388 1022 594 1081 Ledaeos,
620 1022 861 1071 concordia
883 1021 1046 1079 sidera,
1068 1024 1247 1082 fratres;

275 1098 550 1166 Templaque
569 1100 775 1148 Romano
795 1097 1112 1165 conspicienda
1132 1097 1245 1146 foro.

215 1176 363 1241 Quam
386 1194 522 1243 parvo
543 1194 754 1224 numeros
775 1175 978 1242 implevit
996 1173 1213 1242 principis
1238 1192 1354 1231 aevo,
1578 1187 1642 1220 285

280 1256 336 1304 In
354 1254 544 1322 patriam
564 1253 734 1303 meritis
759 1254 1059 1320 occubuitque
1084 1271 1217 1302 senex
1235 1253 1246 1300 ἱ

216 1333 311 1382 Nec
333 1351 414 1382 sua
434 1332 701 1399 conspiciet,
726 1332 936 1381 miserum
959 1333 1054 1381 mel
1081 1349 1263 1380 munera
1285 1330 1481 1387 Drusus,

282 1412 375 1460 Nec
398 1429 477 1460 sua
499 1430 583 1478 pro
601 1409 756 1477 templi
778 1411 960 1459 nomina
982 1410 1129 1478 fronte
1152 1409 1292 1474 leget!

221 1488 345 1557 Saepe
368 1489 512 1546 Nero,
536 1487 823 1546 illacrimans,
849 1487 1071 1537 submissa
1091 1507 1199 1537 voce
1217 1486 1450 1554 loquetur:

289 1565 383 1615 Cur
403 1564 522 1616 aden}
534 1564 714 1625 fratres,
737 1565 848 1615 heu!
872 1563 968 1615 sine
990 1565 1146 1625 fratre,
1172 1564 1325 1614 Deos?
1585 1587 1651 1622 290

217 1709 436 1757 merga-illos
445 1710 584 1747 Drusus
595 1718 746 1758 gesserat
757 1737 767 1756 ,
797 1724 909 1758 quem

220 1763 278 1798 vel
290 1763 355 1809 ipsi
365 1762 482 1800 hostes
494 1789 505 1807 ,
519 1770 609 1799 late
620 1764 756 1799 Seneca
768 1790 778 1808 ,
798 1763 906 1799 Con—

223 1814 321 1852 solnt.
336 1813 380 1851 ad
398 1815 593 1860 Marciam,
611 1827 677 1859 111,
695 1830 815 1861 agrum
831 1830 907 1852 cum

224 1871 442 1904 oenomao„
450 1875 487 1904 et
499 1881 584 1915 pace
597 1877 721 1904 mutua
726 1882 908 1914 prosequo-

226 1927 362 1965 κώπη·
385 1935 454 1958 nec
466 1927 582 1968 optare
600 1925 691 1969 quod
707 1925 911 1969 expediebat

228 1974 411 2010 auderent.

272 2027 349 2062 280.
363 2028 481 2062 Strata
489 2039 555 2072 per
563 2028 761 2062 osbscaenas
772 2039 911 2072 corpora
931 2021 939 2024 ’

220 2081 322 2115 tanda
339 2083 426 2115 vias.
452 2079 536 2114 Mos
557 2086 633 2114 erat
656 2079 852 2126 occisorum
873 2080 911 2114 in

229 2138 368 2168 carcere
395 2144 542 2178 corvom
563 2131 660 2166 nuda
680 2131 771 2166 soede
789 2130 912 2177 projici

230 2185 374 2231 pervias
385 2184 514 2219 vicinas
522 2210 531 2228 ,
553 2195 630 2230 quae
640 2182 721 2218 ideo
733 2185 911 2226 obscene,

224 2236 267 2271 id
283 2242 336 2272 est
347 2262 358 2281 ‚
379 2236 471 2271 male
487 2236 657 2271 ominosoe
674 2235 914 2270 habebantur:

232 2295 520 2334 memoraturque
537 2301 556 2323 a
571 2287 690 2322 Dione
701 2312 712 2330 ‚
730 2297 821 2322 Lvm
835 2312 844 2330 ,
861 2292 916 2321 tot

232 2339 327 2375 inter
337 2352 414 2386 quae
424 2340 546 2386 Seiani
556 2346 711 2374 mortem
722 2339 916 2384 portende-

232 2400 334 2438 rent,
353 2393 448 2440 quod
465 2394 555 2429 servi
573 2394 650 2439 eius
662 2419 672 2437 ,
698 2405 742 2428 eo
759 2393 834 2439 ipso
859 2393 916 2428 die

235 2458 306 2492 quo
319 2452 438 2492 captus
455 2452 525 2488 est,
542 2446 581 2480 in
601 2445 694 2479 viam
710 2444 918 2480 diverterint

236 2510 314 2544 que
328 2497 478 2533 ducebat
492 2497 535 2532 ad
550 2510 727 2532 carcerem
736 2523 746 2541 ,
764 2497 918 2543 lapsique

235 2548 428 2586 ceciderint
438 2561 502 2595 per
511 2549 616 2585 scalas
626 2549 828 2585 Gemonias
839 2549 920 2585 des-

236 2601 438 2644 cendentes.

281 2656 356 2691 283.
380 2655 508 2700 Adjice
535 2656 676 2690 Ledaeos
695 2682 706 2697 ‚
741 2657 922 2690 concordia

239 2708 511 2753 stilera,fmtms.
527 2721 544 2737 κ
558 2707 624 2743 His
642 2708 735 2752 (Tib.
753 2715 789 2743 et
800 2707 921 2751 Drus.)

242 2760 312 2795 scio
335 2759 500 2806 equidem
518 2759 656 2795 nullum
682 2759 775 2796 aliud
787 2786 801 2805 r
816 2771 923 2806 quaxn

974 1711 1129 1747 Castoris
1145 1718 1181 1746 et
1192 1710 1342 1747 Pollucis
1351 1736 1362 1754 ‚
1377 1709 1554 1756 specimen
1566 1721 1653 1745 con-

970 1766 1171 1812 sanguineae
1192 1764 1368 1801 charitatis
1396 1763 1651 1799 convenienter

972 1818 1197 1864 adjici‘posse.
1217 1833 1236 1848 υ
1254 1817 1332 1852 Val.
1348 1817 1443 1851 Max.
1458 1827 1492 1850 V.
1504 1841 1513 1859 ,
1534 1817 1565 1849 5.
1582 1815 1657 1850 Pu-

971 1870 1044 1905 tida
1059 1870 1134 1905 haec
1155 1870 1300 1915 quidem
1318 1869 1493 1910 adulatio;
1520 1875 1655 1903 constat

973 1929 1094 1957 tamen
1111 1922 1296 1957 Tiberium
1315 1919 1525 1958 Concordiae
1540 1926 1576 1954 et
1593 1919 1656 1954 Le-

975 1974 1134 2015 daeorum
1158 1973 1248 2009 aedes
1271 1974 1498 2016 instaurasse,
1523 1984 1656 2017 suoque

975 2033 1011 2061 et
1031 2026 1138 2061 Drusi
1154 2025 1272 2060 fratris
1294 2025 1460 2067 nomine,
1485 2024 1565 2059 licet
1587 2023 1658 2058 de—

976 2078 1088 2112 suncti
1112 2104 1121 2121 ,
1150 2077 1358 2123 inscripsisse
1371 2103 1382 2121 ‚
1417 2084 1458 2111 ut
1476 2076 1635 2111 amicitiae
1652 2103 1662 2119 ,

977 2142 1055 2175 quae
1071 2130 1167 2164 vivos
1181 2130 1413 2174 conjunxerat
1427 2155 1436 2172 ,
1453 2141 1658 2164 mansuram

978 2181 1070 2227 apud
1093 2188 1250 2227 posteros
1276 2182 1408 2216 samam
1430 2187 1661 2216 consecraret.

978 2234 1038 2269 De
1060 2234 1117 2268 illa
1150 2233 1273 2279 templi
1307 2232 1517 2268 Concordiae
1533 2257 1543 2276 ,
1567 2232 1663 2278 quod

980 2286 1064 2321 olim
1082 2285 1209 2321 Furius
1227 2293 1390 2330 voverat,
1412 2285 1665 2320 instauratione

980 2339 1144 2373 meminit
1159 2351 1299 2384 quoque
1311 2338 1461 2374 Ovidius
1478 2339 1664 2374 Fastorum

981 2390 1070 2425 libro
1081 2402 1095 2425 ι
1108 2417 1118 2435 ,
1139 2390 1204 2438 637
1216 2417 1227 2435 ,
1249 2403 1324 2436 sqq.

1027 2445 1101 2478 285.
1120 2445 1230 2487 Quam
1237 2456 1342 2488 parvo
1355 2455 1507 2478 numeros
1519 2443 1670 2486 implevi!

977 2498 1143 2541 pn‘nce'm's
1150 2508 1219 2530 aeoo
1231 2497 1240 2531 .·'
1254 2496 1444 2542 Eleganter
1453 2493 1647 2529 admodum
1655 2520 1665 2534 ‚

984 2561 1049 2594 pro
1066 2562 1075 2583 ι
1095 2561 1203 2595 quam
1224 2549 1323 2583 brevi
1349 2560 1526 2583 annorum
1551 2546 1664 2592 spatio

984 2602 1145 2647 princeps
1168 2601 1296 2636 exstitit
1321 2600 1479 2637 numeris
1502 2599 1667 2634 omnibus

986 2653 1173 2688 absolutus!
1186 2654 1388 2690 Numerum
1396 2651 1598 2698 adimplevit
1606 2651 1670 2685 vir-

986 2714 1126 2749 tutum,
1158 2718 1236 2751 quae
1262 2705 1457 2751 principem
1479 2704 1674 2739 absolvunt.

1034 2765 1109 2806 990·-
1135 2761 1206 2794 Cur
1215 2760 1303 2793 adeo
1315 2758 1448 2804 fratres
1462 2784 1471 2797 ,
1495 2757 1582 2792 heu!
1600 2758 1677 2790 sine
