1884 3112
305 220 387 274 106

784 222 1134 266 EPISTOLA
1165 225 1223 270 V.

338 315 579 381 AEquora‚
602 313 821 376 legitimos
843 290 1171 379 destituantque
1193 325 1331 362 toros.

294 391 355 439 At
374 410 511 457 quum
526 409 694 476 pauper
716 407 830 446 eras,
852 401 1134 456 armentaque
1154 400 1310 455 pastor
1332 389 1514 452 agebas,

359 466 519 524 Nulla,
537 466 623 514 nisi
641 466 854 524 OEnone,
879 466 1088 533 pauperis
1110 485 1225 515 uxor
1245 472 1466 516 erat..
1664 485 1709 518 8ο

294 545 397 593 Non
422 563 503 607 ego
527 544 665 591 miror
689 561 816 609 opes,
837 562 917 592 nec
941 563 1010 592 me
1035 555 1110 592 tua
1128 544 1249 607 regia
1272 544 1433 628 tangit,

358 622 449 669 Nec
469 620 521 669 de
538 632 615 668 tot
637 620 800 669 Priami
822 620 940 669 dicar
960 632 1012 668 ut
1029 639 1118 669 una
1135 639 1288 668 nurus.

294 699 399 760 Non
422 709 567 745 tamen
590 709 640 745 ut
662 697 862 746 Priamus
884 697 1101 764 Nymphae
1121 716 1247 745 socer
1268 715 1363 746 esse
1384 708 1580 758 recuset;

358 773 452 821 Aut
475 773 671 836 Hecubae
694 773 852 822 fuerim
874 773 1190 833 dissimulanda
1208 770 1363 822 nurus.

294 850 528 917 Dignaque
553 869 671 909 sum,
699 862 742 899 et
765 851 897 917 cupio
921 850 1017 899 fieri
1036 862 1236 899 matrona
1255 851 1480 917 potentis:
1651 866 1712 902 ‚85

360 928 474 976 Sunt
495 928 628 986 mihi,
649 947 757 995 quas
781 928 958 995 possint
982 940 1152 995 sceptra
1173 928 1344 987 decere,
1364 947 1533 978 manus.

294 1007 387 1055 Nec
402 1025 469 1054 me
482 1042 495 1064 ,
518 1005 690 1068 faginea
715 1005 838 1071 quod
855 1017 1000 1054 tecum
1018 1006 1176 1055 fronde
1196 1005 1395 1074 jacebam
1408 1043 1421 1064 ‚

294 1173 373 1216 reti,
388 1179 423 1207 et
436 1172 672 1208 Mentelianus
684 1172 804 1217 codex,
817 1180 852 1208 et
863 1173 972 1208 Fran-

295 1223 359 1260 cos.
384 1225 508 1270 aliique
525 1224 689 1259 nonnulli
704 1238 745 1259 ex
767 1225 972 1271 praecipuis:

294 1285 407 1319 recte;
436 1277 494 1323 qui
516 1276 682 1323 loquendi
702 1277 828 1312 modus
843 1278 973 1313 Nostro

296 1330 483 1365 familiaris.
493 1330 616 1365 Amor.
631 1340 689 1374 111,
702 1329 799 1376 Eleg.
814 1341 898 1374 vm,
915 1332 972 1366 15:

294 1391 374 1415 Laeva
385 1398 491 1421 manus,
513 1390 556 1415 cui
568 1399 639 1415 nune
657 1397 744 1415 serum
757 1389 824 1414 male
840 1389 960 1415 convenit

391 1447 499 1468 ¹aurum.

297 1487 450 1534 Epistola
467 1486 646 1533 Sapphus,
669 1487 730 1521 183
746 1499 754 1521 z

296 1548 332 1573 Gr
333 1553 374 1572 nat
359 1548 539 1582 amilyrampo
523 1547 590 1572 initu
582 1546 618 1571 'bi
621 1544 735 1578 ‚Phoebe
738 1546 850 1579 ,rpoetia
835 1547 892 1571 aas
893 1545 971 1579 ppho.

332 1596 457 1622 Conuenit
469 1596 513 1620 illa
525 1595 609 1626 mihi,
638 1603 717 1620 οινιιιν
718 1594 872 1620 iitllatihb

303 1643 472 1679 Ceterum
487 1648 671 1689 sequantur
683 1643 789 1677 etiam
809 1649 845 1677 et
860 1645 974 1677 desti-

299 1700 411 1736 tuant,
425 1695 502 1730 libri
515 1695 666 1741 potiores
681 1701 884 1740 agnoscunt,
899 1706 974 1728 non

297 1752 480 1793 sequuntur
490 1753 525 1782 et
539 1749 728 1781 destituunt
732 1774 740 1788 ,
759 1759 840 1786 cum
853 1745 975 1791 vulga-

297 1800 349 1834 tis.
368 1800 501 1834 Hssms.

345 1852 395 1897 78.
421 1853 534 1886 Toros.
546 1850 686 1885 Primus
704 1849 954 1884 Ambrosianus
963 1874 972 1891 ‚

300 1904 385 1939 alter
406 1903 568 1938 Mentelii
598 1909 632 1937 et
667 1901 801 1937 Mon-eti
814 1927 824 1945 ,
853 1904 943 1935 vitos
958 1911 971 1942 ,·

298 1955 358 1990 sed
375 1955 430 1990 alii
452 1967 575 1989 omnes
600 1959 714 1996 loms‚·
739 1953 832 1999 quod
850 1965 974 1987 verum

297 2014 392 2053 puto.
407 2007 537 2042 Bunm.

343 2060 397 2094 80.
414 2060 536 2100 Nulla,
557 2061 629 2093 nisi
640 2058 769 2092 OEnone
781 2063 844 2092 etc.
864 2056 976 2102 Quasi

301 2111 407 2146 dicat:
417 2110 548 2145 Priami
560 2110 671 2144 filiurn
683 2109 755 2143 aliae
766 2115 974 2154 sequuntur,

301 2162 489 2197 ambitione
501 2162 625 2209 magis,
639 2174 745 2207 quam
761 2173 878 2195 amore
895 2160 975 2194 duc-

302 2223 367 2249 tae:
386 2222 420 2249 at
441 2227 504 2260 ego
527 2214 710 2256 Paridem,
729 2225 839 2258 quum
860 2219 975 2258 pastor

301 2273 336 2301 et
356 2279 512 2312 pauper,
545 2266 642 2312 sequi
667 2278 740 2300 non
767 2278 846 2300 sum
869 2265 975 2299 dedi-

300 2325 412 2364 gnata.

344 2370 397 2404 81.
412 2371 486 2406 Nec
494 2382 545 2404 me
555 2374 613 2404 tua
623 2373 713 2414 regia
722 2372 839 2413 tangil.
847 2368 974 2404 Iisdem

301 2423 374 2467 jam
385 2422 498 2457 verbis
512 2422 642 2470 Phyllis
659 2421 701 2455 ad
720 2415 983 2466 Demophoon-

303 2481 397 2517 tem,
423 2475 489 2522 89.
508 2475 580 2509 Nec
596 2478 629 2508 te
644 2486 720 2507 mea
737 2476 829 2517 regia
851 2476 976 2516 tanget.

304 2525 480 2560 Vitiosum
500 2526 638 2566 sorsan;
661 2524 721 2559 sed
737 2525 791 2558 vix
806 2524 976 2569 effugien-

303 2576 410 2610 dum‘
402 2590 437 2611 m
449 2584 519 2611 tam
529 2577 703 2622 frequenti
715 2587 976 2610 rerum-earum-

304 2627 385 2662 dem
401 2629 609 2663 recursione.

347 2679 397 2713 83.
417 2682 492 2714 Non
504 2684 615 2728 lamen
625 2685 664 2714 ut
671 2682 833 2714 Pu’amus.
849 2680 976 2724 Perpe-

302 2744 379 2765 ram
403 2731 544 2776 quidam
566 2732 777 2774 rescribunt²
801 2735 863 2765 aut
876 2732 977 2765 Pria—-

1034 1186 1116 1209 mus.
1144 1174 1303 1220 Propert.
1332 1184 1381 1218 11,
1411 1173 1508 1220 Eleg.
1532 1183 1581 1208 xv
1590 1198 1600 1217 ‚
1628 1186 1667 1207 αι
1682 1185 1689 1208 z

1050 1234 1081 1258 N
1080 1242 1112 1258 on
1120 1239 1212 1258 tamen
1222 1238 1249 1258 ut
1258 1238 1345 1258 vasto·
1355 1233 1439 1258 ausim
1449 1238 1547 1258 tenure
1558 1232 1651 1258 leones.

1038 1281 1221 1327 Virgilius,
1239 1281 1322 1316 AEn.
1339 1292 1414 1325 ΧΠ,
1431 1282 1516 1316 813:

1053 1342 1192 1366 Iuturnam
1199 1360 1208 1372 ‚
1221 1341 1313 1373 fateor,
1326 1341 1420 1367 misero
1432 1348 1582 1365 succurrere
1590 1338 1667 1365 frou-i

1054 1389 1128 1415 Suasi
1134 1409 1144 1421 ,
1157 1395 1182 1414 et
1195 1398 1243 1423 pro
1255 1388 1310 1415 vitu
1321 1390 1419 1422 majora
1427 1388 1522 1414 nudem
1532 1388 1641 1422 pmhvi
1651 1397 1661 1421 ς

1054 1439 1117 1463 Non
1129 1443 1156 1463 ut
1167 1439 1217 1463 tela
1228 1444 1332 1471 tamon,
1344 1446 1396 1463 non
1409 1442 1438 1462 ut
1450 1437 1614 1463 contenderet
1625 1445 1696 1462 neu.

1040 1486 1098 1521 Sic
1113 1493 1148 1521 et
1165 1486 1269 1521 ovid.
1284 1498 1330 1521 111
1343 1513 1352 1531 ,
1369 1486 1446 1521 Art.
1463 1486 1580 1520 Amat.
1595 1497 1671 1533 ²⁰9·

1083 1538 1135 1572 85,
1166 1540 1345 1582 Dignaque
1357 1550 1429 1572 sum
1443 1541 1481 1572 et
1491 1540 1599 1582 cupio.
1618 1539 1664 1572 Τῦ
1679 1540 1718 1571 et

1040 1589 1134 1623 abest
1151 1602 1170 1623 a
1184 1589 1278 1623 libris
1290 1589 1471 1634 plerisque.
1501 1588 1622 1624 Codex
1637 1589 1714 1624 Pa-

1040 1641 1174 1675 tavinus
1187 1647 1366 1686 praeterea,
1372 1644 1515 1686 potenti.
1523 1639 1714 1686 Tanaquil-

1038 1691 1090 1727 lus
1101 1693 1225 1735 Faber,
1237 1693 1328 1727 notis
1342 1692 1385 1727 ad
1398 1692 1549 1728 Lucretii
1564 1691 1621 1726 lib.
1641 1699 1687 1726 111
1700 1717 1711 1735 ,

1038 1757 1070 1790 p.
1087 1745 1169 1788 480,
1192 1744 1406 1791 corrigebat}

1053 1806 1189 1838 Dignaque
1201 1813 1258 1829 sum
1271 1805 1337 1837 regis
1349 1803 1404 1829 fieri
1413 1808 1529 1829 mtrem
1541 1802 1662 1836 potentis.

1041 1852 1133 1898 Quae
1155 1853 1354 1898 conjectura
1374 1852 1571 1898 longissime
1598 1851 1668 1886 abit
1693 1864 1713 1886 a

1039 1905 1181 1950 vestigio
1208 1904 1308 1939 editae
1334 1918 1373 1939 ac
1392 1904 1527 1950 scriptae
1547 1903 1713 1938 lectionis.

1039 1956 1209 2001 Sequenti
1228 1970 1347 2000 versu,
1371 1969 1455 2002 quas
1464 1959 1620 2001 possint„
1639 1967 1712 1989 non

1033 2012 1192 2052 possunt,
1212 2008 1381 2043 meliores.
1407 2007 1465 2043 Sic
1479 2007 1607 2042 Briseis
1618 2033 1628 2051 ,
1652 2019 1693 2053 70
1706 2020 1714 2041 :

1038 2069 1085 2093 Est
1099 2068 1161 2092 mibi
1169 2088 1177 2100 ,
1189 2077 1246 2103 qum
1258 2069 1327 2093 lanas

1082 2117 1134 2151 86.
1162 2118 1246 2151 Sunt
1255 2119 1356 2157 mihi,
1381 2129 1465 2162 quas
1479 2122 1542 2151 etc.
1558 2114 1712 2150 Puellari

1039 2168 1188 2203 nimium
1198 2168 1312 2203 studio
1321 2168 1394 2203 haec
1404 2167 1446 2202 de
1457 2169 1621 2210 manibus,
1629 2178 1713 2212 quas

1038 2228 1170 2266 sceptra
1182 2221 1358 2264 decerent,
1371 2219 1534 2265 praedicat
1546 2218 1712 2259 OEnone;

1039 2279 1074 2307 et
1085 2273 1286 2307 lascivientis
1293 2280 1344 2307 est
1351 2278 1460 2318 poetae
1472 2271 1598 2317 potius,
1607 2281 1711 2315 quam

1038 2325 1177 2360 seminae
1184 2338 1263 2359 vere
1273 2325 1428 2359 amantis.
1439 2321 1712 2367 Necinculpatus

1040 2377 1121 2412 abiit
1128 2384 1246 2412 noster
1252 2389 1322 2422 ipse
1332 2376 1492 2418 RAcmE,
1502 2373 1711 2409 Gallicarum

1039 2429 1165 2464 scilicet
1194 2428 1321 2463 arbiter
1354 2427 1604 2474 elegantiarum
1616 2449 1626 2467 ,
1653 2422 1712 2467 qui
1730 2442 1732 2445 ·

1040 2480 1229 2525 quemdam
1256 2479 1447 2522 induxerit,
1471 2477 1515 2512 de
1541 2473 1710 2511 Berenice

1040 2532 1122 2566 Tito
1138 2531 1312 2566 dicentem

1039 2592 1082 2617 On
1094 2593 1145 2617 sctit
1158 2591 1250 2623 qu'elle
1262 2598 1301 2616 est
1318 2590 1474 2615 charmame
1481 2606 1493 2621 ,
1510 2593 1536 2613 et
1546 2587 1577 2611 de
1591 2586 1612 2610 si

1138 2640 1221 2656 nnnnnn

1039 2681 1175 2707 semblent
1183 2688 1247 2704 vous
1256 2678 1393 2704 demandet
1401 2677 1519 2710 Pempire
1527 2676 1571 2701 des
1580 2675 1709 2701 humains.

1084 2730 1134 2773 87.
1143 2730 1315 2762 Jacebam.
1332 2728 1509 2766 Cababum,
1520 2723 1710 2758 Lovanien-

1338 2067 1452 2100 molliat,
1468 2073 1527 2101 apta
1538 2075 1639 2092 manus.
1658 2067 1696 2091 H.

1631 2585 1711 2610 belles
