1884 3112
567 279 818 325 MEDEA
853 277 1117 326 JASONI.

1468 278 1554 323 223

202 374 383 441 Quique
408 372 542 422 maris
569 373 732 436 gemini
753 372 935 422 distinet
955 372 1152 421 Isthmos
1176 373 1345 438 aquas?

138 451 220 502 llla
244 472 352 516 ego,
380 470 476 519 quae
500 451 585 500 tibi
608 471 706 500 sum
730 469 850 500 nunc
874 450 1065 517 denique
1087 450 1280 498 barbara
1299 448 1438 509 facta,
1501 465 1560 498 105

202 531 334 580 Nunc
358 529 442 579 tibi
466 547 564 578 sum
586 547 776 596 pauper,
801 548 920 577 nunc
944 528 1030 576 tibi
1052 527 1145 576 visa
1163 529 1350 577 nocens!

139 609 360 658 Flammea
381 605 576 657 subduxi
594 607 810 655 medicato
833 604 1002 653 lumina
1025 623 1183 652 somno
1201 625 1210 652 :

205 688 268 735 Et
289 685 396 744 tibi,
419 702 516 752 quae
538 702 736 752 raperes,
760 681 920 731 vellera
944 692 1041 730 tuta
1064 681 1177 729 dedi.

141 763 353 813 Proditus
377 768 445 811 est
467 761 668 824 genitor:
688 778 876 822 regnum
897 759 1174 826 patriamque
1198 757 1360 825 reliqui
1381 778 1391 805 :

205 842 377 889 Munus
400 840 449 887 in
471 838 605 888 exilio
629 836 834 905 quolibet
858 854 951 885 esse
974 834 1069 884 tuli.
1507 860 1566 881 ιω

141 917 386 981 Virginitas
402 916 516 965 facta
538 927 610 964 est·
628 913 852 982 peregrini
874 912 1022 980 praeda
1044 910 1257 968 latronis;

211 993 419 1060 Optima,
443 1011 544 1041 cum
561 1011 659 1041 cara
681 1002 843 1050 matre,
868 989 1020 1039 relicta
1039 1007 1179 1037 soror.

142 1071 205 1118 At
225 1088 320 1118 non
341 1081 384 1118 te
407 1068 582 1132 fugiens
607 1069 701 1116 sine
725 1087 817 1126 me,
842 1086 1071 1131 germane,
1097 1065 1274 1132 reliqui.

207 1147 369 1196 Deficit
390 1147 478 1195 hoc
500 1165 594 1195 uno
619 1145 746 1194 litera
768 1156 922 1194 nostra
944 1142 1060 1192 loco.

145 1225 283 1290 Quod
294 1225 434 1275 facere
450 1243 555 1274 ausa
568 1243 666 1274 mea
682 1236 771 1283 est,
797 1243 888 1272 non
904 1223 1034 1272 audet
1053 1222 1244 1271 scribere
1270 1223 1446 1272 dextra:
1508 1239 1571 1272 115

211 1304 285 1353 Sic
309 1322 412 1367 eg0,
437 1302 515 1352 sed
538 1314 705 1362 tecum,
731 1301 1007 1351 dilaceranda
1029 1300 1108 1349 fui.

145 1383 239 1431 Nec
260 1394 406 1431 tamen
429 1381 635 1439 extimui,
659 1380 768 1447 quid
791 1379 909 1428 enim
933 1390 1038 1446 post
1054 1377 1130 1426 illa
1154 1378 1381 1426 timerem?

213 1459 400 1509 Credere
424 1478 495 1508 me
518 1458 679 1526 pelago
701 1457 886 1514 femina,
906 1458 1084 1524 jamque
1108 1475 1289 1506 nocens.

147 1539 324 1587 Numen
341 1536 425 1585 ubi*
445 1537 540 1585 est?
560 1534 642 1584 ubi
665 1534 753 1583 Di?
776 1535 953 1583 meritas
977 1535 1213 1583 subeamus
1234 1534 1281 1582 in
1304 1534 1416 1594 alto,

212 1615 285 1663 Tu
309 1612 478 1663 fi-audis
499 1631 677 1680 poenas;
703 1611 975 1660 credulitatis
994 1630 1093 1674 ego.
1516 1639 1576 1662 120

193 1729 272 1770 108.
289 1729 451 1774 Bapeoes.
476 1727 560 1764 Non
583 1739 711 1761 moveo
736 1726 828 1766 banc

144 1780 333 1816 lectionem
347 1807 357 1825 ,
389 1779 451 1816 sed
480 1778 674 1814 admodum
707 1786 828 1814 tamen

144 1831 324 1868 blanditur
350 1831 536 1868 Heinsiani
568 1832 673 1867 unius
702 1831 828 1867 codicis

145 1885 335 1931 scriptura,
357 1897 428 1931 quae
441 1885 570 1931 refems
585 1897 596 1918 .’
612 1884 693 1930 quia
717 1884 829 1929 jussus

146 1943 222 1972 erat
247 1936 358 1972 Jason
384 1936 492 1972 vellus
518 1936 666 1971 domum
696 1937 829 1982 referre.

148 1987 232 2024 Vid.
254 1988 374 2025 valer.
391 1989 482 2025 Flac.
496 2001 572 2034 vn,
594 2002 666 2024 100.
696 1992 831 2025 Vellem

137 2040 258 2086 sulm,
282 2040 378 2089 quod
397 2042 548 2078 malebat
564 2042 731 2077 Francius
747 2069 756 2086 ,
780 2049 832 2078 est

148 2093 186 2128 in
203 2093 368 2129 Mediceo
383 2107 457 2130 uno
472 2109 481 2138 ;
501 2094 562 2130 sed
580 2098 656 2129 tuta
672 2101 829 2140 praestat,

149 2152 189 2181 ut
195 2146 390 2192 incolumis,
398 2148 557 2182 inadusto
562 2160 706 2193 corpore,
715 2147 831 2182 etsine

150 2211 240 2234 noxa
254 2212 296 2234 ea
311 2212 434 2246 rapere
449 2207 573 2246 posset.
592 2200 723 2236 Bunm.

198 2264 212 2285 1
221 2263 271 2286 ιο.
286 2253 413 2287 Munus
429 2255 466 2287 in
480 2255 585 2288 exilio
599 2255 748 2298 quolibet
758 2265 833 2288 esse

150 2304 224 2337 tuli.
247 2303 341 2338 Puto
357 2305 620 2340 rescribendum
636 2319 645 2340 :

183 2358 218 2383 Et
228 2358 315 2384 mimis
323 2359 403 2386 exilio
413 2360 541 2394 quidlibet
552 2370 608 2386 esse
619 2362 680 2386 tuli.

152 2402 234 2439 Hoc
242 2410 306 2447 est,
317 2404 480 2439 omnibus
488 2405 592 2439 rebus
598 2405 738 2441 exilium
750 2419 835 2452 praee

151 2455 224 2490 tuli.
235 2474 280 2482 —
296 2456 364 2491 Vix
380 2455 482 2491 video
495 2483 504 2500 ,
530 2457 637 2502 qualis
654 2472 774 2494 sensus
793 2473 834 2494 ex

152 2507 401 2544 emendatione
421 2508 559 2544 Heinsii
577 2518 734 2557 emergat
745 2537 755 2555 ,
768 2524 836 2546 nec

153 2573 224 2606 quo
244 2559 393 2596 adducta
414 2561 571 2608 exempla
598 2563 725 2598 saciant
746 2576 835 2610 :ego

153 2619 240 2659 puto
261 2611 453 2659 legendum
474 2625 482 2647 τ

186 2667 288 2694 Munus
302 2669 329 2694 in
343 2670 423 2695 exilio
436 2670 553 2704 quolibet
565 2680 621 2697 esse
631 2672 691 2698 tuli.

158 2715 303 2752 Credidi
319 2731 377 2754 me
389 2719 526 2755 felicem
544 2721 663 2766 etiam,
677 2722 704 2758 si
718 2722 836 2759 relicta

156 2770 267 2815 patria
288 2777 324 2805 et
343 2772 459 2818 regnis
483 2785 560 2819 quae
586 2774 810 2820 prodideram
825 2803 834 2821 ‚

159 2821 237 2858 exul
268 2823 376 2859 modo
407 2838 550 2870 essem3
585 2826 664 2862 licet
695 2828 833 2864 exilium

893 1719 981 1761 esset
992 1725 1161 1761 miserum
1171 1732 1206 1760 et
1219 1725 1348 1771 infelix,
1360 1726 1573 1764 beneficium

894 1786 1014 1814 tamen
1040 1786 1115 1814 erat
1126 1805 1136 1823 ‚
1167 1778 1248 1825 quia
1268 1785 1386 1814 tecum
1411 1780 1486 1815 sore
1516 1794 1574 1815 me

894 1845 1034 1879 semper
1059 1831 1246 1878 fingebam.
1268 1833 1340 1876 Quo
1354 1834 1436 1867 licet
1451 1841 1526 1868 erat
1541 1834 1578 1868 in

895 1885 1031 1920 duobus
1053 1884 1187 1930 scriptis
1207 1891 1243 1919 et
1260 1884 1413 1920 editione
1437 1886 1550 1931 prima
1566 1913 1576 1930 ,

895 1937 982 1972 etin
1008 1937 1168 1983 margine
1186 1936 1346 1985 Gryphii.
1366 1938 1498 1973 BURM.

943 2003 956 2024 1
966 1991 1015 2034 14.
1038 1991 1166 2035 Deficit
1178 1991 1242 2024 boc
1256 2003 1322 2024 uno
1345 1992 1446 2025 litera
1463 1996 1579 2026 nostra

897 2043 981 2076 Ioco.
1000 2041 1122 2087 Quam
1132 2042 1235 2077 vellet
1252 2049 1288 2077 et
1300 2042 1494 2091 Absyrtum
1507 2045 1581 2080 sra-

898 2101 1011 2138 trem,
1038 2095 1157 2140 cujus,
1180 2101 1219 2129 ut
1242 2094 1489 2140 insequentem
1509 2111 1580 2143 pa—

898 2153 991 2181 trem
1007 2153 1208 2182 moraretur
1218 2173 1228 2191 ‚
1255 2147 1404 2183 lacerata
1418 2150 1580 2185 membra

897 2198 968 2234 huc
983 2205 1018 2234 et
1034 2198 1113 2234 illuc
1133 2198 1310 2246 dispersit,
1327 2200 1504 2247 reliquisse
1515 2229 1524 2247 ‚
1540 2210 1581 2238 ut

898 2258 1097 2287 sororemet
1104 2259 1256 2287 matrem
1266 2251 1577 2300 dereliquitlQuod

898 2303 1007 2340 scelus
1022 2304 1069 2339 ita
1086 2303 1208 2339 horret
1223 2305 1423 2341 meminisse
1435 2333 1444 2351 ,
1458 2307 1579 2343 ut-hoc

900 2370 1013 2392 unum
1037 2370 1097 2392 sua
1118 2357 1156 2392 in
1182 2357 1352 2392 Jasonem
1374 2359 1499 2394 merita
1522 2374 1582 2395 re-

899 2411 1074 2445 ferentem
1090 2411 1235 2455 deficiat.
1254 2410 1367 2456 Orph.
1384 2411 1468 2458 Arg.
1486 2413 1579 2446 1028.

948 2476 961 2497 1
970 2476 982 2496 1
991 2476 1019 2509 7.
1041 2463 1134 2506 Quid
1139 2465 1227 2497 enim
1232 2467 1317 2507 post
1323 2466 1386 2498 illa
1404 2467 1550 2498 timerem
1560 2466 1581 2499 ?

899 2517 969 2549 Illa
983 2515 1111 2550 scilicet
1128 2528 1205 2561 quae
1231 2516 1268 2550 in
1289 2523 1452 2562 parentes
1479 2524 1514 2551 et
1541 2517 1580 2552 in

898 2568 1044 2602 fratrem
1060 2567 1279 2604 admiseram.

935 2635 960 2660 μι
970 2621 1018 2655 ι8.
1034 2622 1177 2666 Jamque
1191 2634 1325 2657 nocens.
1363 2623 1508 2667 Tamque
1529 2629 1581 2657 est

900 2673 937 2707 in
959 2673 1119 2709 Francos.
1145 2674 1239 2719 quod
1260 2675 1451 2720 elegantius
1464 2701 1474 2718 ,
1501 2675 1581 2719 quia

900 2738 1075 2772 nusquam
1101 2726 1365 2772 praesentiorem
1388 2726 1579 2761 vindictam

901 2777 1056 2813 divinam
1064 2778 1254 2814 credebant
1266 2786 1413 2823 veteres,
1427 2792 1532 2824 quam
1543 2779 1581 2813 in
1613 2785 1618 2789 '

902 2830 992 2868 mari
1007 2838 1041 2866 et
1059 2844 1164 2876 aqua,
1179 2831 1206 2866 si
1218 2831 1374 2868 scelerati
1390 2845 1424 2867 se
1438 2831 1500 2866 illis
1511 2844 1581 2865 cre-
