1884 3112
299 244 355 300 24
836 246 893 290 A.
928 246 1163 290 SABINI

294 339 352 384 Et
376 348 488 385 terra
510 349 554 386 et
575 336 755 403 pelago,
784 337 1002 403 quidquid
1023 336 1131 385 mihi
1156 338 1278 386 triste
1304 340 1508 398 canebat,
1664 357 1709 402 95

358 404 574 461 Emensus
598 414 689 462 fato
709 414 797 478 jam
820 413 1000 462 meliore
1024 432 1171 476 vagor.

290 489 388 536 Jam
411 489 518 536 mihi
541 490 688 538 nescio
715 509 805 556 quo
829 490 1034 539 comitem
1057 509 1103 539 se
1126 490 1173 538 in
1195 489 1323 540 litore
1345 493 1492 556 jungit

355 565 516 623 Pallas,
543 578 587 614 et
609 566 863 633 hospitibus
886 587 966 634 per
988 567 1084 617 loca
1107 580 1201 617 tuta
1225 569 1370 617 trahit.

290 641 419 688 Nunc
442 641 633 706 primum
656 642 798 692 Pallas
820 663 953 693 versae
976 656 1079 711 post
1101 643 1254 693 funera
1277 646 1421 711 Trojae

354 720 459 768 Visa
480 721 589 768 mihi
614 741 624 769 τ
648 722 840 771 medium
864 723 1076 790 temporis
1099 723 1163 771 ira
1188 722 1302 777 tulit.
1645 747 1704 774 mo

290 795 522 862 Quidquid
547 797 717 846 Oilides
740 799 1035 858 commiserat,
1063 799 1271 847 omnibus
1293 818 1409 847 unus

285 888 289 900 ¹
351 865 550 922 Peccavit
575 891 584 919 :
610 876 774 924 Danais
801 877 1008 925 omnibus
1032 877 1096 925 ira
1118 895 1296 925 nocens.

285 951 376 999 Nec
401 963 462 1009 te,
488 952 677 1018 Tydide,
704 954 828 1019 cujus
851 955 985 1002 modo
1009 966 1190 1004 noverat
1213 973 1350 1012 arma,

350 1026 516 1074 Eximit
541 1045 550 1071 τ
577 1041 721 1075 errato
747 1042 796 1074 tu
822 1050 1000 1093 qunque
1026 1032 1081 1079 ab
1108 1031 1216 1078 orbe
1240 1031 1362 1077 venis
1386 1049 1397 1075 z

284 1102 387 1149 Non
411 1102 647 1152 Telamone
671 1115 814 1152 satum
837 1116 965 1170 capta
987 1103 1041 1152 de
1065 1104 1252 1169 conjuge
1274 1105 1493 1153 Teucrum
1518 1122 1528 1149 :
1642 1122 1702 1154 ιο5

348 1181 450 1228 Non
474 1179 639 1245 ipsum,
665 1199 749 1246 pro
776 1199 865 1246 quo
888 1179 1007 1228 mille
1031 1181 1152 1229 fuere
1175 1192 1303 1229 rateS.

282 1254 402 1303 Felix
428 1255 718 1313 Plisthenide,
748 1274 1022 1323 quacumque
1044 1257 1092 1304 in
1116 1269 1233 1305 sorte
1256 1256 1379 1305 fuisti

347 1332 547 1397 Conjuge
573 1353 672 1382 cum
695 1335 813 1382 cara!
839 1353 932 1381 non
957 1334 1098 1396 gravis
1119 1333 1195 1382 illa
1215 1333 1313 1381 fuit.

279 1409 367 1456 Seu
391 1410 509 1457 venti
533 1410 670 1459 fecere
693 1430 859 1470 moras,
886 1411 976 1459 sive
1001 1429 1181 1477 aequora
1202 1410 1356 1468 vobis;

342 1485 415 1533 Ad
437 1485 559 1534 nulla
582 1499 648 1535 est
669 1500 812 1536 vester
835 1488 991 1536 damna
1016 1499 1213 1536 retentus
1237 1506 1370 1535 amor.
1476 1527 1481 1529 >
1639 1515 1698 1538 ιω

281 1562 446 1611 Oscula
467 1582 547 1612 nec
571 1565 690 1612 venti
713 1577 828 1613 certe
852 1577 1051 1623 tenuere,
1077 1583 1157 1613 nec
1181 1564 1310 1612 undae
1338 1581 1349 1609 ε

342 1641 641 1706 Promptaque
664 1641 711 1688 in
735 1641 960 1708 amplexus
982 1641 1163 1690 brachia
1186 1658 1358 1706 semper
1380 1650 1514 1687 erant.

277 1718 349 1766 Sic
372 1718 547 1766 utinam
570 1721 787 1768 errarem!
813 1720 974 1768 faceres
998 1731 1046 1766 tu
1070 1717 1241 1773 mollia,
1268 1716 1448 1782 conjux,

340 1795 540 1861 AEquora
564 1815 574 1844 :
600 1807 642 1844 te
665 1796 804 1854 socia,
830 1796 894 1844 nil
917 1795 1027 1845 mihi
1050 1795 1174 1842 triste
1197 1793 1338 1842 foret!

275 1871 406 1920 Nunc
431 1890 631 1939 quoque,
657 1872 918 1922 Telemacho
943 1884 1086 1921 tecum
1108 1871 1219 1919 mihi
1243 1871 1411 1938 sospite
1434 1870 1574 1929 lecto,
1636 1886 1694 1920 ιι5

340 1949 504 1997 Omnia
527 1961 632 1997 sunt
655 1950 800 1998 animo
822 1951 910 2016 jam
933 1949 1098 1998 leviora
1120 1947 1245 1996 mala.

275 2023 419 2086 Quem
443 2036 588 2073 tamen
610 2024 790 2074 infestas
814 2044 966 2075 rursus
991 2044 1151 2091 queror
1174 2025 1236 2072 ire
1260 2043 1340 2090 per
1361 2022 1527 2079 undas,

336 2099 597 2149 Herculeam
620 2101 827 2168 Sparten,
852 2103 1196 2167 Nestoreamque
1219 2100 1374 2167 Pylon.

318 2247 389 2270 101.
417 2237 577 2271 Omnibus
588 2251 672 2272 unus
685 2238 948 2274 Peccavil.Vir-
1059 2250 1130 2273 102.
1159 2238 1320 2271 Omnibus
1332 2238 1394 2269 ira.
1410 2235 1515 2269 Forte
1525 2259 1535 2278 ‚
1552 2236 1622 2269 ille.
1641 2234 1688 2268 H.

271 2286 328 2331 gil.
346 2287 428 2321 AEn.
444 2298 458 2322 1
473 2314 482 2332 ,
500 2289 552 2332 45.
1060 2289 1132 2323 103.
1169 2289 1272 2332 Cujus
1295 2289 1391 2321 modo
1420 2290 1560 2320 noverat
1585 2298 1688 2320 amm.

305 2347 385 2372 Unius
401 2347 434 2372 ob
452 2356 546 2373 noxam
557 2367 566 2379 ‚
582 2354 608 2373 et
627 2348 708 2374 furias
725 2349 816 2383 Ajacis
834 2350 920 2382 Oilei;
1012 2340 1305 2389 SOEibe¹,fhVeral.
1319 2338 1468 2374 Ovidius
1482 2337 1588 2373 Trisl.
1598 2337 1655 2372 hb.
1663 2348 1686 2371 1.

268 2395 326 2439 qui
349 2394 553 2432 Cassandrae
567 2397 709 2442 virgini,
724 2398 761 2432 in
775 2398 849 2444 ipso
865 2398 947 2433 Pal-
1012 2392 1109 2438 Eleg·
1126 2403 1176 2426 IV-

263 2446 350 2481 ladis
373 2448 524 2493 templo,
537 2449 610 2483 Vim
624 2449 791 2485 intulerat
806 2465 815 2492 ;
839 2463 945 2496 quam
1011 2453 1094 2477 Causa
1106 2459 1162 2476 mea
1169 2456 1210 2476 en
1220 2452 1327 2483 melior,
1344 2450 1454 2485 quinon
1468 2449 1661 2485 contr-riafioi

264 2497 434 2541 injuriam
446 2499 524 2535 Dea
538 2507 577 2535 ut
591 2501 812 2537 ulcisceretur
822 2529 833 2546 ,
1009 2499 1101 2524 A'm·
1120 2500 1226 2525 umus.

264 2558 345 2582 Illum
357 2559 528 2591 expirantem,
545 2560 667 2587 transfixo
680 2567 792 2595 pectore,
804 2561 945 2593 flammam,
1057 2569 1129 2603 107.
1150 2558 1250 2591 ,F'ell'x
1263 2556 1460 2591 Pltss‘lenl’de.
1478 2554 1682 2589 Menelaum

262 2605 378 2630 Turbine
388 2607 513 2640 corripuit
523 2627 531 2640 ,
552 2610 710 2644 scopuloque
725 2609 808 2636 infixit
825 2616 910 2636 acuto„
1008 2607 1082 2642 haec
1094 2612 1357 2653 spectan19cum
1371 2607 1507 2642 Helena
1520 2618 1626 2640 ΠΧΟΓΕ
1639 2607 1681 2641 ad

262 2655 340 2680 Ibid.
359 2655 455 2689 48-49.
1007 2666 1171 2704 paternos
1179 2660 1267 2694 lares
1275 2658 1548 2694 contendentem
1558 2684 1568 2701 ,
1584 2666 1681 2704 capta

266 2704 436 2747 Quidquid
450 2705 589 2740 Oilt'des.
608 2708 779 2753 Quidquid
789 2713 826 2743 et
842 2709 940 2743 OEnl-
1005 2712 1077 2755 jam
1094 2711 1212 2757 Troja.
1237 2712 1369 2747 HEINs.

263 2757 332 2789 des.
349 2755 438 2790 Edd.
456 2756 538 2792 aliae.
1051 2776 1120 2807 117.
1143 2763 1294 2808 Inseslas
1308 2774 1429 2797 rursus.
1446 2762 1504 2797 An
1520 2762 1571 2797 bis
1587 2762 1678 2797 navi-
