1884 3112
293 250 348 295 72
747 232 1109 279 EPISTOLA
1152 234 1244 280 1v.

353 324 436 372 Est
457 322 567 372 mihi
588 340 669 390 per
690 340 822 372 saevas
846 323 1037 389 impetus
1060 322 1123 371 ire
1147 322 1280 372 feras:

286 401 387 449 Jam
409 399 519 447 mihi
541 399 682 466 prima
704 400 799 447 Dea
822 410 910 457 est,
936 417 1039 447 arcu
1062 398 1294 464 praesignis
1317 397 1490 448 adunco

350 473 478 523 Delia
503 494 513 522 ε
535 474 749 539 judicium
772 474 1023 541 subsequor
1043 474 1142 541 ipsa
1165 486 1303 523 tuum.
1663 491 1708 537 40

284 553 337 599 In
360 569 514 599 nemus
537 551 599 599 ire
623 549 756 608 libet,
782 551 1032 619 pressisque
1057 552 1105 599 in
1127 552 1237 601 retia
1261 551 1423 609 cervis,

350 627 533 676 Hortari
556 626 715 677 celeres
738 647 818 695 per
837 629 943 694 juga
966 647 1135 677 summa
1159 646 1286 677 canes
1314 643 1326 672 ε

280 765 396 800 tensis.
408 764 466 800 Sic
484 765 575 800 Flor.
586 777 634 800 rv.
651 781 663 801 1
674 780 700 801 1.
711 768 829 803 Nitiin
845 769 956 802 decus.

280 817 410 851 Lucan.
429 817 547 852 Phars.
565 829 607 861 v,
628 832 687 866 ¹97
701 833 709 852 .

277 875 362 900 Tanta
374 881 443 909 patet
454 885 541 901 rerum
555 877 632 903 series
641 897 650 909 ‚
662 883 740 912 atque
751 887 826 903 omne
838 878 957 904 futurum

277 925 382 949 Nititur
390 925 417 949 in
427 925 520 950 lucem.
743 927 843 953 Eunu·

276 991 321 999 —
338 974 479 1009 Rectius
496 974 625 1018 multo,
649 988 755 1020 quam
771 989 898 1022 magna
917 990 958 1012 ex

277 1032 376 1070 parte
401 1026 599 1071 sequimur,
626 1026 719 1061 Edit.
735 1028 844 1073 princ.
869 1029 958 1063 circa

277 1087 319 1111 M.
331 1086 431 1111 cccc.
442 1089 521 1112 Lxx.
532 1078 710 1124 impressa,
723 1081 851 1114 M‘itlor.
866 1080 958 1115 Tue-

275 1134 334 1162 tur
344 1131 482 1173 quo'que
494 1129 653 1175 Lennep.
663 1130 813 1175 Elegans
825 1138 888 1174 est,
901 1131 958 1165 in-

274 1180 369 1225 quit,
383 1183 513 1215 m'torin
524 1184 657 1225 zgrnotas
665 1186 766 1221 artes,
780 1185 963 1216 utm‘timur

273 1234 310 1265 in
325 1236 483 1266 vetitum:
496 1232 556 1267 sed
575 1245 641 1267 nec
654 1240 811 1267 veterem
826 1233 957 1268 damno

271 1282 459 1317 lectionem
469 1287 589 1322 milior,
608 1283 701 1329 quod
714 1292 778 1327 est,
794 1285 889 1330 quasi
904 1290 954 1320 in·

271 1338 342 1368 vila
353 1361 363 1375 ‚
395 1342 518 1370 contra
544 1343 708 1372 naturam
731 1337 800 1371 mei
832 1351 950 1381 sexus,

268 1399 366 1430 agor,
384 1390 546 1432 abripior,
564 1392 613 1422 ire
619 1389 749 1432 jubeor.
771 1390 894 1424 Nutrix
908 1389 951 1424 ad

271 1438 410 1473 Phaedr.
431 1440 523 1485 apud
540 1440 746 1486 Euripidem
764 1453 772 1475 :
798 1443 846 1478 ἐπὶ
862 1446 952 1492 θήρας

275 1492 362 1525 πόθρν
379 1493 509 1533 ε’ςέλλου.

312 1541 365 1575 38.
396 1543 465 1576 Est
487 1544 574 1577 mihi
587 1555 654 1587 per
677 1555 788 1577 soevas
809 1547 950 1588 impetus

268 1596 317 1627 ire
324 1593 435 1638 feras.
456 1595 561 1638 Haec,
587 1602 623 1630 et
640 1608 716 1640 quae
731 1603 947 1641 sequuntur,

270 1657 311 1679 ex
329 1645 485 1691 Euripid.
503 1646 644 1692 Hippol.
663 1649 726 1681 215
743 1659 752 1681 ε

311 1699 445 1741 Πέμπει-τέ
458 1697 494 1742 μ’
508 1700 550 1736 εἰς
564 1697 634 1748 Ξρος·
650 1704 715 1742 εἶμι
727 1701 795 1748 ἐρὲς
811 1702 900 1743 ὕλαν,

309 1755 374 1786 Καὶ
386 1751 467 1798 παρὰ
480 1752 586 1788 πεύκας
596 1775 606 1794 ,
629 1754 680 1785 ἵνα
693 1753 846 1800 θηροῑιὸνοι

312 1805 451 1841 Στζόσυσι
465 1803 545 1840 κύνες
555 1827 565 1844 ,

309 1856 434 1890 Βαλιόιις
449 1854 566 1900 ἔλάᾳσις
579 1855 822 1902 &ymen-risuum.

308 1906 384 1952 Πρὸς
403 1911 486 1941 Θεῶν
497 1931 507 1948 ,
526 1909 637 1954 ’ἔραμαι
653 1911 722 1941 κυσὶ
738 1910 870 1951 θωΰξαι,

307 1962 372 1993 Καὶ
386 1959 466 2006 παρὰ
484 1962 597 2001 χαίταν
611 1959 721 2002 ξανθὰν
733 1959 825 2008 ῥίψαι

309 2012 462 2044 Θεσσαλὸν
479 2012 591 2056 ὅρπακοι
601 2035 610 2053 ,

296 2051 476 2104 ’ἐπίλογχον
491 2060 594 2105 ἵχουσ’
612 2063 641 2095 ἔν
655 2067 738 2111 χειρὶ
750 2064 844 2103 βέλος.

265 2116 387 2162 Quam
407 2119 540 2163 vivide,
566 2133 672 2166 quam
694 2120 866 2156 concinne
889 2128 945 2156 to-

260 2176 338 2203 tum
360 2171 454 2205 hunc
483 2172 598 2207 locum
626 2180 747 2207 noster
774 2174 945 2208 contraxit

263 2221 429 2266 RACINE‚
450 2223 485 2257 in
510 2224 599 2258 hanc
621 2238 809 2270 erumpens
825 2226 942 2260 excla—

262 2274 475 2308 mationem!
493 2277 639 2315 Phedre,
659 2288 691 2319 1,
711 2277 753 2312 3:

257 2333 362 2359 Dicas!
371 2343 422 2367 que
429 2343 463 2358 ne
471 2335 562 2367 suis-je
572 2336 647 2360 assisa
655 2338 673 2360 ὰ
680 2335 790 2361 l’ombre
799 2336 942 2371 desfhrssts!

259 2401 303 2408 —-·
325 2385 395 2417 Per
412 2383 521 2418 ,ἐι-ναι·
542 2388 685 2428 :inpetus
708 2388 756 2419 ire
766 2385 877 2429 seras.
899 2386 941 2418 Ire

248 2434 355 2477 feras
369 2438 436 2478 ire,
454 2443 547 2470 recte
563 2443 600 2472 et
614 2436 792 2482 eleganter
807 2436 872 2471 diei
887 2437 941 2471 vi-

260 2485 374 2522 dimus
384 2487 491 2521 modo
502 2514 512 2531 ,
526 2488 634 2533 Epist.
650 2500 708 2532 111,
724 2488 784 2530 36;
801 2488 861 2523 sed
877 2502 940 2535 per

252 2538 355 2582 seras
369 2542 433 2579 ire,
453 2552 527 2574 non
539 2540 747 2586 placet,⁴nisi
763 2540 939 2576 transfixas

259 2589 341 2623 velit
362 2590 523 2637 intelligi;
556 2599 596 2627 ut
622 2605 687 2627 nec
711 2606 820 2627 saeoas
836 2593 938 2638 seras

260 2641 382 2685 probo.
407 2641 528 2686 Quare
549 2644 639 2679 sorte
658 2645 850 2690 scripserit,
874 2659 942 2689 per

256 2694 363 2727 siloas
377 2696 518 2737 impetus
539 2699 589 2729 ire
595 2696 696 2740 firas
709 2710 719 2730 :
739 2699 834 2731 silvo.-
845 2697 936 2741 [ἐπε

255 2743 433 2790 eleganter
449 2744 623 2781 dicuntur.
647 2747 726 2782 Vid.
752 2748 873 2783 Heius.
891 2748 934 2783 ad

946 2892 971 2910 0

1025 767 1148 803 Claud.
1169 767 1275 802 Cons.
1301 765 1426 815 Olybr.
1453 766 1525 802 186.
1551 766 1611 803 Sic
1621 766 1706 813 jem

1021 822 1146 863 AElna,
1160 819 1404 865 Propert.fi²ra
1413 832 1510 861 arva,
1530 819 1653 855 Manil.
1668 829 1706 864 1,

1022 872 1075 906 85.
1107 872 1159 906 Ut
1180 884 1263 906 vero
1287 871 1343 906 hie
1363 874 1412 905 ire
1429 883 1497 915 pet
1512 873 1637 912 silvas,
1654 870 1705 906 ita

1022 922 1166 968 Epistol.
1182 934 1226 967 v,
1250 923 1295 966 64
1311 936 1319 957 ;
1335 924 1406 957 Per
1412 924 1543 967 fluctus
1563 925 1705 967 impetus

1021 978 1070 1009 ire
1082 975 1168 1019 fuit.
1185 974 1314 1009 Bunm.
1335 973 1483 1008 Doctiss.
1499 973 1575 1008 viro
1590 973 1705 1009 liben-

1022 1026 1090 1060 tius
1109 1025 1302 1068 adsentiar,
1319 1025 1357 1059 ni
1369 1025 1438 1059 cito
1450 1031 1672 1061 occurreret:

1022 1085 1054 1110 In
1066 1093 1156 1109 nemus
1166 1084 1203 1109 ire
1216 1084 1287 1109 libet.

1067 1133 1120 1180 39.
1144 1133 1237 1167 Arcu
1247 1136 1426 1178 praesssw's
1438 1135 1572 1169 adunco
1585 1135 1702 1170 Delia.

1026 1185 1133 1219 Comu
1141 1187 1281 1226 adunco,
1293 1184 1529 1221 Scriverianus
1537 1186 1635 1223 liber.
1643 1186 1702 1222 Sic

1021 1237 1109 1280 κέρας
1124 1248 1188 1280 pro
1203 1248 1304 1279 arcu,
1321 1236 1427 1271 etiam
1445 1235 1538 1282 apud
1559 1235 1700 1273 Graecos

1017 1293 1135 1344 §metas
1157 1294 1208 1322 est
1234 1288 1411 1330 invenire;
1428 1295 1469 1323 ut
1491 1287 1582 1334 apud
1600 1288 1700 1324 Ana-

1015 1346 1196 1373 creontem
1205 1365 1214 1382 ‚
1230 1339 1296 1374 sub
1310 1339 1420 1374 finem
1431 1339 1522 1376 Odae
1534 1352 1578 1375 111
1587 1365 1599 1384 ,
1621 1339 1700 1376 Cu·-

1015 1390 1098 1435 pido
1120 1390 1163 1425 de
1187 1404 1269 1426 arcu
1283 1403 1346 1426 suo
1363 1404 1372 1426 z
1389 1394 1485 1442 Κέρας
1502 1392 1700 1443 ἄὸλαὲἒςϊμέν

1017 1445 1078 1486 ἒς-ι.
1105 1442 1318 1478 Claudianus
1341 1442 1386 1478 de
1411 1444 1529 1489 Raptu
1551 1444 1700 1479 Proser·-

1015 1494 1106 1540 pinae
1124 1506 1165 1537 11,
1184 1497 1248 1530 205
1264 1508 1272 1530 ε
1290 1497 1424 1530 [retento
1428 1495 1583 1540 festinat
1591 1496 1700 1531 Delia

1015 1559 1125 1580 comu.
1146 1547 1280 1581 HEINS.

1058 1599 1112 1640 4ο.
1125 1599 1295 1632 Judic11um
1309 1600 1492 1643 subsequor
1503 1602 1582 1643 Ipsa
1594 1603 1695 1634 tuum.

1016 1647 1115 1693 Quas
1129 1655 1166 1683 tu
1181 1656 1296 1694 partes
1309 1650 1504 1695 sequendas
1509 1651 1693 1695 judicasti,

1013 1699 1138 1735 Dianae
1153 1701 1280 1735 scilicet
1295 1707 1330 1735 et
1348 1701 1420 1746 ipsa
1430 1703 1630 1747 subsequor:
1640 1715 1697 1737 ve·

1013 1753 1145 1796 natrix,
1165 1758 1382 1788 venatorem.

1055 1805 1107 1847 41.
1124 1806 1326 1849 pressisque.
1341 1806 1498 1846 prem-13,
1511 1806 1693 1840 Puteanea

1011 1862 1183 1900 excerpta,
1197 1863 1232 1890 et
1241 1856 1395 1901 quinque
1405 1857 1482 1891 libri
1493 1870 1534 1891 ex
1545 1857 1692 1899 nostris;

1011 1906 1073 1940 sed
1088 1911 1218 1951 pressis
1234 1907 1383 1953 probum
1401 1914 1461 1943 est.
1485 1908 1607 1955 Virgil.
1624 1920 1691 1953 111,

1016 1958 1143 2004 Georg.
1161 1959 1224 2002 413
1240 1971 1249 1994 t

1009 2017 1143 2050 Ingentem
1154 2019 1263 2044 clamore
1273 2028 1375 2053 premes
1388 2019 1415 2044 in
1425 2020 1491 2044 retia
1499 2028 1606 2046 cervum
1617 2020 1655 2045 H.

1054 2068 1106 2110 42.
1130 2068 1277 2101 Hortari.
1294 2067 1451 2111 Quidam
1466 2068 1600 2103 codices
1611 2095 1620 2112 ‚
1638 2071 1691 2103 εἰ-

1011 2122 1092 2158 lari,
1113 2118 1168 2152 alii
1179 2122 1325 2161 ,σει-Ιαηῖ
1346 2119 1440 2164 quod
1452 2119 1573 2165 placet.
1583 2121 1689 2166 Prop.

1008 2182 1054 2204 111
1066 2196 1075 2214 ,
1095 2170 1190 2216 Eleg.
1208 2181 1281 2214 xn,
1304 2172 1360 2214 14:

1072 2231 1178 2255 sectari
1187 2231 1284 2264 patrios
1299 2239 1344 2264 per
1355 2232 1418 2264 juga
1428 2231 1504 2264 longa
1513 2239 1599 2256 ennos-

1007 2278 1130 2313 Senec.
1152 2279 1292 2325 Hippol.
1307 2293 1320 2313 1
1329 2292 1369 2313 10
1383 2281 1510 2314 :Juvat
1517 2283 1689 2315 excitatas

1006 2335 1166 2376 consequi
1182 2344 1278 2365 cursu
1292 2331 1404 2376 seras.
1430 2332 1563 2367 Hssms.
1592 2331 1690 2367 Nihil

1006 2390 1106 2417 muto
1122 2395 1130 2417 :
1147 2385 1291 2417 Hortari
1302 2383 1398 2418 enim
1410 2410 1420 2427 ‚
1438 2390 1477 2418 ut
1489 2390 1525 2419 et
1535 2396 1666 2419 monem
1675 2410 1685 2424 ‚

1005 2436 1151 2469 verbum
1163 2442 1214 2470 est
1224 2442 1441 2471 venatorum.
1462 2436 1590 2472 Noster
1602 2435 1687 2469 Me—

1004 2493 1087 2521 tam.
1112 2498 1135 2521 x
1148 2514 1157 2531 ,
1193 2488 1254 2533 537
1285 2500 1294 2521 :
1326 2489 1550 2533 Hortalus-que
1573 2499 1685 2521 canes.

1005 2539 1181 2574 Praeterea
1196 2539 1453 2583 Broukhusius,
1464 2539 1508 2574 ad
1519 2539 1632 2574 Tibul.
1648 2549 1663 2573 1
1673 2565 1684 2583 ,

1005 2590 1100 2636 Eleg.
1118 2601 1170 2634 lv,
1193 2591 1249 2634 18,
1266 2590 1385 2626 mallet
1399 2591 1476 2625 hic:

1089 2650 1195 2675 Hmmri
1208 2651 1302 2675 celeres
1317 2659 1362 2683 per
1374 2650 1437 2683 juga
1452 2650 1527 2682 longa
1542 2658 1627 2675 canes.

1003 2697 1076 2731 Sed
1094 2705 1293 2733 constanter
1302 2710 1430 2732 summa
1441 2698 1596 2737 retinent
1608 2697 1683 2732 Co-

1001 2749 1092 2785 dices
1108 2776 1118 2794 ,
1146 2757 1181 2785 et
1203 2750 1369 2796 imposuit
1389 2749 1488 2785 fallax
1509 2749 1679 2785 memoria

1863 975 1884 1061 12·va
1855 923 1884 966 [ἐς
1868 871 1884 910 ,stt
