<?xml version="1.0" encoding="UTF-8"?>
<!DOCTYPE html PUBLIC "-//W3C//DTD XHTML 1.0 Transitional//EN"
    "http://www.w3.org/TR/xhtml1/DTD/xhtml1-transitional.dtd">
<html xmlns="http://www.w3.org/1999/xhtml" xml:lang="en" lang="en">
 <head>
  <title>
</title>
<meta http-equiv="Content-Type" content="text/html;charset=utf-8" />
  <meta name='ocr-system' content='tesseract 3.04.00' />
  <meta name='ocr-capabilities' content='ocr_page ocr_carea ocr_par ocr_line ocrx_word'/>
</head>
<body>
  <div class='ocr_page' id='page_1' title='image "./quaeextantomniao01oviduoft_0024.png"; bbox 0 0 1884 3112; ppageno 0'>
   <div class='ocr_carea' id='block_1_1' title="bbox 236 219 1133 283">
    <p class='ocr_par' dir='ltr' id='par_1_1' title="bbox 236 219 1133 283">
     <span class='ocr_line' id='line_1_1' title="bbox 236 219 1133 283; baseline 0.001 -1"><span class='ocrx_word' id='word_1_1' title='bbox 236 249 300 282; x_wconf 75' lang='lat' dir='ltr'>xx</span> <span class='ocrx_word' id='word_1_2' title='bbox 745 219 1133 283; x_wconf 68' lang='lat' dir='ltr'><strong>PRAEFATIO.</strong></span> 
     </span>
    </p>
   </div>
   <div class='ocr_carea' id='block_1_2' title="bbox 215 336 1662 2767">
    <p class='ocr_par' dir='ltr' id='par_1_2' title="bbox 215 336 1662 2767">
     <span class='ocr_line' id='line_1_2' title="bbox 239 336 1659 410; baseline 0 -24"><span class='ocrx_word' id='word_1_3' title='bbox 239 337 513 410; x_wconf 84' lang='lat' dir='ltr'>varietatem,</span> <span class='ocrx_word' id='word_1_4' title='bbox 538 356 670 405; x_wconf 87' lang='lat' dir='ltr'>quam</span> <span class='ocrx_word' id='word_1_5' title='bbox 693 336 768 386; x_wconf 91' lang='lat' dir='ltr'>alii</span> <span class='ocrx_word' id='word_1_6' title='bbox 791 349 916 387; x_wconf 87' lang='lat' dir='ltr'>tanto</span> <span class='ocrx_word' id='word_1_7' title='bbox 941 356 1097 404; x_wconf 88' lang='lat' dir='ltr'>opere,</span> <span class='ocrx_word' id='word_1_8' title='bbox 1125 349 1169 386; x_wconf 88' lang='lat' dir='ltr'>et</span> <span class='ocrx_word' id='word_1_9' title='bbox 1186 348 1256 386; x_wconf 87' lang='lat' dir='ltr'>tot</span> <span class='ocrx_word' id='word_1_10' title='bbox 1272 355 1295 386; x_wconf 95' lang='lat' dir='ltr'>e</span> <span class='ocrx_word' id='word_1_11' title='bbox 1314 336 1659 401; x_wconf 46' lang='lat' dir='ltr'>MSS.,diligen-</span> 
     </span>
     <span class='ocr_line' id='line_1_3' title="bbox 236 424 1660 492; baseline 0.001 -18"><span class='ocrx_word' id='word_1_12' title='bbox 236 426 403 475; x_wconf 87' lang='lat' dir='ltr'><strong>tissime</strong></span> <span class='ocrx_word' id='word_1_13' title='bbox 421 426 536 475; x_wconf 88' lang='lat' dir='ltr'>inter</span> <span class='ocrx_word' id='word_1_14' title='bbox 554 444 600 474; x_wconf 90' lang='lat' dir='ltr'>se</span> <span class='ocrx_word' id='word_1_15' title='bbox 619 424 812 483; x_wconf 87' lang='lat' dir='ltr'>collatis,</span> <span class='ocrx_word' id='word_1_16' title='bbox 835 435 1160 492; x_wconf 82' lang='lat' dir='ltr'>expresserant,</span> <span class='ocrx_word' id='word_1_17' title='bbox 1180 425 1228 473; x_wconf 88' lang='lat' dir='ltr'>in</span> <span class='ocrx_word' id='word_1_18' title='bbox 1249 425 1394 492; x_wconf 85' lang='lat' dir='ltr'>operis</span> <span class='ocrx_word' id='word_1_19' title='bbox 1411 426 1660 482; x_wconf 76' lang='lat' dir='ltr'>nostr-iuti-</span> 
     </span>
     <span class='ocr_line' id='line_1_4' title="bbox 235 512 1659 579; baseline 0.001 -19"><span class='ocrx_word' id='word_1_20' title='bbox 235 512 403 562; x_wconf 81' lang='lat' dir='ltr'>litatem</span> <span class='ocrx_word' id='word_1_21' title='bbox 426 524 723 562; x_wconf 85' lang='lat' dir='ltr'>converterem</span> <span class='ocrx_word' id='word_1_22' title='bbox 738 549 750 571; x_wconf 91' lang='lat'><strong>‚</strong></span> <span class='ocrx_word' id='word_1_23' title='bbox 775 531 856 561; x_wconf 89' lang='lat' dir='ltr'>nec</span> <span class='ocrx_word' id='word_1_24' title='bbox 880 531 1006 562; x_wconf 89' lang='lat' dir='ltr'>curas</span> <span class='ocrx_word' id='word_1_25' title='bbox 1027 512 1145 562; x_wconf 86' lang='lat' dir='ltr'>ultra</span> <span class='ocrx_word' id='word_1_26' title='bbox 1165 512 1497 579; x_wconf 87' lang='lat' dir='ltr'>protenderem,</span> <span class='ocrx_word' id='word_1_27' title='bbox 1519 531 1659 579; x_wconf 83' lang='lat' dir='ltr'>quum</span> 
     </span>
     <span class='ocr_line' id='line_1_5' title="bbox 236 598 1659 668; baseline 0.001 -20"><span class='ocrx_word' id='word_1_28' title='bbox 236 599 325 666; x_wconf 87' lang='lat' dir='ltr'>ipsi</span> <span class='ocrx_word' id='word_1_29' title='bbox 345 600 506 649; x_wconf 88' lang='lat' dir='ltr'>editori</span> <span class='ocrx_word' id='word_1_30' title='bbox 528 600 680 650; x_wconf 83' lang='lat' dir='ltr'>futuro</span> <span class='ocrx_word' id='word_1_31' title='bbox 701 600 953 668; x_wconf 80' lang='lat' dir='ltr'>praedixisse</span> <span class='ocrx_word' id='word_1_32' title='bbox 977 600 1208 650; x_wconf 86' lang='lat' dir='ltr'>videantur</span> <span class='ocrx_word' id='word_1_33' title='bbox 1230 619 1241 648; x_wconf 72' lang='grc' dir='ltr'><strong><em>ε</em></strong></span> <span class='ocrx_word' id='word_1_34' title='bbox 1262 619 1342 648; x_wconf 84' lang='lat' dir='ltr'>non</span> <span class='ocrx_word' id='word_1_35' title='bbox 1355 598 1551 666; x_wconf 77' lang='lat' dir='ltr'>procedes</span> <span class='ocrx_word' id='word_1_36' title='bbox 1571 617 1659 649; x_wconf 82' lang='lat' dir='ltr'>am-</span> 
     </span>
     <span class='ocr_line' id='line_1_6' title="bbox 226 688 1662 757; baseline 0.001 -20"><span class='ocrx_word' id='word_1_37' title='bbox 226 690 374 755; x_wconf 84' lang='lat' dir='ltr'>plius!</span> <span class='ocrx_word' id='word_1_38' title='bbox 405 690 536 754; x_wconf 81' lang='lat' dir='ltr'>Quos</span> <span class='ocrx_word' id='word_1_39' title='bbox 567 690 684 739; x_wconf 88' lang='lat' dir='ltr'>enim</span> <span class='ocrx_word' id='word_1_40' title='bbox 715 709 792 739; x_wconf 89' lang='lat' dir='ltr'>seu</span> <span class='ocrx_word' id='word_1_41' title='bbox 815 689 1019 757; x_wconf 89' lang='lat' dir='ltr'>propria,</span> <span class='ocrx_word' id='word_1_42' title='bbox 1051 689 1140 738; x_wconf 89' lang='lat' dir='ltr'>sive</span> <span class='ocrx_word' id='word_1_43' title='bbox 1164 688 1305 745; x_wconf 83' lang='lat' dir='ltr'>aliena</span> <span class='ocrx_word' id='word_1_44' title='bbox 1333 706 1469 754; x_wconf 88' lang='lat' dir='ltr'>opera</span> <span class='ocrx_word' id='word_1_45' title='bbox 1499 705 1662 739; x_wconf 68' lang='lat' dir='ltr'>consu,-</span> 
     </span>
     <span class='ocr_line' id='line_1_7' title="bbox 233 774 1660 842; baseline -0.001 -18"><span class='ocrx_word' id='word_1_46' title='bbox 233 775 393 826; x_wconf 87' lang='lat' dir='ltr'>lendos</span> <span class='ocrx_word' id='word_1_47' title='bbox 418 776 718 827; x_wconf 86' lang='lat' dir='ltr'>adhibuerunt</span> <span class='ocrx_word' id='word_1_48' title='bbox 740 776 881 826; x_wconf 82' lang='lat' dir='ltr'>libros</span> <span class='ocrx_word' id='word_1_49' title='bbox 911 796 1046 827; x_wconf 86' lang='lat' dir='ltr'>manu</span> <span class='ocrx_word' id='word_1_50' title='bbox 1075 788 1303 835; x_wconf 86' lang='lat' dir='ltr'>exaratos,</span> <span class='ocrx_word' id='word_1_51' title='bbox 1338 775 1406 824; x_wconf 79' lang='lat' dir='ltr'>vel</span> <span class='ocrx_word' id='word_1_52' title='bbox 1437 774 1554 842; x_wconf 86' lang='lat' dir='ltr'>typis</span> <span class='ocrx_word' id='word_1_53' title='bbox 1574 774 1660 824; x_wconf 87' lang='lat' dir='ltr'>im-</span> 
     </span>
     <span class='ocr_line' id='line_1_8' title="bbox 235 861 1660 933; baseline -0.001 -21"><span class='ocrx_word' id='word_1_54' title='bbox 235 882 414 931; x_wconf 90' lang='lat' dir='ltr'>pressos</span> <span class='ocrx_word' id='word_1_55' title='bbox 428 901 441 922; x_wconf 92' lang='lat'>‚</span> <span class='ocrx_word' id='word_1_56' title='bbox 463 864 614 915; x_wconf 89' lang='lat' dir='ltr'>nullus</span> <span class='ocrx_word' id='word_1_57' title='bbox 632 878 699 915; x_wconf 89' lang='lat' dir='ltr'>est</span> <span class='ocrx_word' id='word_1_58' title='bbox 720 865 955 933; x_wconf 83' lang='lat' dir='ltr'>dubitandi</span> <span class='ocrx_word' id='word_1_59' title='bbox 968 865 1115 931; x_wconf 86' lang='lat' dir='ltr'>locus,</span> <span class='ocrx_word' id='word_1_60' title='bbox 1133 865 1243 930; x_wconf 89' lang='lat' dir='ltr'>quin</span> <span class='ocrx_word' id='word_1_61' title='bbox 1259 882 1431 913; x_wconf 89' lang='lat' dir='ltr'>summa</span> <span class='ocrx_word' id='word_1_62' title='bbox 1447 861 1660 931; x_wconf 75' lang='lat' dir='ltr'>religione</span> 
     </span>
     <span class='ocr_line' id='line_1_9' title="bbox 234 951 1660 1027; baseline -0.001 -26"><span class='ocrx_word' id='word_1_63' title='bbox 234 953 529 1020; x_wconf 84' lang='lat' dir='ltr'>inspexerint,</span> <span class='ocrx_word' id='word_1_64' title='bbox 547 955 708 1027; x_wconf 89' lang='lat' dir='ltr'>suique</span> <span class='ocrx_word' id='word_1_65' title='bbox 728 954 861 1021; x_wconf 82' lang='lat' dir='ltr'>fidem</span> <span class='ocrx_word' id='word_1_66' title='bbox 879 974 929 1004; x_wconf 86' lang='lat' dir='ltr'>ea</span> <span class='ocrx_word' id='word_1_67' title='bbox 949 954 1003 1004; x_wconf 86' lang='lat' dir='ltr'>de</span> <span class='ocrx_word' id='word_1_68' title='bbox 1019 974 1066 1003; x_wconf 91' lang='lat' dir='ltr'>re</span> <span class='ocrx_word' id='word_1_69' title='bbox 1089 953 1271 1002; x_wconf 86' lang='lat' dir='ltr'>omnino</span> <span class='ocrx_word' id='word_1_70' title='bbox 1291 952 1466 1002; x_wconf 80' lang='lat' dir='ltr'>faciant.</span> <span class='ocrx_word' id='word_1_71' title='bbox 1504 951 1660 1017; x_wconf 83' lang='lat' dir='ltr'>Neque</span> 
     </span>
     <span class='ocr_line' id='line_1_10' title="bbox 234 1038 1661 1106; baseline -0.001 -18"><span class='ocrx_word' id='word_1_72' title='bbox 234 1052 381 1089; x_wconf 86' lang='lat' dir='ltr'>tamen</span> <span class='ocrx_word' id='word_1_73' title='bbox 409 1060 492 1104; x_wconf 84' lang='lat' dir='ltr'>ego</span> <span class='ocrx_word' id='word_1_74' title='bbox 512 1061 581 1095; x_wconf 87' lang='lat' dir='ltr'>me</span> <span class='ocrx_word' id='word_1_75' title='bbox 604 1042 651 1095; x_wconf 84' lang='lat' dir='ltr'>in</span> <span class='ocrx_word' id='word_1_76' title='bbox 677 1043 810 1092; x_wconf 86' lang='lat' dir='ltr'>verba</span> <span class='ocrx_word' id='word_1_77' title='bbox 835 1042 904 1091; x_wconf 86' lang='lat' dir='ltr'>vel</span> <span class='ocrx_word' id='word_1_78' title='bbox 928 1043 1244 1106; x_wconf 81' lang='lat' dir='ltr'>magistrorum</span> <span class='ocrx_word' id='word_1_79' title='bbox 1270 1051 1497 1103; x_wconf 83' lang='lat' dir='ltr'>tantorum</span> <span class='ocrx_word' id='word_1_80' title='bbox 1514 1038 1661 1104; x_wconf 84' lang='lat' dir='ltr'>jurare</span> 
     </span>
     <span class='ocr_line' id='line_1_11' title="bbox 233 1124 1659 1196; baseline -0.001 -21"><span class='ocrx_word' id='word_1_81' title='bbox 233 1127 494 1184; x_wconf 85' lang='lat' dir='ltr'>adstrictum</span> <span class='ocrx_word' id='word_1_82' title='bbox 516 1128 625 1178; x_wconf 86' lang='lat' dir='ltr'>adeo</span> <span class='ocrx_word' id='word_1_83' title='bbox 643 1129 913 1188; x_wconf 85' lang='lat' dir='ltr'>existimavi,</span> <span class='ocrx_word' id='word_1_84' title='bbox 938 1141 989 1178; x_wconf 90' lang='lat' dir='ltr'>ut</span> <span class='ocrx_word' id='word_1_85' title='bbox 1013 1127 1232 1196; x_wconf 90' lang='lat' dir='ltr'>quidquid</span> <span class='ocrx_word' id='word_1_86' title='bbox 1253 1127 1320 1176; x_wconf 88' lang='lat' dir='ltr'>illi</span> <span class='ocrx_word' id='word_1_87' title='bbox 1337 1124 1659 1190; x_wconf 82' lang='lat' dir='ltr'>congesserint,</span> 
     </span>
     <span class='ocr_line' id='line_1_12' title="bbox 231 1214 1661 1281; baseline -0.001 -18"><span class='ocrx_word' id='word_1_88' title='bbox 231 1214 358 1263; x_wconf 88' lang='lat' dir='ltr'>nullo</span> <span class='ocrx_word' id='word_1_89' title='bbox 380 1215 647 1275; x_wconf 84' lang='lat' dir='ltr'>discrimine,</span> <span class='ocrx_word' id='word_1_90' title='bbox 664 1218 860 1270; x_wconf 87' lang='lat' dir='ltr'>examine</span> <span class='ocrx_word' id='word_1_91' title='bbox 877 1215 1043 1275; x_wconf 87' lang='lat' dir='ltr'>nullo,</span> <span class='ocrx_word' id='word_1_92' title='bbox 1028 1235 1079 1264; x_wconf 90' lang='lat' dir='ltr'>1n</span> <span class='ocrx_word' id='word_1_93' title='bbox 1094 1227 1299 1266; x_wconf 87' lang='lat' dir='ltr'>nostrum</span> <span class='ocrx_word' id='word_1_94' title='bbox 1310 1216 1399 1279; x_wconf 88' lang='lat' dir='ltr'>hoc</span> <span class='ocrx_word' id='word_1_95' title='bbox 1419 1232 1534 1281; x_wconf 86' lang='lat' dir='ltr'>opus</span> <span class='ocrx_word' id='word_1_96' title='bbox 1551 1232 1661 1280; x_wconf 89' lang='lat' dir='ltr'>quo·-</span> 
     </span>
     <span class='ocr_line' id='line_1_13' title="bbox 236 1301 1662 1369; baseline -0.002 -17"><span class='ocrx_word' id='word_1_97' title='bbox 236 1322 322 1369; x_wconf 90' lang='lat' dir='ltr'>que</span> <span class='ocrx_word' id='word_1_98' title='bbox 347 1322 661 1366; x_wconf 85' lang='lat' dir='ltr'>congererem;</span> <span class='ocrx_word' id='word_1_99' title='bbox 696 1303 774 1352; x_wconf 88' lang='lat' dir='ltr'>sed</span> <span class='ocrx_word' id='word_1_100' title='bbox 795 1323 852 1353; x_wconf 75' lang='lat' dir='ltr'>ea.</span> <span class='ocrx_word' id='word_1_101' title='bbox 865 1315 1041 1352; x_wconf 87' lang='lat' dir='ltr'>tantum</span> <span class='ocrx_word' id='word_1_102' title='bbox 1061 1302 1365 1363; x_wconf 82' lang='lat' dir='ltr'>admitterem,</span> <span class='ocrx_word' id='word_1_103' title='bbox 1398 1301 1518 1364; x_wconf 80' lang='lat' dir='ltr'>unde</span> <span class='ocrx_word' id='word_1_104' title='bbox 1545 1318 1662 1350; x_wconf 80' lang='lat' dir='ltr'>nova</span> 
     </span>
     <span class='ocr_line' id='line_1_14' title="bbox 230 1388 1658 1457; baseline 0.001 -19"><span class='ocrx_word' id='word_1_105' title='bbox 230 1390 309 1438; x_wconf 86' lang='lat' dir='ltr'>lux</span> <span class='ocrx_word' id='word_1_106' title='bbox 324 1391 379 1439; x_wconf 89' lang='lat' dir='ltr'>ad</span> <span class='ocrx_word' id='word_1_107' title='bbox 396 1391 544 1457; x_wconf 90' lang='lat' dir='ltr'>ipsum</span> <span class='ocrx_word' id='word_1_108' title='bbox 562 1403 786 1440; x_wconf 86' lang='lat' dir='ltr'>auctorem</span> <span class='ocrx_word' id='word_1_109' title='bbox 803 1391 1092 1449; x_wconf 85' lang='lat' dir='ltr'>redundaret,</span> <span class='ocrx_word' id='word_1_110' title='bbox 1111 1403 1155 1440; x_wconf 91' lang='lat' dir='ltr'>et</span> <span class='ocrx_word' id='word_1_111' title='bbox 1169 1389 1406 1454; x_wconf 84' lang='lat' dir='ltr'>refulgeret</span> <span class='ocrx_word' id='word_1_112' title='bbox 1421 1388 1658 1451; x_wconf 64' lang='lat' dir='ltr'>sententia,</span> 
     </span>
     <span class='ocr_line' id='line_1_15' title="bbox 232 1475 1657 1544; baseline -0.001 -20"><span class='ocrx_word' id='word_1_113' title='bbox 232 1477 501 1544; x_wconf 86' lang='lat' dir='ltr'>repercussis</span> <span class='ocrx_word' id='word_1_114' title='bbox 522 1478 627 1525; x_wconf 89' lang='lat' dir='ltr'>hinc</span> <span class='ocrx_word' id='word_1_115' title='bbox 648 1489 693 1526; x_wconf 91' lang='lat' dir='ltr'>et</span> <span class='ocrx_word' id='word_1_116' title='bbox 714 1477 838 1525; x_wconf 85' lang='lat' dir='ltr'>illine</span> <span class='ocrx_word' id='word_1_117' title='bbox 867 1477 1132 1544; x_wconf 88' lang='lat' dir='ltr'>opinionum</span> <span class='ocrx_word' id='word_1_118' title='bbox 1153 1477 1400 1526; x_wconf 90' lang='lat' dir='ltr'>luminibus</span> <span class='ocrx_word' id='word_1_119' title='bbox 1424 1475 1657 1541; x_wconf 75' lang='lat' dir='ltr'>illustrata.</span> 
     </span>
     <span class='ocr_line' id='line_1_16' title="bbox 234 1555 1661 1632; baseline -0.001 -20"><span class='ocrx_word' id='word_1_120' title='bbox 234 1565 329 1628; x_wconf 83' lang='lat' dir='ltr'>Qui</span> <span class='ocrx_word' id='word_1_121' title='bbox 351 1555 546 1614; x_wconf 82' lang='lat' dir='ltr'>delectus</span> <span class='ocrx_word' id='word_1_122' title='bbox 566 1565 763 1632; x_wconf 83' lang='lat' dir='ltr'>quidem,</span> <span class='ocrx_word' id='word_1_123' title='bbox 787 1565 891 1619; x_wconf 83' lang='lat' dir='ltr'>licet</span> <span class='ocrx_word' id='word_1_124' title='bbox 912 1583 982 1614; x_wconf 89' lang='lat' dir='ltr'>res</span> <span class='ocrx_word' id='word_1_125' title='bbox 1007 1564 1206 1613; x_wconf 90' lang='lat' dir='ltr'>omnium</span> <span class='ocrx_word' id='word_1_126' title='bbox 1229 1574 1410 1631; x_wconf 80' lang='lat' dir='ltr'>aspectu</span> <span class='ocrx_word' id='word_1_127' title='bbox 1425 1562 1574 1630; x_wconf 83' lang='lat' dir='ltr'>primo</span> <span class='ocrx_word' id='word_1_128' title='bbox 1590 1561 1661 1611; x_wconf 85' lang='lat' dir='ltr'>fa·-</span> 
     </span>
     <span class='ocr_line' id='line_1_17' title="bbox 234 1648 1661 1719; baseline -0.001 -20"><span class='ocrx_word' id='word_1_129' title='bbox 234 1651 417 1711; x_wconf 88' lang='lat' dir='ltr'>cillima,</span> <span class='ocrx_word' id='word_1_130' title='bbox 440 1671 493 1700; x_wconf 94' lang='lat' dir='ltr'>eo</span> <span class='ocrx_word' id='word_1_131' title='bbox 517 1652 620 1719; x_wconf 92' lang='lat' dir='ltr'>plus</span> <span class='ocrx_word' id='word_1_132' title='bbox 642 1664 787 1716; x_wconf 82' lang='lat' dir='ltr'>tamen</span> <span class='ocrx_word' id='word_1_133' title='bbox 806 1653 858 1712; x_wconf 42' lang='lat' dir='ltr'>,in</span> <span class='ocrx_word' id='word_1_134' title='bbox 876 1672 923 1711; x_wconf 88' lang='lat' dir='ltr'>se</span> <span class='ocrx_word' id='word_1_135' title='bbox 947 1651 1219 1700; x_wconf 86' lang='lat' dir='ltr'>difficultatis</span> <span class='ocrx_word' id='word_1_136' title='bbox 1240 1650 1426 1718; x_wconf 73' lang='lat' dir='ltr'>habuit,</span> <span class='ocrx_word' id='word_1_137' title='bbox 1449 1668 1540 1718; x_wconf 77' lang='lat' dir='ltr'>quo</span> <span class='ocrx_word' id='word_1_138' title='bbox 1558 1648 1661 1707; x_wconf 78' lang='lat' dir='ltr'>den-</span> 
     </span>
     <span class='ocr_line' id='line_1_18' title="bbox 233 1735 1658 1809; baseline -0.001 -22"><span class='ocrx_word' id='word_1_139' title='bbox 233 1740 326 1787; x_wconf 88' lang='lat' dir='ltr'>sior</span> <span class='ocrx_word' id='word_1_140' title='bbox 348 1740 395 1787; x_wconf 91' lang='lat' dir='ltr'>in</span> <span class='ocrx_word' id='word_1_141' title='bbox 416 1740 628 1788; x_wconf 85' lang='lat' dir='ltr'>Ovidium</span> <span class='ocrx_word' id='word_1_142' title='bbox 647 1759 739 1788; x_wconf 83' lang='lat' dir='ltr'>nox</span> <span class='ocrx_word' id='word_1_143' title='bbox 756 1759 809 1788; x_wconf 94' lang='lat' dir='ltr'>eo</span> <span class='ocrx_word' id='word_1_144' title='bbox 830 1740 931 1807; x_wconf 13' lang='lat' dir='ltr'>,ipso</span> <span class='ocrx_word' id='word_1_145' title='bbox 951 1740 1202 1809; x_wconf 74' lang='lat' dir='ltr'>ingruerat,</span> <span class='ocrx_word' id='word_1_146' title='bbox 1230 1737 1375 1807; x_wconf 79' lang='lat' dir='ltr'>quod,</span> <span class='ocrx_word' id='word_1_147' title='bbox 1397 1755 1540 1806; x_wconf 67' lang='lat' dir='ltr'>quum</span> <span class='ocrx_word' id='word_1_148' title='bbox 1558 1735 1658 1803; x_wconf 68' lang='lat' dir='ltr'>dam</span> 
     </span>
     <span class='ocr_line' id='line_1_19' title="bbox 232 1813 1661 1895; baseline -0.001 -21"><span class='ocrx_word' id='word_1_149' title='bbox 232 1827 361 1874; x_wconf 84' lang='lat' dir='ltr'>lucem</span> <span class='ocrx_word' id='word_1_150' title='bbox 386 1826 537 1895; x_wconf 92' lang='lat' dir='ltr'>plures</span> <span class='ocrx_word' id='word_1_151' title='bbox 564 1813 874 1890; x_wconf 82' lang='lat' dir='ltr'>cogitaverint,</span> <span class='ocrx_word' id='word_1_152' title='bbox 882 1827 1052 1893; x_wconf 84' lang='lat' dir='ltr'>sumum</span> <span class='ocrx_word' id='word_1_153' title='bbox 1068 1844 1124 1875; x_wconf 73' lang='lat' dir='ltr'>ex</span> <span class='ocrx_word' id='word_1_154' title='bbox 1126 1826 1298 1892; x_wconf 74' lang='lat' dir='ltr'>fulgore</span> <span class='ocrx_word' id='word_1_155' title='bbox 1325 1823 1528 1895; x_wconf 80' lang='lat' dir='ltr'>dederint</span> <span class='ocrx_word' id='word_1_156' title='bbox 1550 1842 1661 1873; x_wconf 82' lang='lat' dir='ltr'>non-</span> 
     </span>
     <span class='ocr_line' id='line_1_20' title="bbox 233 1911 1658 1981; baseline -0.001 -20"><span class='ocrx_word' id='word_1_157' title='bbox 233 1913 368 1972; x_wconf 89' lang='lat' dir='ltr'>nulli,</span> <span class='ocrx_word' id='word_1_158' title='bbox 386 1927 431 1963; x_wconf 87' lang='lat' dir='ltr'>et</span> <span class='ocrx_word' id='word_1_159' title='bbox 443 1934 512 1964; x_wconf 91' lang='lat' dir='ltr'>res</span> <span class='ocrx_word' id='word_1_160' title='bbox 526 1915 587 1973; x_wconf 87' lang='lat' dir='ltr'>ita</span> <span class='ocrx_word' id='word_1_161' title='bbox 603 1914 863 1981; x_wconf 85' lang='lat' dir='ltr'>plerumque</span> <span class='ocrx_word' id='word_1_162' title='bbox 884 1913 1239 1971; x_wconf 84' lang='lat' dir='ltr'>obscuraverint,</span> <span class='ocrx_word' id='word_1_163' title='bbox 1259 1925 1310 1963; x_wconf 86' lang='lat' dir='ltr'>ut</span> <span class='ocrx_word' id='word_1_164' title='bbox 1323 1912 1520 1981; x_wconf 74' lang='lat' dir='ltr'>selemne</span> <span class='ocrx_word' id='word_1_165' title='bbox 1533 1911 1658 1968; x_wconf 74' lang='lat' dir='ltr'>istud</span> 
     </span>
     <span class='ocr_line' id='line_1_21' title="bbox 215 1997 1656 2069; baseline -0.002 -20"><span class='ocrx_word' id='word_1_166' title='bbox 215 2002 308 2067; x_wconf 84' lang='lat' dir='ltr'>fiat</span> <span class='ocrx_word' id='word_1_167' title='bbox 333 2002 410 2049; x_wconf 77' lang='lat' dir='ltr'>lux</span> <span class='ocrx_word' id='word_1_168' title='bbox 429 2021 522 2050; x_wconf 88' lang='lat' dir='ltr'>non</span> <span class='ocrx_word' id='word_1_169' title='bbox 536 2021 636 2050; x_wconf 86' lang='lat' dir='ltr'>raro</span> <span class='ocrx_word' id='word_1_170' title='bbox 646 2001 805 2049; x_wconf 85' lang='lat' dir='ltr'>fuerit</span> <span class='ocrx_word' id='word_1_171' title='bbox 793 2001 1023 2067; x_wconf 82' lang='lat' dir='ltr'>interpreti</span> <span class='ocrx_word' id='word_1_172' title='bbox 1037 2019 1155 2048; x_wconf 90' lang='lat' dir='ltr'>novo</span> <span class='ocrx_word' id='word_1_173' title='bbox 1171 1998 1548 2069; x_wconf 73' lang='lat' dir='ltr'>conclamaudum.</span> <span class='ocrx_word' id='word_1_174' title='bbox 1567 1997 1656 2049; x_wconf 87' lang='lat' dir='ltr'>Sed</span> 
     </span>
     <span class='ocr_line' id='line_1_22' title="bbox 237 2083 1655 2157; baseline -0.003 -21"><span class='ocrx_word' id='word_1_175' title='bbox 237 2088 369 2136; x_wconf 91' lang='lat' dir='ltr'>duces</span> <span class='ocrx_word' id='word_1_176' title='bbox 403 2089 605 2147; x_wconf 87' lang='lat' dir='ltr'>aderant,</span> <span class='ocrx_word' id='word_1_177' title='bbox 631 2108 739 2155; x_wconf 87' lang='lat' dir='ltr'>quas</span> <span class='ocrx_word' id='word_1_178' title='bbox 763 2089 917 2143; x_wconf 86' lang='lat' dir='ltr'>dicunt</span> <span class='ocrx_word' id='word_1_179' title='bbox 939 2087 1168 2157; x_wconf 71' lang='lat' dir='ltr'>primarias</span> <span class='ocrx_word' id='word_1_180' title='bbox 1189 2085 1428 2150; x_wconf 82' lang='lat' dir='ltr'>editioneS‚</span> <span class='ocrx_word' id='word_1_181' title='bbox 1454 2102 1551 2151; x_wconf 78' lang='lat' dir='ltr'>quae</span> <span class='ocrx_word' id='word_1_182' title='bbox 1571 2083 1655 2133; x_wconf 82' lang='lat' dir='ltr'>du·-</span> 
     </span>
     <span class='ocr_line' id='line_1_23' title="bbox 232 2157 1656 2239; baseline -0.004 -15"><span class='ocrx_word' id='word_1_183' title='bbox 232 2176 360 2224; x_wconf 85' lang='lat' dir='ltr'>bium</span> <span class='ocrx_word' id='word_1_184' title='bbox 383 2194 511 2224; x_wconf 90' lang='lat' dir='ltr'>omne</span> <span class='ocrx_word' id='word_1_185' title='bbox 534 2157 877 2234; x_wconf 52' lang='lat' dir='ltr'>solverent,⁴ubi</span> <span class='ocrx_word' id='word_1_186' title='bbox 898 2172 1131 2230; x_wconf 83' lang='lat' dir='ltr'>dubitandi</span> <span class='ocrx_word' id='word_1_187' title='bbox 1152 2172 1290 2229; x_wconf 70' lang='lat' dir='ltr'>locus,</span> <span class='ocrx_word' id='word_1_188' title='bbox 1311 2171 1404 2239; x_wconf 42' lang='lat' dir='ltr'>&gt;Ysix</span> <span class='ocrx_word' id='word_1_189' title='bbox 1425 2170 1542 2227; x_wconf 79' lang='lat' dir='ltr'>enim</span> <span class='ocrx_word' id='word_1_190' title='bbox 1561 2189 1656 2219; x_wconf 89' lang='lat' dir='ltr'>cre-</span> 
     </span>
     <span class='ocr_line' id='line_1_24' title="bbox 234 2257 1656 2330; baseline -0.004 -18"><span class='ocrx_word' id='word_1_191' title='bbox 234 2263 392 2322; x_wconf 88' lang='lat' dir='ltr'>dibile,</span> <span class='ocrx_word' id='word_1_192' title='bbox 421 2276 532 2330; x_wconf 87' lang='lat' dir='ltr'>quot</span> <span class='ocrx_word' id='word_1_193' title='bbox 562 2263 611 2311; x_wconf 90' lang='lat' dir='ltr'>in</span> <span class='ocrx_word' id='word_1_194' title='bbox 645 2282 815 2312; x_wconf 88' lang='lat' dir='ltr'>errores</span> <span class='ocrx_word' id='word_1_195' title='bbox 841 2280 1034 2328; x_wconf 90' lang='lat' dir='ltr'>pronum</span> <span class='ocrx_word' id='word_1_196' title='bbox 1051 2298 1063 2318; x_wconf 91' lang='lat'>,</span> <span class='ocrx_word' id='word_1_197' title='bbox 1097 2271 1209 2326; x_wconf 87' lang='lat' dir='ltr'>quot</span> <span class='ocrx_word' id='word_1_198' title='bbox 1230 2271 1275 2308; x_wconf 86' lang='lat' dir='ltr'>et</span> <span class='ocrx_word' id='word_1_199' title='bbox 1293 2277 1428 2327; x_wconf 80' lang='lat' dir='ltr'>quam</span> <span class='ocrx_word' id='word_1_200' title='bbox 1448 2257 1656 2321; x_wconf 87' lang='lat' dir='ltr'>gravibus</span> 
     </span>
     <span class='ocr_line' id='line_1_25' title="bbox 232 2345 1657 2415; baseline -0.006 -14"><span class='ocrx_word' id='word_1_201' title='bbox 232 2351 403 2400; x_wconf 89' lang='lat' dir='ltr'>mendis</span> <span class='ocrx_word' id='word_1_202' title='bbox 420 2350 727 2405; x_wconf 86' lang='lat' dir='ltr'>scaturientem</span> <span class='ocrx_word' id='word_1_203' title='bbox 739 2349 946 2401; x_wconf 80' lang='lat' dir='ltr'>finxerint</span> <span class='ocrx_word' id='word_1_204' title='bbox 963 2348 1224 2415; x_wconf 86' lang='lat' dir='ltr'>scriptorem</span> <span class='ocrx_word' id='word_1_205' title='bbox 1237 2346 1438 2411; x_wconf 86' lang='lat' dir='ltr'>omnium</span> <span class='ocrx_word' id='word_1_206' title='bbox 1451 2345 1657 2413; x_wconf 85' lang='lat' dir='ltr'>liquidis-</span> 
     </span>
     <span class='ocr_line' id='line_1_26' title="bbox 235 2434 1656 2505; baseline -0.005 -18"><span class='ocrx_word' id='word_1_207' title='bbox 235 2439 418 2498; x_wconf 88' lang='lat' dir='ltr'>simum,</span> <span class='ocrx_word' id='word_1_208' title='bbox 454 2439 742 2505; x_wconf 88' lang='lat' dir='ltr'>eumdemque</span> <span class='ocrx_word' id='word_1_209' title='bbox 770 2435 1085 2494; x_wconf 84' lang='lat' dir='ltr'>cultissimum,</span> <span class='ocrx_word' id='word_1_210' title='bbox 1112 2435 1190 2502; x_wconf 91' lang='lat' dir='ltr'>qui</span> <span class='ocrx_word' id='word_1_211' title='bbox 1215 2434 1486 2502; x_wconf 84' lang='lat' dir='ltr'>corrigendi,</span> <span class='ocrx_word' id='word_1_212' title='bbox 1508 2452 1656 2483; x_wconf 85' lang='lat' dir='ltr'>emen-</span> 
     </span>
     <span class='ocr_line' id='line_1_27' title="bbox 236 2520 1659 2590; baseline -0.005 -16"><span class='ocrx_word' id='word_1_213' title='bbox 236 2526 386 2582; x_wconf 88' lang='lat' dir='ltr'>dandi,</span> <span class='ocrx_word' id='word_1_214' title='bbox 413 2525 673 2574; x_wconf 83' lang='lat' dir='ltr'>restituendi</span> <span class='ocrx_word' id='word_1_215' title='bbox 702 2524 893 2587; x_wconf 80' lang='lat' dir='ltr'>Nasonis</span> <span class='ocrx_word' id='word_1_216' title='bbox 913 2523 1086 2575; x_wconf 88' lang='lat' dir='ltr'>laudem</span> <span class='ocrx_word' id='word_1_217' title='bbox 1108 2523 1195 2571; x_wconf 85' lang='lat' dir='ltr'>sibi</span> <span class='ocrx_word' id='word_1_218' title='bbox 1217 2523 1346 2590; x_wconf 84' lang='lat' dir='ltr'>unice</span> <span class='ocrx_word' id='word_1_219' title='bbox 1367 2520 1659 2585; x_wconf 60' lang='lat' dir='ltr'>adrogabant,</span> 
     </span>
     <span class='ocr_line' id='line_1_28' title="bbox 237 2608 1654 2679; baseline -0.006 -16"><span class='ocrx_word' id='word_1_220' title='bbox 237 2613 466 2677; x_wconf 87' lang='lat' dir='ltr'>Laudandi</span> <span class='ocrx_word' id='word_1_221' title='bbox 484 2632 607 2671; x_wconf 87' lang='lat' dir='ltr'>sane,</span> <span class='ocrx_word' id='word_1_222' title='bbox 632 2633 767 2679; x_wconf 90' lang='lat' dir='ltr'>quum</span> <span class='ocrx_word' id='word_1_223' title='bbox 783 2612 907 2661; x_wconf 86' lang='lat' dir='ltr'>locos</span> <span class='ocrx_word' id='word_1_224' title='bbox 926 2611 1137 2679; x_wconf 85' lang='lat' dir='ltr'>temporis</span> <span class='ocrx_word' id='word_1_225' title='bbox 1156 2610 1337 2677; x_wconf 89' lang='lat' dir='ltr'>injuria,</span> <span class='ocrx_word' id='word_1_226' title='bbox 1363 2608 1430 2676; x_wconf 85' lang='lat' dir='ltr'>vel</span> <span class='ocrx_word' id='word_1_227' title='bbox 1448 2608 1654 2662; x_wconf 88' lang='lat' dir='ltr'>librario-</span> 
     </span>
     <span class='ocr_line' id='line_1_29' title="bbox 235 2680 1652 2767; baseline -0.005 -17"><span class='ocrx_word' id='word_1_228' title='bbox 235 2719 334 2750; x_wconf 89' lang='lat' dir='ltr'>rum</span> <span class='ocrx_word' id='word_1_229' title='bbox 364 2680 758 2767; x_wconf 36' lang='lat' dir='ltr'>priorum&#39;inscitia</span> <span class='ocrx_word' id='word_1_230' title='bbox 781 2698 1007 2750; x_wconf 85' lang='lat' dir='ltr'>manifeste</span> <span class='ocrx_word' id='word_1_231' title='bbox 1029 2697 1290 2766; x_wconf 82' lang='lat' dir='ltr'>depravatos</span> <span class='ocrx_word' id='word_1_232' title='bbox 1306 2735 1319 2759; x_wconf 90' lang='lat'>,</span> <span class='ocrx_word' id='word_1_233' title='bbox 1343 2695 1477 2746; x_wconf 86' lang='lat' dir='ltr'><strong>MSS.</strong></span> <span class='ocrx_word' id='word_1_234' title='bbox 1502 2694 1652 2745; x_wconf 77' lang='lat' dir='ltr'>subsi-</span> 
     </span>
    </p>
   </div>
  </div>
 </body>
</html>
