1884 3112
484 423 1002 498 EPISTOLA
1051 382 1220 496 vn.

565 918 785 976 DIDO
853 917 1133 977 AENEAE.

148 1089 280 1167 SIC,
298 1107 386 1157 -ubi
407 1107 498 1157 fata
518 1120 702 1167 vocant,
727 1108 829 1157 udis
853 1107 1051 1174 abjectus
1068 1107 1116 1156 in
1135 1106 1286 1156 herbis
1299 1143 1312 1165 ,

139 1203 151 1214 ·
208 1189 284 1240 Ad
305 1187 415 1238 vada
434 1185 654 1236 Maeandri
671 1185 868 1235 concinit
883 1185 1012 1233 albus
1034 1185 1144 1233 olor.

143 1269 258 1326 Nec,
284 1265 389 1333 quia
410 1276 454 1313 te
476 1275 632 1312 nostra
652 1281 824 1329 sperem
844 1280 973 1328 prece
994 1280 1128 1328 posse
1148 1261 1341 1320 moveri,

210 1342 476 1410 Adloquor:
495 1340 677 1390 adverso
700 1339 919 1388 movimus
938 1338 1024 1387 ista
1044 1338 1157 1387 Deo.

193 1501 222 1522 1.
245 1487 319 1529 Sic,
335 1486 482 1532 abisaia
495 1489 623 1530 vocant
633 1491 698 1521 etc.
713 1484 825 1531 Quod

146 1539 338 1586 prefigitur
343 1539 448 1586 vulgo
457 1538 692 1585 Epistularum
699 1537 826 1583 cuique

145 1593 314 1627 d11etichon
322 1617 333 1636 ,
346 1591 476 1626 merito
484 1603 504 1625 a
513 1590 638 1626 criticis
647 1589 824 1634 omnibus,

145 1641 242 1676 velut
255 1653 342 1687 opus
351 1640 550 1676 adulterum
562 1646 598 1673 et
610 1644 752 1673 auctore
767 1637 826 1673 in-

145 1691 292 1738 dignum
302 1717 314 1736 ,
329 1705 350 1726 e
364 1697 461 1726 textu
468 1689 593 1736 procul
602 1689 740 1724 exulare
750 1689 826 1735 jus-

144 1757 224 1780 sum
239 1751 302 1780 est.
319 1744 401 1779 Hoc
416 1742 498 1779 huic
514 1749 678 1789 praeerat:

160 1803 271 1838 Accipe,
278 1804 439 1836 Dardanide,
449 1803 585 1830 morituroe
597 1812 701 1829 carmen
711 1802 807 1829 Elinoe
817 1811 825 1829 t

195 1854 262 1887 Qun
271 1853 348 1887 legis,
360 1863 377 1879 n
390 1853 463 1879 nobis
476 1853 569 1879 ultima
581 1853 661 1878 verba
672 1853 744 1886 legis.

146 1902 256 1939 Haud
269 1902 340 1938 seio
354 1909 474 1939 tamen
490 1915 535 1938 an
549 1915 625 1938 non
635 1902 680 1938 sit
695 1915 826 1950 praepo-

146 1954 308 1990 nendum
319 1981 329 1999 ‚
345 1955 373 1991 si
382 1968 526 1991 sensum
539 1955 746 2001 respexeris,
765 1968 827 2001 ge-

146 2007 265 2043 nuinis
270 2015 307 2043 et
313 2007 494 2044 Ovidianis
501 2009 652 2044 nimium
658 2008 825 2053 versibus,

149 2058 223 2104 qui,
238 2058 293 2094 vel
307 2059 437 2106 abipso
451 2059 592 2095 exordio
601 2086 611 2104 ,
626 2072 713 2106 opus
724 2058 826 2093 indi-

149 2110 353 2146 cantinselix
360 2124 511 2157 summa,
522 2119 637 2158 partes
643 2111 723 2147 licet
731 2110 827 2146 haud

149 2163 419 2200 contemnenda
430 2165 510 2200 sint.
527 2165 618 2211 Quis
629 2164 726 2200 enim
740 2164 830 2198 serat

149 2221 292 2261 poetam
303 2241 314 2260 ,
330 2216 368 2251 in
376 2229 415 2251 re
425 2224 499 2252 tam
508 2217 623 2263 gravi,
639 2223 675 2252 et
689 2223 762 2251 tam
778 2215 832 2250 la·-

150 2267 332 2303 mentabili
343 2276 564 2315 argumento,
579 2269 616 2303 in
627 2268 724 2304 istius
732 2266 832 2303 modi

149 2320 245 2356 lusus
258 2321 439 2367 exspatiari
457 2321 691 2357 luxuriantem
703 2320 720 2355 ?
739 2320 830 2366 Quis

150 2372 272 2408 credat
304 2386 462 2419 unquam
480 2373 661 2409 Didonem
673 2400 682 2417 ,
705 2377 832 2408 cedam

150 2428 255 2465 moti,
281 2432 318 2460 et
333 2427 502 2470 pallidam
513 2425 639 2470 sutura
661 2429 766 2460 morte
774 2451 784 2468 ,
804 2423 833 2460 si

132 2499 137 2505 ›
151 2477 197 2512 ad
229 2477 384 2512 AEneam
420 2477 609 2523 scripsisset
619 2504 629 2522 ,
662 2477 834 2523 desperati

152 2531 281 2566 amoris
293 2533 414 2565 ultima
433 2532 536 2565 verba
546 2556 556 2572 ,
579 2529 710 2564 ultimis
722 2529 835 2564 mori-

151 2582 223 2618 turi
232 2582 332 2631 cycni
341 2583 498 2618 cantibus
507 2582 704 2618 assimilasse
714 2581 732 2617 ?
744 2582 769 2616 J
771 2595 834 2618 ure

150 2634 259 2682 igitur
281 2634 408 2671 Fabius
426 2634 577 2680 Quintil.
598 2635 711 2670 Instit.
727 2645 750 2669 x
763 2661 773 2678 ,
794 2649 808 2670 1
824 2647 834 2670 ε

153 2687 336 2723 «Lascivus
348 2690 385 2722 ιἰι
398 2690 541 2723 heroicis
556 2700 681 2733 quoquc
696 2685 801 2722 ovid.
814 2701 834 2718 υ

198 2754 230 2775 2.
257 2742 415 2775 Concinit
436 2742 535 2775 albus
558 2742 639 2775 olor.
659 2739 835 2775 Solemnis

130 2841 133 2843 d
159 2791 246 2837 apud
262 2793 388 2831 Poetas
398 2799 534 2831 veteres
548 2793 650 2842 cycni
664 2806 743 2840 vox,
758 2804 837 2841 quae

890 1496 934 1520 eo
945 1495 1072 1527 canora
1086 1482 1196 1530 magis
1207 1509 1217 1527 ,
1235 1496 1306 1529 quo
1320 1495 1414 1519 mors
1430 1483 1572 1530 propius

889 1535 1045 1571 instaret.
1069 1534 1162 1580 Quae
1182 1535 1323 1582 opinio,
1346 1536 1411 1571 etsi
1436 1536 1570 1582 poetice

889 1588 1040 1623 arrideat
1053 1614 1064 1632 ‚
1088 1587 1157 1622 fide
1174 1594 1293 1623 tamen
1307 1601 1447 1634 semper
1461 1588 1573 1623 caruit

891 1640 982 1686 apud
994 1639 1068 1675 illos
1078 1652 1214 1684 omnes,
1227 1653 1245 1675 e
1255 1640 1378 1686 quibus
1389 1640 1574 1675 auctoritas

889 1692 962 1738 peti
977 1691 1075 1726 solet.
1103 1690 1219 1726 Adeas
1236 1691 1316 1727 licet
1330 1692 1460 1727 AElian.
1486 1692 1573 1726 Var.

890 1743 984 1779 Hist.
1000 1754 1015 1778 1
1027 1769 1037 1787 ,
1061 1744 1110 1787 14.
1126 1743 1217 1778 Plin.
1231 1743 1323 1780 Hist.
1337 1744 1419 1780 Nat.
1440 1755 1484 1788 x,
1505 1744 1572 1786 233

890 1802 928 1831 et
953 1795 1190 1841 Athenaeum,
1223 1807 1283 1840 lx,
1321 1810 1371 1831 11.
1391 1812 1436 1823 --
1461 1795 1575 1831 Albus

888 1851 969 1884 olor.
997 1849 1163 1895 Epitheta
1192 1848 1395 1885 Aristoteles
1430 1850 1444 1894 (
1467 1848 1575 1884 Rhet.

890 1912 959 1945 111,
984 1901 1064 1945 3.),
1096 1900 1125 1936 si
1140 1900 1299 1947 longiora
1320 1907 1379 1936 aut
1403 1901 1574 1946 frequen-

890 1952 1002 1997 tiora,
1030 1956 1163 1988 tertium
1186 1953 1225 1987 in
1251 1952 1409 1987 oratione
1431 1952 1576 1997 sn'gonssr

887 2018 995 2050 genus
1008 2004 1165 2051 adsignat
1180 2015 1189 2038 t
1202 2004 1257 2040 Ἐν
1269 2008 1324 2049 μὲν
1335 2007 1456 2045 ποιήσει
1470 2005 1578 2049 πρέπει

891 2058 971 2103 γάλοι
995 2059 1094 2093 λευκδν
1121 2059 1224 2093 εἰπεῖν·
1241 2057 1269 2091 ἓν
1288 2060 1319 2092 δὲ
1336 2058 1414 2103 λόγῳ
1427 2082 1437 2099 ,
1467 2058 1507 2091 τὰ
1520 2059 1576 2100 μὲν

894 2110 1099 2155 ἄκρεπέςερα.
1113 2109 1198 2145 Non
1213 2120 1298 2154 ergo
1317 2106 1509 2154 culpandus
1524 2114 1577 2143 est

893 2161 1023 2198 Noster
1041 2161 1113 2207 qui,
1129 2161 1286 2207 quamvis
1300 2172 1407 2195 nemo
1417 2160 1577 2206 ignoret,

894 2213 994 2262 cycni
1001 2213 1155 2248 colorem
1161 2211 1390 2248 indicandum
1396 2212 1578 2248 curaverit.

946 2267 977 2310 4.
1025 2266 1178 2301 Adverso
1204 2268 1364 2302 movimus
1393 2268 1464 2300 ista
1488 2266 1577 2301 Deo.

896 2318 1031 2354 Amore
1043 2317 1181 2362 scilicet,
1197 2318 1257 2364 qui
1271 2317 1452 2355 Didonem
1466 2329 1578 2363 usque

895 2370 1141 2417 persequitur,
1169 2376 1206 2406 et
1234 2370 1383 2405 invitam
1414 2370 1506 2416 cogit
1532 2368 1578 2403 ad

897 2423 1051 2458 AEneam
1061 2423 1210 2460 scribere
1219 2450 1229 2468 ,
1248 2423 1405 2469 quamvis
1414 2436 1489 2457 non
1500 2435 1580 2467 spe-

897 2480 951 2512 ret
973 2475 1074 2510 illum
1108 2475 1168 2511 tali
1187 2488 1290 2520 prece
1318 2478 1445 2510 moveri
1464 2486 1580 2520 posse.

897 2528 994 2565 Male
1011 2527 1137 2574 igitur,
1161 2528 1221 2573 qui
1243 2540 1361 2564 auerso
1389 2526 1580 2573 legendum

897 2587 1135 2623 censuerunt;
1165 2579 1270 2626 longe
1295 2579 1402 2624 alius,
1429 2586 1470 2613 ut
1493 2578 1583 2613 mihi

897 2632 1038 2669 videtur
1062 2645 1182 2668 sensus
1205 2645 1215 2668 ε
1234 2631 1376 2668 sienim
1400 2630 1581 2667 aDidone

898 2698 1034 2722 aversus
1047 2685 1146 2721 Deus
1155 2685 1232 2729 iste,
1245 2697 1321 2720 non
1333 2696 1451 2719 amore
1465 2681 1580 2727 periis-

898 2745 960 2775 set.
979 2758 1023 2765 —
1044 2739 1235 2780 Mammam
1263 2736 1359 2782 quasi
1373 2735 1463 2770 dicat
1478 2760 1487 2777 ,
1513 2747 1581 2768 ex·-

898 2798 1058 2829 tremum
1064 2791 1132 2828 hoc
1145 2789 1245 2827 nobis
1256 2814 1266 2834 ,
1283 2795 1319 2824 et
1332 2799 1422 2834 aegre
1435 2785 1578 2832 quidem
