1884 3112
1364 252 1580 268 mmmm}
1583 254 1601 269 V

272 399 621 470 ULIXIS
689 397 821 470 AD
891 397 1508 469 PENELOPEN

721 553 1079 600 RESPONSIO‚

321 675 717 733 AUCTORE
767 677 998 733 AULO
1051 676 1390 735 SABINO.
1412 676 1439 705 '⁶

179 842 233 912 P
238 871 484 910 ERTULIT
516 858 572 908 ad
598 858 809 907 miserum
830 856 1008 907 tandem
1030 870 1107 908 tua
1128 878 1254 910 casus
1276 860 1463 922 Ulixen,

121 929 127 934 ’
244 937 464 1005 Penelope
479 975 492 997 ‚
519 936 682 987 chartis
703 936 838 986 verba
854 948 1009 985 notata
1029 937 1130 1003 piis.

178 1016 356 1080 Agnovi
377 1034 608 1083 caramque
626 1033 832 1074 manum,
857 1033 1140 1083 gemmasque
1162 1015 1315 1067 fideles
1336 1038 1348 1066 :

220 1147 239 1167 *
271 1147 355 1190 Fuit
393 1146 523 1183 Aums
555 1145 723 1196 *Sumus
757 1151 862 1192 poeta

179 1199 310 1238 Ovidio
322 1199 460 1247 aequalis
470 1226 481 1244 ,
495 1212 562 1235 nec
574 1198 740 1245 indignus
753 1211 861 1244 quem

176 1253 335 1290 laudaret
347 1260 468 1288 noster
476 1279 486 1296 ,
498 1259 533 1287 et
545 1252 734 1286 immatura
745 1258 862 1285 morte

178 1305 375 1342 litterarum
383 1304 504 1340 studiis
511 1301 863 1350 praereptumdeside-

179 1365 273 1393 raret
290 1359 361 1403 (De
371 1359 532 1400 Ponl.1v‚
547 1355 645 1401 Eleg.
662 1354 728 1397 16).
742 1354 863 1399 Scrip-

178 1417 270 1446 serat
283 1436 292 1454 ‚
322 1416 362 1444 ut
395 1421 436 1443 ex
469 1408 543 1454 ipso
572 1413 668 1453 patet
693 1406 833 1442 Nasone
849 1433 859 1450 ‚

180 1463 311 1507 (Amor.
322 1473 366 1505 11,
378 1460 474 1507 Eleg.
492 1459 568 1504 18,)
583 1457 741 1505 epistolas
751 1458 862 1493 Ulixis

180 1513 225 1549 ad
244 1513 467 1559 Penelopen,
488 1510 673 1558 Hippolyti
693 1510 735 1545 ad
756 1509 862 1544 Phae-

180 1566 281 1601 dram
290 1592 300 1610 ,
315 1565 440 1600 AEneae
453 1563 496 1598 ad
509 1562 689 1598 Didonem
698 1589 707 1606 ,
722 1562 861 1596 Demo-

179 1617 344 1666 phoontis
362 1615 404 1652 ad
429 1614 616 1664 Phylliden
628 1642 638 1660 ,
655 1614 794 1650 Jasonis
816 1614 861 1649 ad

179 1668 410 1719 Hypsipylen.
432 1668 574 1703 Harum
596 1679 681 1702 vero
695 1667 858 1702 omnium

177 1729 310 1759 exstare
319 1721 467 1756 omnino
475 1719 609 1755 nullam
617 1719 769 1755 affirmat
776 1718 860 1755 Ger.

178 1767 423 1811 JohNossiu's.
437 1787 454 1803 «
464 1772 562 1816 Scio,
571 1772 686 1818 inquit
696 1773 749 1806 vir
762 1771 861 1806 omni

178 1826 421 1863 doctrinarum
439 1824 543 1860 laude
560 1823 670 1860 clarus
684 1850 693 1869 ‚
710 1824 774 1859 sub
792 1819 861 1859 no·-

179 1879 276 1915 mine
295 1878 418 1915 Sabini
436 1877 504 1924 legi
519 1883 660 1920 temas3
690 1877 804 1912 Ulmzr
814 1879 866 1910 ad

180 1933 374 1977 Penelopen
387 1959 397 1973 ‚
411 1932 678 1975 Demophoontis·
690 1931 742 1964 ad
752 1931 862 1977 Phyl-

177 1986 291 2028 liden,
310 1991 346 2019 et
370 1980 509 2019 Paridis
530 1984 582 2016 ad
600 1983 762 2017 OEnonen.
788 1982 861 2017 Sed

179 2036 332 2084 indignae
347 2049 488 2083 prorsus
505 2034 638 2071 Sabino
650 2062 659 2079 ,
675 2035 730 2070 vel
744 2035 860 2081 aliquo

179 2088 270 2124 illius
296 2088 463 2135 temporis
488 2095 591 2134 poeta
605 2100 612 2123 :
635 2087 720 2133 quin
744 2100 861 2133 neque

182 2148 302 2176 nostro
323 2142 351 2178 si
371 2154 446 2178 aevo
462 2140 597 2188 scriptae
613 2141 750 2185 forent,
767 2140 862 2175 mul-

182 2199 260 2228 tum
269 2193 379 2230 laudis
389 2201 614 2229 mererentur
628 2207 657 2227 ».
674 2193 761 2228 Haec
774 2193 862 2228 Vos-

182 2245 271 2290 sius,
289 2247 332 2283 de
346 2247 441 2282 Poet.
457 2247 535 2280 lat.
548 2259 576 2280 c.
593 2259 623 2280 2.
652 2244 862 2280 Audiendus

182 2311 280 2333 nunc
291 2298 344 2333 vir
355 2310 430 2333 non
440 2298 503 2344 ipsi
516 2298 642 2333 Vossio
655 2298 692 2332 in
705 2304 779 2332 arte
792 2297 862 2332 cri-

183 2352 250 2387 tica
271 2350 442 2387 secundus
457 2377 467 2396 ,
492 2351 568 2387 Nic.
587 2350 754 2386 Heinsius
769 2377 779 2394 ,
802 2350 862 2395 qui

182 2403 290 2439 dictas
304 2416 408 2450 supra
427 2403 587 2449 epistolas
609 2416 684 2438 non
700 2404 749 2438 ita
763 2416 863 2449 sper-

182 2456 316 2491 nendas
330 2455 497 2502 judicavit
506 2482 515 2499 ,
528 2462 567 2490 ut
581 2468 654 2490 non
667 2455 760 2491 curis
774 2455 862 2489 illus-

181 2515 291 2544 wax-et
304 2536 314 2554 ,
339 2516 375 2544 et
398 2507 673 2554 diligentioribus
693 2506 837 2553 quidem
850 2533 860 2552 ‚

183 2573 290 2607 quam
305 2574 360 2596 res
379 2560 452 2607 ipsa
475 2560 648 2606 postulare
670 2559 862 2594 videbatur.

183 2612 244 2648 Sic
257 2612 313 2648 ille
328 2627 336 2650 ς
354 2628 370 2643 «ε
382 2612 506 2649 Nullos
519 2613 637 2648 videre
653 2612 739 2647 mihi
753 2612 862 2648 conti-

184 2665 234 2714 git
244 2665 379 2702 codices
389 2679 499 2701 manu
510 2672 680 2709 exaratos,
689 2666 726 2700 in
739 2665 862 2711 quibus

184 2716 239 2755 hae
268 2725 442 2755 exstarent
467 2718 630 2765 epistolae.
669 2718 711 2752 ln
743 2717 863 2764 primis

186 2770 291 2807 etiam
314 2770 394 2806 edd.
416 2770 678 2817 desiderantum
697 2783 763 2808 nec
785 2769 863 2806 satis

343 2833 383 2876 J.

927 1152 1063 1181 constat
1070 1147 1125 1182 cui
1134 1147 1279 1193 gloriam
1289 1148 1423 1184 inventi
1431 1149 1536 1195 hujus
1545 1153 1612 1186 lbe-

925 1202 1026 1233 sauri
1035 1198 1234 1234 debeamus.
1256 1200 1421 1247 Suspicor
1436 1209 1555 1238 tamen
1575 1204 1611 1238 id

928 1250 1123 1296 exemplar,
1138 1251 1233 1297 quod
1258 1254 1445 1300 Cydtjopes,
1465 1268 1503 1290 ac
1524 1257 1614 1300 Sap—

920 1304 1012 1347 phus
1025 1303 1206 1348 epistolam
1226 1304 1401 1351 integram
1413 1307 1514 1342 nobis
1530 1322 1612 1343 ser—

927 1355 1019 1390 vavit
1033 1381 1043 1399 ‚
1060 1362 1096 1390 et
1110 1358 1249 1391 Paridis·
1268 1357 1461 1393 auctiorem
1471 1386 1480 1403 ,
1495 1360 1612 1395 usibus

927 1406 983 1446 hic
999 1407 1105 1442 etiam
1120 1408 1264 1454 publicis
1279 1410 1501 1446 consuluisse.
1518 1412 1612 1447 Eus-

928 1458 1056 1494 tathius
1072 1460 1217 1504 quidem
1233 1460 1428 1496 swarthius
1438 1489 1448 1506 ‚
1464 1464 1501 1497 in
1517 1465 1611 1499 Ana«

926 1509 1023 1545 lectis
1042 1510 1100 1546 lib.
1117 1525 1131 1545 1
1147 1537 1157 1556 ,
1175 1524 1203 1546 c.
1217 1526 1236 1546 2
1252 1539 1261 1556 ,
1279 1513 1456 1559 exemplar
1477 1516 1611 1550 calamo

927 1562 1141 1610 descriptum
1165 1564 1392 1610 epistolarum
1418 1567 1540 1603 Sabini
1567 1569 1609 1603 ad

926 1623 1040 1662 partes
1053 1616 1234 1651 interdum
1247 1626 1366 1663 vocat,
1379 1619 1474 1665 quod
1487 1619 1613 1667 Caspa-

925 1667 972 1703 ris
988 1668 1124 1703 Barthii
1142 1670 1248 1705 suerit
1263 1685 1270 1713 ;
1293 1671 1522 1718 ejusdemque
1540 1673 1612 1719 ipse

926 1719 1091 1757 Barthius
1098 1722 1353 1758 inAdversart'llr
1359 1724 1506 1760 subinde
1514 1739 1612 1761 men-

926 1772 1062 1808 tionem
1078 1774 1168 1809 facit.
1190 1774 1260 1810 Sed
1284 1789 1395 1822 quum
1410 1784 1446 1812 et
1466 1777 1561 1815 hunc
1577 1786 1612 1813 et

926 1824 1024 1860 illum
1035 1852 1046 1870 ,
1062 1825 1149 1861 ‹lum
1158 1827 1195 1861 in
1207 1827 1290 1864 vivis
1302 1836 1417 1864 essent
1428 1856 1437 1873 ,
1452 1843 1515 1875 per
1524 1831 1614 1865 ami-

926 1890 983 1913 cos
1009 1879 1162 1925 rogarim
1177 1906 1187 1924 ,
1211 1887 1250 1914 ut
1278 1893 1382 1916 usum
1407 1882 1504 1918 istius
1534 1883 1612 1918 libri

926 1929 1013 1964 mihi
1030 1938 1235 1976 praestarent
1246 1959 1256 1976 ,
1274 1940 1377 1978 atque
1393 1934 1480 1968 alter
1495 1947 1552 1970 me
1567 1934 1611 1970 ad

927 1982 1077 2017 alterum
1111 1984 1276 2030 ablegarit
1291 2011 1300 2029 ,
1330 1985 1428 2020 facile
1459 1986 1611 2023 intellexi

925 2048 1054 2070 vanam
1069 2049 1087 2071 a
1102 2049 1160 2071 me
1176 2050 1275 2082 spem
1290 2038 1401 2073 foveri
1415 2052 1424 2080 ;
1439 2052 1505 2074 nec
1521 2041 1611 2075 tanti

925 2100 1008 2122 sane
1020 2095 1102 2123 sunt
1112 2115 1122 2133 ‚
1137 2102 1214 2134 quae
1228 2102 1269 2123 ex
1279 2089 1351 2134 illo,
1365 2090 1394 2125 si
1406 2090 1470 2126 Dis
1482 2091 1611 2138 placet,

926 2147 1062 2174 vetusto
1078 2140 1195 2176 codice
1211 2141 1253 2176 ab
1268 2141 1308 2176 iis
1323 2151 1556 2189 promuntur,
1572 2153 1612 2180 ut

925 2192 1067 2227 salivam
1075 2192 1175 2228 nobis
1186 2192 1229 2227 de
1239 2193 1312 2240 ipso
1320 2194 1409 2229 libro
1417 2196 1612 2234 evolvendo

926 2244 1074 2279 excitare
1089 2244 1249 2280 debeant.
1267 2246 1403 2282 Primas
1416 2248 1532 2294 itaque
1547 2248 1613 2283 ha-

926 2310 1008 2332 rum
1024 2297 1248 2344 epistolarum
1262 2299 1340 2334 edd.
1350 2326 1360 2344 ,
1375 2300 1521 2335 alteram
1535 2302 1611 2336 Ve—

926 2350 1028 2385 netiis
1042 2377 1051 2394 ,
1076 2350 1157 2394 1485
1173 2365 1180 2393 ;
1201 2351 1347 2386 alteram
1364 2353 1502 2388 Parmae
1519 2367 1609 2399 pro-

926 2415 1044 2437 cusam
1054 2430 1064 2447 ‚
1090 2403 1192 2452 1489,
1211 2403 1425 2440 adhibendas
1449 2406 1540 2441 duxi.
1567 2406 1610 2440 In

925 2455 1058 2490 caeteris
1073 2481 1082 2498 ,
1104 2457 1286 2491 diamaado
1311 2471 1366 2491 res
1391 2470 1411 2491 a
1434 2471 1491 2492 me
1518 2465 1613 2504 gesta

927 2514 980 2542 est
997 2523 1024 2541 υ.
1050 2508 1185 2543 HE1Ns.
1199 2527 1244 2534 —
1258 2509 1374 2543 Litem
1392 2509 1482 2543 hanc
1502 2509 1613 2545 lector

928 2573 998 2605 quo
1014 2559 1158 2594 dirimat
1168 2560 1317 2604 facilius,
1335 2573 1435 2595 suam
1449 2559 1613 2607 Epistolae

927 2612 1053 2658 cuique
1083 2612 1349 2658 responsionem
1370 2612 1582 2664 subjecimus
1601 2642 1610 2659 ,

929 2677 1006 2710 quae
1017 2664 1120 2711 vulgo
1137 2664 1179 2698 ad
1196 2663 1382 2699 voluminis
1397 2664 1528 2701 calcem
1540 2668 1612 2712 —ju-

928 2716 1060 2752 bentur
1074 2716 1222 2751 exulare.

974 2769 1003 2803 3.
1022 2769 1378 2815 Gemmasquefideles.
1386 2769 1548 2808 Annulos
1555 2772 1617 2807 sci-

1402 2849 1425 2874 2
