1884 3112
315 253 401 298 380
764 255 1116 300 EPISTOLA
1147 254 1259 301 XX.

376 345 539 394 Juratae
558 344 626 393 vel
649 363 741 393 non
763 345 862 394 talis
884 346 1116 395 habendus
1139 360 1247 396 erat.

311 416 416 472 Haec
437 423 520 471 tihi
543 443 610 471 me
633 423 681 470 in
703 423 869 471 somnis
892 423 1121 488 jaculatrix
1143 424 1332 473 scrihere
1355 425 1552 484 Phoebe;

378 503 483 550 Haec
505 501 587 549 tibi
608 520 677 549 me
697 501 873 564 vigilem
896 501 1087 550 scribere
1108 501 1241 566 jussit
1262 502 1414 550 Amor.

311 579 351 626 E
374 577 538 643 quibus
560 576 737 625 alterius
759 577 869 625 mihi
887 577 977 642 jam
994 596 1184 626 nocuere
1204 579 1372 641 sagittae
1394 597 1404 627 :

376 652 575 701 Alterius
596 665 783 702 noceant
805 673 860 702 ne
884 654 968 701 tibi
991 654 1099 712 tela,
1127 674 1242 713 cave,

312 730 341 777 J
344 741 475 778 uncta
495 728 612 778 salus
634 742 786 778 nostra
810 742 877 778 est
894 750 904 778 :
921 731 1125 779 miserere
1149 731 1343 796 meique,
1370 729 1542 796 tuique.'

379 805 504 869 Quid
526 806 704 856 dubitas
728 827 861 856 unam
882 807 994 856 ferre
1020 807 1195 856 duobus
1217 808 1383 873 opem?

314 882 453 945 Quod
475 882 512 930 si
534 883 790 946 contigerit,
818 903 954 950 quum
972 885 1060 949 jam
1083 883 1183 932 data
1203 884 1328 947 signa
1354 883 1604 942 sonabunt,
1662 897 1731 932 235

379 959 625 1026 Tinctaque
648 961 798 1009 votivo
819 961 1031 1024 sanguine
1053 960 1192 1009 Delos
1210 962 1320 1020 erit;

315 1036 462 1086 Aurea
484 1048 678 1102 ponetur
697 1037 801 1085 mali
823 1037 961 1086 felicis
983 1039 1129 1101 imago
1143 1075 1155 1097 ‚

384 1114 613 1179 Causaque
631 1114 855 1164 versiculis
877 1115 1040 1181 scripta
1063 1115 1242 1163 duobus
1265 1115 1374 1163 erit:

316 1191 481 1254 Effigie*
500 1192 623 1258 pomi
648 1203 832 1240 testatur
854 1193 1074 1253 Acontius
1098 1192 1232 1257 hujus
1247 1229 1260 1249 ‚

383 1269 495 1332 Quae
517 1268 682 1317 fuerint
702 1269 750 1316 in
767 1289 819 1318 eo
842 1270 1025 1336 scripta,
1048 1269 1184 1317 fuisse
1203 1279 1309 1316 rata.

316 1346 518 1408 Longior
541 1346 763 1394 infirmum
783 1366 838 1395 ne
862 1346 995 1395 lasset
1016 1344 1205 1412 epistola
1227 1361 1387 1410 corpus
1401 1380 1413 1401 ‚

384 1423 630 1490 Clausaque
655 1436 868 1490 consueto
894 1424 952 1471 sit
975 1423 1059 1471 tibi
1081 1421 1194 1471 fine:
1214 1420 1319 1470 vale.

1662 516 1727 551 230

1669 1280 1735 1324 240

362 1537 436 1571 228.
459 1539 588 1571 Juratae
603 1540 664 1572 vel
674 1551 740 1573 non
763 1541 846 1573 talis
861 1540 997 1573 haben-

1062 1535 1212 1583 margini
1225 1534 1395 1580 adscripta
1403 1560 1413 1578 ‚
1430 1535 1528 1576 tuba,
1541 1533 1672 1569 sactum
1689 1538 1742 1569 est

320 1591 384 1623 dus
400 1594 482 1623 erat.
509 1590 616 1624 Forte
636 1603 645 1623 :

1063 1592 1146 1632 tibi,
1182 1587 1276 1622 unde
1299 1586 1401 1621 variae
1426 1584 1526 1620 codd.
1549 1584 1714 1620 lectiones
1728 1610 1739 1628 ,

354 1645 402 1669 Vel
412 1653 463 1669 non
473 1645 565 1677 juratae
577 1645 636 1669 talis
648 1645 772 1670 emendus
783 1650 846 1670 erat.

322 1693 365 1726 In
384 1692 598 1735 Amoribus,
616 1703 631 1726 1
643 1719 652 1736 ,
672 1693 768 1738 Eleg.
784 1694 804 1727 8
818 1719 827 1736 ,
846 1706 877 1726 v.
893 1693 956 1735 34:

354 1748 381 1773 Si
393 1753 417 1772 te
430 1757 481 1772 nou
493 1753 606 1780 emptam
618 1748 696 1773 vellet
705 1767 714 1779 ‚
732 1748 855 1772 emendus
870 1752 934 1772 erat.

323 1796 547 1842 Propertius,
563 1796 620 1831 lib.
638 1808 683 1831 111
697 1823 707 1840 ‚
726 1796 822 1842 Eleg.
840 1806 902 1831 xv1
917 1807 926 1830 :

355 1853 414 1876 Tati
428 1860 496 1877 mors
507 1852 589 1885 pretio
605 1852 646 1875 vel
657 1852 690 1876 sit
702 1852 809 1876 emenda
821 1851 896 1876 mihi.

323 1899 437 1935 Possit
453 1907 488 1935 et
504 1902 669 1935 amandus
686 1900 763 1946 legi.
780 1901 913 1935 HEINs.
930 1900 1002 1934 Ea·-

325 1952 408 1986 dem
422 1952 567 1987 varietas
581 1963 595 1986 1
606 1979 615 1996 ,
636 1952 739 1986 Trist.
753 1962 824 1985 vul
836 1978 845 1995 ‚
860 1953 902 1995 44
915 1966 923 1993 ;
941 1951 1002 1986 sed

324 2004 382 2039 hic
411 2006 586 2038 habendus
596 2031 604 2045 ‚
630 2003 717 2038 mihi
744 2003 1003 2049 praeserendum

325 2055 475 2090 videtur.
498 2056 606 2101 Epist.
620 2066 675 2091 vn
687 2082 697 2099 ,
720 2070 731 2089 1
741 2070 756 2101 7
774 2067 783 2088 :

327 2111 402 2136 Alter
412 2111 545 2136 habendus
560 2120 632 2136 amor
642 2111 691 2135 tihi
704 2116 792 2142 restat,
802 2116 828 2136 et
837 2111 915 2136 altera
923 2111 1001 2137 Dido.

328 2159 409 2194 Vid.
421 2167 456 2194 et
466 2160 522 2195 lib.
533 2171 580 2194 111
590 2186 599 2204 ,
614 2160 736 2194 Amor.
747 2160 800 2194 El.
811 2172 877 2203 ΧΠ,
893 2160 914 2194 6
924 2187 933 2204 ,
943 2160 1003 2194 ubi

328 2213 434 2246 etiam
464 2214 628 2247 amandus
649 2220 685 2247 et
713 2214 886 2248 habendus
918 2225 1005 2248 con-

328 2263 527 2298 funduntur
546 2264 583 2299 ixi
604 2265 712 2300 MSS.
735 2265 866 2300 BURM.

374 2316 448 2350 235.
475 2318 580 2359 Quum
590 2317 670 2360 jam
686 2319 771 2351 dala
784 2320 882 2362 stgrna
902 2330 1007 2352 sona-

329 2370 420 2401 bunt.
431 2368 579 2402 Variant
588 2369 703 2414 scripti
714 2383 721 2411 ;
738 2376 806 2404 tres
817 2396 825 2413 ,
840 2371 1006 2414 lz'bz‘quum

331 2421 434 2463 dala‚·
452 2419 674 2455 Lovaniensis
688 2447 698 2465 ,
717 2424 783 2455 tibi
793 2424 930 2465 cognita
948 2424 1006 2454 si-

329 2485 408 2515 ⁸aaa.
427 2471 640 2507 Barberinus
661 2498 670 2515 ‚
715 2476 781 2508 tibi
798 2487 894 2518 quum
923 2474 1007 2506 dala

332 2529 407 2557 tura
425 2523 616 2567 fumabunt.
651 2525 755 2559 Forte
786 2538 826 2559 ex
860 2524 1007 2570 vestigiis

332 2576 491 2610 codicum
505 2603 514 2620 ,
546 2578 646 2620 Quod
655 2580 692 2611 si
707 2580 901 2621 conll'gen'l,
927 2579 1009 2610 tuba

333 2641 428 2672 quum
436 2631 519 2664 dala
530 2632 628 2674 signa
635 2632 779 2665 sonabit.
794 2630 841 2664 H.
854 2629 884 2663 E
902 2628 1009 2674 glossa

1065 1653 1213 1687 quarum
1227 1639 1397 1685 posterior
1415 1637 1521 1672 etiam
1536 1636 1574 1671 in
1585 1643 1742 1671 metrum
1771 1674 1773 1678 Δ

1067 1700 1195 1739 peccat.
1219 1692 1380 1725 LENNEP.

1110 1746 1184 1788 240.
1202 1745 1281 1787 Qua·
1288 1742 1425 1786 fuerint.
1439 1742 1594 1780 Fuerant,
1607 1745 1742 1785 septem

1062 1796 1207 1832 codices.
1219 1795 1310 1839 Lege
1320 1794 1486 1838 ,fuerunl.
1500 1792 1575 1827 Art.
1585 1791 1667 1826 Am.
1674 1801 1720 1826 111
1732 1816 1741 1833 ,

1064 1851 1129 1893 405
1141 1875 1151 1892 ‚
1169 1861 1209 1882 ex
1225 1846 1336 1881 veteri
1353 1846 1441 1880 libro
1459 1855 1468 1876 ;

1066 1906 1133 1931 Cura
1144 1905 1241 1930 ducum
1251 1903 1356 1928 fuerunt
1366 1902 1429 1927 olim
1440 1909 1582 1934 regumque
1595 1905 1684 1934 poeta.
1742 1896 1749 1906 χ

1110 1955 1170 1997 241
1178 1980 1184 1987 .
1195 1954 1350 1997 Longior.
1357 1950 1537 1985 Monuisse
1547 1949 1631 1996 quid
1639 1947 1745 1995 opus?

1111 2007 1185 2049 242.
1220 2007 1408 2048 Clausaque
1431 2006 1590 2037 consueto
1613 2004 1662 2036 sit
1685 2003 1752 2035 tibi

1054 2059 1132 2102 fine
1142 2084 1151 2098 ‚
1178 2059 1265 2091 vale.
1290 2054 1504 2090 Barberinus
1527 2061 1563 2088 et
1588 2051 1745 2088 Lincoln.

1067 2111 1222 2142 clausula
1237 2111 1393 2142 consueto
1409 2119 1420 2141 .'
1433 2106 1524 2140 sorte
1541 2117 1615 2139 non
1633 2103 1722 2138 male
1733 2128 1744 2146 ‚

1069 2161 1097 2195 si
1112 2160 1203 2206 legas
1222 2170 1230 2191 :

1101 2215 1222 2241 Clausala
1233 2220 1354 2240 consueto
1367 2214 1400 2239 sit
1410 2213 1459 2239 tibi
1471 2212 1536 2245 fiue;
1554 2212 1621 2237 vale.

1072 2263 1185 2299 Cicer.
1194 2264 1252 2298 lib.
1262 2274 1306 2307 ΙΙ,
1321 2263 1433 2308 ΕρΛν
1443 2261 1486 2296 ad
1495 2261 1592 2296 Fam.
1612 2261 1747 2295 Utarea

1069 2318 1233 2355 clausula,
1248 2328 1313 2360 qua
1324 2317 1427 2349 soleo.
1438 2313 1560 2349 Senec.
1573 2313 1683 2358 Epist.
1694 2323 1748 2347 XI:

1070 2370 1151 2403 Jam
1167 2369 1351 2402 clausulam
1367 2367 1524 2410 Epistola
1533 2368 1649 2409 poscit
1662 2377 1672 2398 :
1688 2363 1748 2398 ubi

1072 2421 1177 2466 Lipsii
1191 2420 1297 2460 liber,
1316 2421 1475 2453 clausam.
1499 2417 1607 2462 Epist.
1623 2425 1749 2450 xxvn:

1072 2475 1185 2507 Finire
1190 2472 1269 2516 jam
1281 2473 1432 2506 volebam
1443 2497 1452 2511 ‚
1473 2474 1510 2504 et
1520 2481 1638 2503 manus
1652 2481 1749 2512 spec-

1072 2527 1172 2558 tabat
1196 2526 1247 2558 ad
1277 2525 1473 2558 clausulam.
1508 2522 1562 2556 Ita
1595 2520 1748 2555 clausula

1073 2578 1299 2617 Hz'slrionum,
1327 2575 1369 2609 de
1383 2587 1449 2620 qua
1460 2573 1537 2608 vide
1554 2572 1746 2608 casaubon.

1074 2628 1117 2661 ad
1133 2627 1231 2662 Suet.
1243 2627 1334 2673 Aug.
1355 2639 1428 2662 100.
1443 2626 1573 2662 Βωκω-

875 2729 1191 2746 ...ss-
