1884 3112
497 260 777 308 cANAcE
818 257 1182 324 MACAREO.

1460 274 1548 304 20·

185 356 393 407 Venisset
412 354 503 406 leto
526 356 666 405 serior
685 355 796 404 hora
817 356 944 404 meo!

124 437 218 485 Cur
238 451 440 501 unquam
461 431 565 500 plus
587 450 680 491 me,
705 432 861 491 frater,
889 450 1021 498 quam
1042 429 1179 479 frater
1202 428 1390 478 amasti?

190 512 251 559 Et
273 510 379 569 tibi,
401 528 496 558 non
519 508 654 558 debet
673 508 795 576 quod
817 527 946 557 soror
963 526 1076 565 esse,
1102 506 1198 554 fui?

127 591 230 656 Ipsa
243 604 432 655 quoque
455 586 648 645 incalui;
686 585 948 653 qualemque
971 584 1121 633 audire
1144 582 1360 647 solebam,
1511 599 1553 632 αῖ.

191 667 353 716 Nescio
379 685 510 733 quem
533 664 650 714 sensi
673 664 806 712 corde
829 675 1005 731 tepente
1029 664 1188 710 Deum.

129 746 323 808 Fugerat
346 762 423 792 ore
447 742 592 800 color;
611 741 772 790 macies
795 740 1037 789 adduxerat
1060 751 1208 798 artus;

194 821 439 870 Sumebant
460 819 668 868 minimos
692 836 769 867 ora
792 829 942 866 coacta
960 817 1084 865 cibos
1102 835 1112 864 :

129 900 222 948 Nec
245 898 391 947 somni
414 897 585 955 faciles,
608 908 653 946 et
669 915 760 944 nox
784 906 878 944 erat
894 913 1040 943 annua
1055 892 1218 951 nobis;

197 976 259 1024 Et
281 973 494 1037 gemitum
512 972 638 1021 nullo
663 972 765 1021 laesa
788 971 943 1021 dolore
968 971 1140 1020 dabam.
1517 987 1560 1020 30

132 1053 225 1102 Nec
249 1069 328 1100 cur
349 1049 442 1099 haec
462 1049 668 1109 facerem,
692 1061 891 1117 poteram
908 1048 1019 1097 mihi
1041 1047 1222 1097 reddere
1247 1066 1420 1097 causam
1438 1067 1448 1106 ;

199 1129 293 1178 Nec
315 1145 494 1186 noram,
515 1127 625 1194 quid
648 1146 798 1176 amans
821 1137 936 1175 esset
956 1146 965 1175 ε
987 1138 1032 1174 at
1053 1124 1167 1174 illud
1189 1144 1318 1173 eram.

135 1205 287 1255 Prima
304 1202 471 1253 malum
491 1203 644 1252 nutrix
667 1203 815 1252 animo
836 1202 1067 1270 praesensit
1086 1201 1191 1251 anili
1211 1222 1221 1250 :

203 1282 354 1331 Prima
372 1280 484 1329 mihi
504 1280 679 1339 nutrix,
703 1279 826 1329 AEoli
840 1318 852 1339 ,
877 1280 1007 1339 dixit,
1029 1298 1159 1328 amas.

137 1354 337 1419 Erubui,
361 1359 618 1425 gremioque
639 1358 787 1425 pudor
809 1357 967 1423 dejecit
991 1346 1181 1418 ocellos;
1524 1371 1567 1406 35

204 1439 312 1488 Haec
337 1438 444 1487 satis
466 1437 513 1486 in
535 1437 668 1486 tacita
687 1436 814 1500 signa
830 1435 1008 1485 fatentis
1030 1447 1166 1484 erant.

186 1589 240 1625 26.
260 1591 386 1627 Nescio
396 1602 490 1636 quen
509 1592 609 1625 sensi
622 1597 686 1626 etc.
714 1589 823 1636 lnge·-

142 1655 235 1678 uuus
249 1642 306 1679 hic
319 1642 452 1679 candor
465 1643 605 1678 fatentis
621 1642 767 1677 invitam
786 1655 823 1677 se

142 1695 255 1730 amori
263 1695 414 1739 cessisse,
424 1701 460 1730 et
467 1695 564 1741 quasi
570 1695 692 1742 ignoto
698 1695 824 1729 morbo

141 1754 352 1794 correptam,
363 1748 444 1784 sacti
455 1747 642 1791 horrorem
650 1747 826 1793 quodam—

142 1798 251 1834 modo
266 1799 470 1842 imminuit3
491 1799 667 1846 efficitque
684 1806 725 1834 ut
736 1799 826 1834 illius

142 1864 208 1887 nos
233 1851 397 1887 misereat
408 1877 419 1896 ,
447 1864 554 1898 quam
582 1851 740 1898 primum
754 1877 764 1896 ,
789 1858 825 1887 et

144 1904 280 1939 merito.
302 1902 468 1950 quidem,
499 1903 753 1940 cohorruimus.
782 1922 828 1930 —

149 1958 256 1992 Corde
268 1959 399 2001 tepente
410 1957 532 1991 Deum,
554 1956 668 1991 Nimis
683 1956 738 1990 lan
743 1956 828 2002 gui—

146 2007 234 2043 dum
254 2008 369 2043 visum
392 2015 444 2044 est
465 2008 541 2044 viro
567 2008 658 2043 doct.
681 2007 829 2044 Observ.

149 2060 296 2096 Miseeu.
320 2059 387 2095 vol.
401 2071 464 2106 vl,
479 2067 566 2096 tom.
592 2071 659 2102 111,
688 2073 721 2106 p.
742 2061 830 2103 5323

150 2112 210 2158 qui
221 2111 304 2148 inde
315 2116 473 2148 lmmente
480 2140 490 2155 ,
506 2113 561 2149 vel
571 2116 704 2158 repenle
714 2125 833 2148 emen-

151 2162 311 2199 dandum
337 2165 510 2200 censebat.
537 2164 610 2200 Sed
629 2164 757 2200 amoris
779 2163 833 2200 sui

151 2215 344 2263 primordia
373 2217 535 2255 describit
568 2217 706 2253 Canace
722 2232 731 2260 ;
767 2231 834 2253 nec

153 2268 414 2314 aliterloquitur
422 2269 511 2306 Hor.
525 2270 556 2315 1,
570 2269 683 2315 Od.4,
694 2270 730 2304 in
744 2269 835 2305 fine:

151 2328 209 2361 Nec
219 2334 339 2354 tenerum
357 2329 478 2364 Lyci&-
497 2330 635 2362 minbere,
645 2339 698 2364 quo
708 2331 774 2356 calet
785 2332 838 2364 ju·-

245 2378 348 2404 'ventu-

189 2427 268 2454 Nunc
281 2426 381 2459 omnis,
394 2431 421 2452 et
433 2436 495 2453 mox
506 2428 620 2461 virgines
633 2427 768 2462 tepaebunt.
786 2427 820 2453 L.

199 2491 251 2522 27.
267 2477 480 2511 Adduxemt.
497 2477 592 2511 Vera
607 2475 731 2511 lectio:
746 2477 840 2512 stus-

154 2535 210 2564 tra
226 2527 362 2564 codices
386 2530 592 2569 abduxerat,
611 2535 647 2563 et
670 2527 841 2564 editiones

157 2580 319 2628 quedam
342 2583 538 2616 obduxerat.
570 2580 737 2627 Virgilius
764 2591 811 2616 111
829 2606 839 2626 ,

160 2633 291 2680 Georg.
316 2634 400 2679 483:

471 2711 502 2719 ...
519 2693 576 2720 Ubi
588 2693 661 2727 ignea
672 2694 746 2719 venis

162 2743 294 2772 Omnibu-
300 2748 358 2769 ιοιι
367 2743 425 2768 sitis
434 2743 542 2768 miseros
550 2743 707 2769 adduxerat
713 2748 793 2768 nrm».
804 2743 841 2769 Η.

211 2793 264 2830 28.
278 2794 349 2833 Ora
362 2796 494 2832 coacta.
506 2792 593 2830 Haec
602 2792 767 2839 probant,
780 2794 846 2829 ad-

886 1591 1034 1624 duxerat
1061 1587 1253 1635 legendum
1279 1600 1351 1623 esse
1378 1588 1415 1623 in
1438 1601 1570 1635 praece-

889 1641 986 1676 denti
996 1654 1100 1676 versu
1111 1655 1120 1683 ;
1136 1640 1231 1676 idem
1242 1641 1339 1675 enim
1349 1648 1449 1677 notat
1463 1655 1471 1678 ε
1483 1655 1567 1677 nam

888 1695 980 1729 male
991 1694 1212 1729 Hubertinus
1221 1694 1362 1740 exponit
1376 1698 1548 1739 compulsa
1555 1707 1571 1739 ‚⁸

893 1746 1075 1793 Crispinus
1081 1749 1202 1791 invita,-
1211 1753 1263 1781 est
1270 1746 1367 1781 enim
1375 1746 1469 1782 idem
1477 1748 1574 1793 quodv

891 1803 1068 1835 contracta
1083 1826 1093 1840 ‚
1118 1799 1257 1833 minora
1281 1812 1344 1845 per
1366 1801 1515 1835 maciem
1538 1809 1573 1837 et

890 1850 1135 1898 aegritudinem
1151 1851 1250 1886 sacta.
1272 1851 1330 1887 Sic
1351 1855 1445 1887 virus
1464 1866 1573 1888 coac—

892 1909 977 1946 tum,
1002 1904 1133 1938 Lucan.
1150 1914 1190 1938 vl
1202 1930 1211 1947 ,
1238 1904 1302 1948 548
1315 1930 1325 1947 ‚
1353 1909 1476 1939 coacta
1491 1910 1576 1940 lem-

888 1962 1008 2003 pestus
1020 1955 1196 1999 Lucretio,
1207 1955 1265 1990 lib.
1276 1966 1304 1999 1,
1319 1957 1380 2003 762
1391 1971 1400 1999 ;
1411 1957 1470 1992 ubi
1481 1966 1577 1994 recte

896 2009 1056 2044 Gisanius
1065 2035 1075 2053 ‚
1097 2010 1237 2043 densam
1257 2008 1400 2054 explicat
1410 2036 1419 2053 ,
1446 2017 1482 2044 et
1505 2011 1577 2046 ob-

896 2061 1091 2098 servatione
1108 2060 1252 2106 dignam
1263 2060 1403 2106 phrasin
1418 2070 1525 2098 notat.
1536 2064 1578 2099 B.

942 2114 996 2148 31.
1011 2114 1084 2148 Nec
1099 2125 1160 2148 cur
1167 2114 1238 2147 haec
1242 2112 1396 2157 facerem
1406 2141 1415 2156 ,
1426 2120 1579 2159 poteram

898 2168 986 2201 mihi
995 2167 1132 2201 reddere
1140 2177 1288 2199 causam.
1300 2165 1395 2201 Nulli
1406 2169 1580 2204 secundus

901 2219 1030 2256 Noster
1042 2245 1052 2263 ,
1069 2231 1135 2252 nec
1151 2217 1214 2263 ipsi
1230 2217 1396 2263 Virgilio,
1413 2219 1450 2254 in
1466 2234 1583 2256 secre-

902 2271 1047 2307 tioribus
1061 2269 1188 2313 animi,
1202 2270 1394 2316 praesertim
1404 2272 1560 2308 soeminei
1571 2301 1580 2317 ,

903 2322 1055 2358 motibus
1064 2321 1307 2367 exprimendis.
1319 2322 1414 2358 Nihil
1422 2323 1478 2359 hic
1489 2325 1583 2370 quod

904 2389 979 2411 non
996 2375 1181 2418 decenter,
1203 2374 1326 2420 pudice
1338 2401 1347 2419 ,
1366 2383 1402 2411 et
1418 2379 1584 2422 exquisita

902 2428 1094 2463 verborum
1103 2426 1273 2472 elegantia
1285 2428 1460 2464 efferatur.
1469 2431 1586 2464 prim

905 2482 1028 2515 malum
1039 2478 1348 2523 nutrixpraesens17;
1354 2484 1476 2524 prima,
1485 2484 1586 2524 dixit,

906 2533 1020 2568 amas!
1038 2531 1160 2576 Quam
1168 2530 1277 2565 multa
1288 2530 1332 2566 ad
1342 2533 1586 2578 excusandam,

906 2583 935 2620 si
948 2581 1140 2619 excusanda
1155 2581 1309 2618 Canace!

952 2636 1006 2671 33.
1021 2638 1212 2671 Proesensit.
1228 2635 1353 2671 Douza
1369 2637 1504 2683 legebat
1514 2651 1589 2684 per-

908 2690 1025 2723 sensit.

954 2740 1007 2774 36.
1027 2741 1113 2774 Haec
1132 2742 1221 2774 satis
1242 2743 1278 2774 in
1298 2743 1407 2775 taeda
1421 2747 1486 2776 etc.
1510 2741 1590 2778 Hoc

911 2791 986 2839 ipso
998 2792 1149 2838 fatebar,
1174 2791 1270 2838 quod
1286 2805 1360 2828 non
1376 2806 1554 2841 negarem.
