1884 3112
470 342 975 452 EPISTOLA
1024 326 1417 471 'xv'mgf

459 809 466 843 ·-
507 785 904 899 LEANDER
951 810 1308 868 HERoNl.

194 947 435 1026 ΜΙΤἮΤ
456 968 728 1037 Abydenus,
754 989 887 1037 quam
908 968 1060 1019 mallet
1081 970 1219 1028 ferre,
1245 968 1431 1019 salutem
1446 1006 1458 1029 ,

202 1058 207 1114 J
258 1047 309 1098 Si
331 1046 548 1098 cadaffira
570 1048 725 1108 maris,
752 1049 880 1099 S'esta
901 1047 1071 1116 puella,
1098 1048 1196 1097 tibi.

193 1128 244 1178 Si
264 1127 376 1177 mihi
400 1127 462 1197 Di
483 1126 655 1186 faciles,
681 1139 726 1177 et
748 1140 855 1177 sunt
876 1128 925 1176 in
947 1147 1095 1178 amore
1117 1126 1301 1178 secundi
1316 1164 1328 1185 ‚

256 1206 416 1257 Invitis
431 1206 584 1256 'oculis
605 1207 699 1256 haec
721 1226 819 1256 mea
840 1207 974 1256 verba
996 1207 1130 1271 leges.
1151 1215 1159 1222 '

194 1284 284 1337 Sed
304 1306 400 1336 non
423 1297 531 1336 sunt
550 1286 700 1336 faciles
715 1306 727 1346 3
744 1306 848 1336 nam
871 1306 950 1335 cur
972 1300 1069 1336 mea
1091 1297 1197 1335 vota
1217 1296 1470 1343 morantur,
1607 1300 1629 1334 5

206 1477 213 1480 ,
239 1447 270 1470 ι.
284 1433 403 1470 liud.
417 1432 606 1483 Abydenus
620 1441 685 1470 etc.
699 1433 874 1479 Leander,

194 1484 254 1532 qui
265 1499 307 1521 ex
318 1481 463 1574 Abffo,
482 1486 614 1534 oppido
626 1487 721 1533 quod
738 1487 846 1522 olim*
838 1500 875 1522 m

193 1545 350 1575 extrema
411 1551 454 1575 ιω
468 1547 590 1586 parte,
609 1539 652 1574 ad
669 1552 769 1575 oram
781 1540 876 1576 sinus

194 1587 487 1649 Ijlellesponfiaci„
496 1567 680 1628 couciitum
690 1599 764 1628 erat
773 1606 792 1627 a
802 1587 878 1628 Mi-

190 1638 304 1691 lesiis,
322 1644 506 1691 annuente
519 1639 555 1681 et
571 1645 788 1681 concedente
799 1646 878 1694 Gy-

192 1696 255 1742 g'e,
282 1670 468 1745 L'ydo'rum
491 1710 574 1744 rege
588 1724 597 1742 ,
625 1698 685 1743 qui
709 1705 794 1733 tunc
817 1712 877 1733 re-

191 1749 335 1796 §onem
343 1748 435 1786 hanc
442 1763 602 1794 omnem,
615 1751 703 1787 sicut
716 1759 752 1786 et
762 1743 878 1786 I'roa-

191 1801 248 1846 da,
265 1801 355 1838 sub'
345 1802 495 1849 imperio
510 1816 574 1839 suo
592 1804 744 1838 tenebat.
761 1804 876 1838 Strab.

191 1862 281 1900 xm,
298 1867 371 1902 cap
389 1869 416 1890 1.
444 1855 547 1891 Sesto
566 1855 711 1903 Abydos
738 1856 880 1901 objace-

191 1903 275 1952 bat,
302 1920 322 1942 a
338 1913 409 1954 quo
426 1901 526 1943 mille
543 1921 706 1955 passuum
729 1909 878 1954 traiectu

193 1957 371 1995 distabat:
398 1959 459 1995 sed
486 1960 533 2002 ihi
554 1960 687 1996 fretum
715 1960 878 2007 rapidum

194 2012 283 2048 adeo
309 2015 345 2048 et
374 2013 592 2048 intractabile
613 2040 622 2058 ,
648 2020 688 2047 ut
713 2013 741 2048 si
761 2013 821 2059 qui
838 2026 879 2048 ex

195 2066 279 2102 Asia
291 2067 330 2102 in
343 2066 526 2114 Europam
541 2074 656 2102 essent
673 2066 853 2102 transituri
867 2092 878 2110 ‚

195 2131 295 2154 oram
309 2145 319 2165 ,
349 2126 436 2156 teste
457 2120 586 2156 eodem
603 2119 796 2163 Strabone,
817 2129 880 2154 cix

193 2171 281 2208 stad.
301 2173 412 2219 spatio
432 2172 547 2219 legere
566 2179 806 2219 cogerentur,
833 2184 880 2206 ne

196 2224 375 2261 undarum
386 2225 420 2260 vi
434 2225 626 2272 praecipites
646 2225 881 2260 auferrentur.

195 2295 242 2304 --
261 2277 410 2314 Exstant
431 2277 546 2313 adhuc
573 2277 691 2325 Abydi
713 2277 878 2324 vestigia,

196 2329 292 2366 haud
309 2330 430 2376 procul
445 2343 464 2365 a
479 2329 579 2374 loco,
600 2331 661 2376 qui
677 2333 817 2375 [vagam
832 2330 881 2365 di-

196 2382 307 2425 eitun-3
320 2390 509 2429 supersunt
526 2396 666 2429 quoque
685 2383 722 2417 in
737 2382 881 2418 adversa

198 2447 261 2470 ora
281 2434 373 2481 Sesti
391 2435 504 2471 ruinae
515 2462 526 2479 ‚
543 2449 628 2481 quas
641 2437 802 2470 Ζέιηεηίι·
818 2448 882 2470 vo-

198 2493 290 2522 cant.
312 2486 445 2523 Gossel.
468 2487 512 2522 ad
533 2488 747 2523 Strabonem
763 2487 852 2524 Gall.
868 2515 878 2533 ,

199 2546 284 2575 tom.
311 2550 350 2574 ιν
369 2563 378 2584 ,
401 2553 434 2586 p.
458 2541 530 2576 138.

244 2593 336 2628 251
346 2595 480 2628 cadat·
461 2606 514 2629 ινα
528 2596 642 2628 maris.
656 2593 794 2629 Omnes
808 2607 881 2629 om·

200 2645 288 2680 nino
313 2645 431 2692 scripti
462 2645 618 2690 habent,
641 2648 749 2688 unda,
775 2654 815 2682 ut
845 2654 881 2683 et

199 2690 331 2734 Aldina
353 2699 449 2745 prior
465 2698 593 2741 editi03
608 2699 668 2734 sed
684 2701 857 2746 posterior
869 2727 879 2745 ,

202 2764 307 2796 quam
324 2751 459 2800 Gryph.
473 2758 508 2786 et
524 2752 648 2798 reliqui
660 2754 768 2788 secuti
778 2760 879 2798 sunt

203 2807 263 2838 ira.
276 2804 406 2840 Bunm.
417 2823 461 2830 —
477 2806 575 2840 Sesla
584 2808 701 2851 puella
717 2809 789 2842 libi.
805 2807 881 2842 Ma-

940 1433 1004 1473 lim
1029 1432 1140 1473 Sesti,
1179 1430 1207 1466 si
1239 1443 1303 1477 per
1328 1429 1438 1465 libros
1464 1428 1627 1474 antiquos

940 1479 1049 1521 liceat.
1060 1485 1118 1520 Sic
1126 1484 1163 1520 in
1176 1483 1331 1530 Epistola
1339 1481 1514 1528 Sapphus,
1526 1483 1637 1516 Lesbi

935 1540 1062 1583 puella.
1080 1538 1211 1572 Sestias
1221 1543 1315 1577 certe
1331 1536 1431 1570 Hero
1446 1534 1560 1571 Statio
1571 1546 1630 1569 vo-

941 1598 1050 1626 catur.
1065 1589 1178 1625 Theb.
1197 1600 1257 1633 V1,
1278 1589 1363 1632 545:

1139 1650 1216 1676 Sedet
1227 1649 1305 1674 unxia
1315 1654 1386 1674 tun-e
1397 1656 1519 1681 suprema

942 1701 1040 1726 Sextias
1053 1700 1081 1725 ἰιι
1095 1700 1219 1734 speculis.
1470 1699 1579 1723 Hmus.

941 1768 986 1777 -
1003 1751 1111 1793 Σηςές.
1131 1751 1296 1792 ὁπλίτης,
1319 1752 1442 1792 Σῆςιος,
1456 1747 1554 1782 Hinc
1568 1747 1630 1782 se-

942 1803 1080 1840 minina
1096 1809 1192 1846 Σηςὶς
1204 1828 1214 1847 ,
1236 1807 1375 1846 Σηςίαςς
1402 1808 1441 1836 ut
1456 1814 1475 1835 a
1492 1802 1606 1840 Aio-ea
1619 1826 1630 1844 ,

944 1858 1092 1898 Λέσέιοςς
1124 1859 1238 1893 Aeo-6¹25
1254 1881 1264 1897 ,
1284 1854 1431 1893 Αεσὲιᾶς.
1455 1852 1577 1898 Steph.
1593 1853 1630 1886 in

944 1921 1017 1942 voc.
1040 1906 1111 1942 Sed
1135 1920 1154 1942 a
1180 1908 1315 1947 Sestos,
1344 1919 1418 1941 non
1436 1906 1545 1951 magis
1562 1917 1633 1950 pa·-

945 1959 1140 2007 tronymica
1162 1958 1307 1994 formari
1335 1965 1481 2004 possunt
1495 1984 1504 2002 ‚
1531 1970 1633 1992 mas-

945 2012 1102 2048 culinum
1119 2013 1237 2046 Scslus
1249 2038 1257 2052 ‚
1282 2010 1495 2046 femininum
1512 2010 1631 2051 Sesto,

946 2077 1052 2110 quam
1069 2078 1088 2099 a
1114 2066 1244 2100 lesbos
1254 2091 1263 2104 ‚
1290 2066 1422 2098 Lesbas
1445 2069 1481 2097 et
1508 2063 1631 2097 Lesba.

947 2118 1054 2165 Missa
1078 2117 1183 2164 igitur
1197 2143 1207 2161 ‚
1246 2128 1323 2162 quae
1348 2117 1394 2150 V.
1415 2113 1468 2151 Cl.
1491 2114 1632 2158 tenuit,

945 2169 1156 2206 verecundia
1170 2196 1179 2214 ,
1208 2170 1302 2204 Sesti
1312 2169 1350 2203 in
1375 2175 1511 2214 textum
1534 2167 1631 2202 reci-

946 2237 1028 2270 pere
1047 2235 1123 2259 non
1140 2222 1384 2258 dubitaverim.
1400 2221 1565 2256 LENNEP.

988 2277 1018 2311 3.
1036 2277 1171 2311 Simihi
1182 2276 1236 2309 Di
1240 2275 1374 2320 faciles
1385 2301 1394 2315 ‚
1422 2278 1460 2308 ct
1475 2278 1557 2308 sunt
1566 2280 1632 2308 etc.

945 2329 1041 2365 Libri
1058 2329 1212 2375 quinque
1226 2355 1235 2370 ,
1263 2328 1341 2363 Sint
1354 2329 1461 2362 mihi:
1478 2333 1557 2361 tum
1574 2326 1631 2360 alii

945 2381 1068 2426 multi,
1095 2385 1131 2416 et
1145 2384 1218 2416 sint
1230 2384 1266 2415 in
1288 2393 1400 2415 amore
1415 2407 1424 2421 ‚
1455 2379 1599 2425 quidam
1618 2406 1628 2422 ‚

944 2438 1006 2470 vel
1016 2439 1104 2479 sint,
1119 2441 1179 2470 aut
1190 2460 1201 2478 ,
1218 2436 1381 2468 velsunt:
1392 2432 1447 2468 vel
1458 2459 1468 2476 ,
1481 2436 1521 2467 ut
1531 2436 1612 2466 sunl
1621 2458 1629 2471 ‚

945 2488 1022 2531 vel,
1048 2491 1109 2533 qui
1132 2491 1222 2522 sunt.
1249 2485 1525 2522 Barberinianus
1549 2485 1633 2518 :Sia

945 2543 1031 2576 miln'
1042 2542 1097 2575 De·
1098 2540 1231 2585 faciles
1252 2553 1262 2574 :
1286 2539 1415 2586 probe;
1434 2537 1632 2573 dummodo

944 2593 1106 2640 sequenti
1118 2606 1240 2636 versu,
1259 2597 1299 2627 ut
1317 2604 1396 2626 mea
1407 2593 1529 2633 verba,
1548 2602 1632 2625 res-

945 2647 1054 2682 cribas
1068 2673 1078 2690 ,
1105 2658 1170 2693 pro
1185 2647 1256 2680 ᾗσι·
1267 2658 1344 2680 mea
1358 2658 1368 2678 .·

945 2708 988 2734 Sic
999 2708 1062 2733 mihi
1075 2708 1111 2733 Di
1123 2707 1213 2732 faciles

978 2758 1076 2784 Invitis
1087 2758 1169 2782 oculis
1183 2762 1212 2782 nt
1225 2765 1282 2782 mea
1295 2756 1374 2782 verba
1383 2756 1438 2789 lege

1223 2725 1233 2739 ,
1249 2707 1286 2731 sie
1298 2706 1351 2731 sint
1363 2706 1390 2730 in
1402 2713 1490 2731 amore
1502 2703 1609 2729 secundi
1620 2722 1631 2734 ,

1440 2764 1462 2780 s.
1485 2754 1595 2781 limus.

992 2810 1021 2842 5.
1049 2810 1119 2842 Cur
1136 2820 1211 2841 mea
1227 2809 1307 2841 vola
1333 2810 1512 2840 moranlur.
1542 2804 1627 2839 ,Mo-v
