1884 3112
324 223 413 285 376

769 222 1135 269 EPISTOLA
1172 226 1287 270 XX.

384 318 447 364 Et
470 327 519 364 tu
542 317 776 375 continu0‚
798 329 912 366 certe
936 336 1017 380 ego
1044 317 1188 366 salvus
1214 330 1310 367 ero:
1338 331 1350 345 ‘-

321 393 437 442 Siste
461 405 647 451 metum,
670 394 796 457 virgo
817 414 826 442 :
847 393 996 443 stabili
1016 394 1185 460 potiere
1211 393 1379 442 salute:

383 472 469 519 Fac
492 470 627 518 modo
650 470 840 536 polliciti
865 471 1040 519 conscia
1065 470 1228 537 templa
1249 470 1381 519 colas.
1410 487 1413 490 ⁴

1677 499 1689 522 ι
1695 489 1738 523 80

317 548 409 596 Nec
431 547 545 594 bove
567 558 755 595 mactato
781 547 966 596 caelestia
987 548 1169 596 numina
1194 547 1412 610 gaudent;

386 622 497 680 Sed,
526 642 621 688 quae
642 624 889 689 praestanda
915 636 982 673 est
1005 637 1049 673 et
1073 625 1319 683 sine-teste,
1345 624 1443 673 fide.

322 703 385 748 Ut
408 700 579 749 valeant
599 700 710 758 aliae,
734 701 895 750 ferrum
918 702 1149 767 patiuntur
1170 714 1215 750 et
1231 702 1355 765 ignes
1371 722 1396 750 :v

386 781 489 827 Fert
511 779 607 827 aliis
634 779 803 827 tristem
827 798 983 827 succus
1007 798 1177 827 amarus
1206 799 1348 845 opem.

322 857 396 907 Nil
422 877 536 924 opus
558 869 624 906 est
645 858 742 906 istis
764 877 773 905 :
800 869 969 906 tantum
987 857 1180 922 perjuria
1200 857 1313 914 vita3
1666 871 1740 910 ⁷185

386 934 693 1000 Tequesimul
714 953 854 992 serva,
881 953 1057 999 meque,
1080 933 1310 999 datamque
1331 932 1482 1001 fidem:

321 1012 554 1060 Praeteritae
577 1011 746 1058 veniam
771 1010 894 1058 dabit
916 1011 1166 1072 ignorantia
1190 1010 1328 1076 culpae
1351 1030 1361 1058 :

386 1089 645 1137 Exciderint
668 1088 814 1136 animo
834 1087 999 1136 foedera
1020 1087 1133 1135 lecta
1154 1098 1249 1134 tuo.
1399 1153 1404 1154 ⁷

323 1165 565 1214 Admonita
588 1185 634 1214 es
658 1165 793 1213 modo
818 1183 923 1213 voce
946 1184 1061 1222 mea⁷
1086 1163 1221 1211 modo
1250 1161 1592 1221 cassibusvistim

390 1243 539 1308 Quos,
567 1242 743 1308 quoties
766 1253 908 1289 tentas
932 1240 1102 1298 fallere,
1125 1240 1238 1288 ferre
1262 1238 1391 1288 soles.

1678 1264 1738 1299 ¹9⁰

324 1320 408 1368 His
429 1338 607 1386 quoque
631 1318 796 1377 vitatis,
823 1318 870 1365 in
892 1330 1023 1385 partu
1045 1336 1201 1383 nempe
1224 1316 1426 1379 rogabis,

370 1429 441 1474 178.
465 1429 515 1462 Et
528 1431 565 1461 lu
585 1431 751 1462 continuo.
774 1426 898 1461 Malim
911 1453 920 1470 ,
950 1427 1004 1461 Al

322 1486 368 1515 tu.
379 1481 512 1514 Hmns.
531 1481 598 1519 Tu,
608 1484 691 1524 pulo
702 1506 710 1519 ‚
724 1483 894 1519 continuo,
914 1491 1001 1516 con—

324 1532 462 1577 jiciebat
478 1531 654 1566 Francius.
673 1530 821 1575 Elegans
838 1537 875 1564 et
893 1530 1000 1577 inge-

326 1584 422 1618 niosa
433 1583 633 1627 conjectura
650 1590 701 1617 est
717 1582 868 1618 Nodellii
880 1609 890 1626 ‚
915 1581 999 1617 Ob‘s.

330 1635 418 1669 Crit.
433 1648 505 1680 cap.
518 1649 537 1669 2
550 1661 560 1678 ‚
577 1649 608 1680 p.
629 1635 667 1668 18
681 1647 688 1669 :

358 1691 392 1715 Et
404 1695 447 1720 tu,
461 1691 583 1714 contiuuo
595 1699 602 1721 ;
612 1698 665 1723 per
675 1695 701 1713 te
715 1698 761 1721 ego
774 1690 861 1715 salvus
873 1698 926 1714 ero.

373 1753 444 1786 179·
468 1739 556 1772 &Zrle
583 1742 713 1772 metum.
750 1737 818 1772 Sex
841 1737 974 1773 eodices
988 1763 997 1780 ‚

321 1805 409 1836 pone
424 1795 544 1824 metum
562 1802 572 1823 .·
588 1796 628 1823 ut
647 1789 746 1823 initio
763 1789 926 1834 Epistolae
938 1815 947 1833 ,
965 1796 1002 1822 et

326 1843 450 1877 millies
464 1841 551 1875 alibi.
724 1876 727 1877 ⁷

375 1897 447 1930 180.
468 1897 630 1928 Pollicm.
646 1894 806 1934 Solliciti,
827 1892 968 1927 Moreti.

375 1948 446 1982 182.
469 1949 519 1981 Et
530 1949 603 1980 sine
619 1950 712 1979 leste.
730 1945 895 1980 Francius
907 1952 1002 1990 puta-

325 2001 387 2035 bat
398 2025 407 2042 ‚
425 2002 483 2033 vel
492 2002 565 2032 sine
582 2002 675 2032 teste.

376 2052 446 2086 183.
479 2053 611 2085 Ferrum
632 2053 812 2094 patiuntur
839 2053 874 2083 et
897 2052 1000 2093 ignes.

330 2105 419 2139 Tres
444 2103 520 2137 libri
533 2129 542 2146 ,
570 2105 751 2147 patientur.
768 2102 791 2135 J
795 2101 942 2136 unianus
969 2107 1004 2135 et

329 2156 471 2190 Strozza
485 2181 493 2198 ‚
516 2158 714 2198 pallantum
731 2160 846 2187 recte.
870 2153 1003 2186 HEINS.

330 2206 556 2243 Praeserenda
565 2206 666 2241 lectio
682 2205 794 2251 prior,
807 2208 1003 2249 palmatum

331 2261 377 2295 ob
392 2271 541 2304 sequens
544 2258 627 2302 sert.
644 2258 805 2292 LENNEP.

378 2313 448 2356 184.
461 2314 540 2346 Hert
545 2315 626 2346 aliis
636 2316 763 2346 tristem
779 2323 898 2345 succus
907 2322 1004 2344 ama-

330 2376 511 2408 rusiopeau
529 2364 697 2398 imdz'cam
712 2376 823 2407 opem,
844 2362 1004 2396 Ambro-

331 2417 452 2451 sianus,
470 2428 561 2450 unus
586 2422 622 2450 et
644 2414 944 2460 Gottorphianus:
966 2420 1005 2447 ut

335 2468 458 2503 Amor.
474 2478 524 2511 11,
542 2467 595 2501 El.
611 2481 632 2514 9
645 2494 654 2511 ,
673 2467 725 2501 82·

365 2522 518 2548 Confossum
528 2523 633 2561 medica
647 2522 782 2555 postmodo
794 2521 866 2554 juvit
880 2530 938 2556 ope.

379 2584 392 2604 1
398 2571 450 2604 88.
461 2572 671 2605 Exciderant
678 2574 790 2605 animo
786 2571 924 2615 soedera
931 2583 1006 2604 nos-

335 2625 388 2655 lra
404 2626 472 2656 luo.
498 2624 635 2656 Faedera
655 2625 746 2657 lecta
760 2649 769 2663 ‚
796 2622 911 2667 scripti
931 2623 1005 2656 fere

332 2685 454 2707 omnes
474 2700 493 2717 ,.
512 2681 548 2708 et
566 2682 659 2712 recte
675 2689 685 2716 3
708 2674 755 2709 ita
774 2676 872 2712 litera
893 2677 1002 2714 lecta,

334 2723 441 2769 Epist.
472 2736 534 2759 xx1
550 2752 559 2769 ,
590 2726 676 2770 2383
707 2733 742 2761 et
765 2738 847 2761 mox
870 2740 900 2763 v,
918 2728 1004 2769 214:

1073 1405 1181 1461 Verba
1204 1428 1304 1460 lecta.
1331 1412 1494 1469 Deinde,
1516 1397 1738 1466 Excifferthl,

1046 1506 1050 1514 .
1066 1478 1158 1523 quod
1176 1478 1213 1512 in
1237 1477 1346 1512 tribus
1360 1477 1478 1512 inveni
1490 1503 1500 1521 ,
1523 1477 1630 1512 etiam
1655 1489 1739 1511 am·-

1064 1529 1196 1574 plector
1212 1542 1219 1563 :
1236 1529 1302 1563 nisi
1318 1531 1528 1571 Excz'demm
1543 1529 1618 1574 quis
1633 1528 1740 1564 malit.

1087 1603 1095 1611 ι
1111 1582 1181 1628 189.
1197 1582 1301 1615 Modo
1310 1584 1464 1615 cassibus
1476 1584 1565 1616 Artis.
1579 1582 1741 1616 Cassibus

1064 1634 1307 1677 scribendum:
1323 1634 1417 1680 quod
1429 1627 1559 1679 Reginis
1573 1641 1608 1668 et
1622 1634 1741 1668 More-

1064 1692 1165 1720 tanus
1177 1686 1337 1721 meliores
1349 1686 1571 1720 confirmant.
1593 1687 1740 1719 Tendere

1063 1740 1149 1773 retia
1160 1737 1226 1772 hoc
1237 1738 1370 1772 vocabit
1382 1737 1471 1785 Cyd.
1484 1737 1598 1783 paullo
1610 1743 1687 1782 post
1702 1745 1711 1767 ἓ

1355 1798 1399 1822 Tu
1407 1802 1495 1822 nostra
1505 1796 1602 1829 justius
1614 1796 1653 1821 im
1663 1814 1673 1827 ‚

1092 1846 1222 1879 Qui-mihi
1228 1846 1374 1878 =pendebas,
1384 1846 1452 1871 retia
1463 1846 1558 1878 dignm
1568 1853 1632 1870 ern}-
1648 1845 1738 1872 luxu.

1066 1893 1261 1930 -theiem'
1267 1893 1742 1930 lectionemcasffiusreduxit

1066 1947 1223 1996 Lennep.
1244 1959 1333 1992 aegre
1348 1947 1463 1982 serens
1481 1948 1640 1981 cassibus
1650 1958 1741 1992 prae-

1065 1999 1387 2034 tulisset-Heinsium
1407 2013 1445 2033 ac
1466 1999 1712 2034 But-mannum
1728 2012 1737 2040 ;

1067 2059 1102 2086 et
1118 2051 1276 2096 intelligit
1292 2051 1334 2086 de
1351 2051 1480 2087 morbis
1492 2076 1502 2095 ,
1524 2051 1647 2096 quibus
1659 2058 1741 2085 ten—-

1067 2105 1203 2138 tabatur
1230 2103 1388 2150 Cydippe
1404 2129 1415 2146 ‚
1453 2103 1587 2148 quoties
1608 2104 1741 2148 perfida

1067 2159 1227 2189 exszlrtere
1238 2158 1401 2189 tentabat.
1416 2153 1523 2199 Quod
1540 2154 1651 2190 lucide
1661 2155 1741 2191 satis

1067 2208 1212 2242 illustrat
1231 2233 1239 2250 ‚
1275 2207 1368 2252 quod
1389 2207 1552 2251 ,sequitur
1571 2229 1581 2249 ‚
1611 2211 1740 2251 quoties

1067 2263 1180 2294 tentas
1191 2259 1327 2304 fallere.
1355 2258 1453 2304 Quid
1469 2271 1586 2295 rursus
1602 2271 1718 2294 casses
1724 2273 1738 2301 ’,

1068 2316 1173 2353 retia,
1200 2319 1259 2346 aut
1282 2314 1387 2346 nodos
1392 2311 1517 2356 firre?
1542 2313 1651 2347 Casus
1670 2323 1741 2346 au-

1069 2371 1141 2398 tem
1146 2364 1240 2408 serre
1253 2364 1459 2399 Latinorum
1472 2369 1537 2398 usu
1548 2363 1670 2398 tritum
1679 2370 1740 2399 est.

1070 2416 1179 2451 Recte
1193 2414 1360 2450 Ciosanus
1375 2415 1604 2450 intellexerat:
1616 2415 1740 2450 morbo

1069 2480 1139 2512 quo
1154 2481 1242 2502 nunc
1256 2469 1400 2501 laboras.

1115 2533 1187 2567 ¹91·
1209 2521 1250 2554 In
1259 2524 1362 2564 partu
1375 2533 1490 2564 nempe
1504 2521 1657 2554 vocabar„
1672 2520 1740 2553 Bo-

1066 2574 1183 2615 gabt‘s,
1204 2585 1285 2606 cum
1305 2571 1447 2617 scriptis.
1471 2572 1604 2607 Hnms.
1630 2568 1739 2615 Quod

1069 2631 1221 2668 praestat:
1234 2625 1414 2668 proprium
1423 2623 1519 2658 enim
1528 2649 1537 2663 ,
1552 2622 1594 2656 de
1606 2622 1645 2656 iis
1656 2647 1666 2665 ‚
1679 2622 1739 2666 qui

1068 2676 1256 2720 implorant
1280 2675 1443 2710 auxilium
1467 2675 1635 2709 Deorum.
1660 2673 1738 2706 Ea-

1070 2726 1151 2761 dem
1163 2726 1358 2771 diversitas,
1373 2727 1429 2761 lib.
1446 2737 1469 2761 x
1479 2751 1489 2770 ,
1507 2726 1594 2760 Met.
1608 2725 1673 2758 300
1686 2734 1694 2756 :
