1884 3112
313 247 366 292 70
770 231 1125 277 EPISTOLA
1160 235 1248 280 ιν.

369 322 572 380 Urimur3
597 333 642 371 et
664 341 824 371 caecum
846 334 1026 388 pectora
1046 323 1206 371 vulnus
1227 323 1407 372 habent.
1677 350 1720 374 ιω

307 397 481 447 Scilicet
504 410 555 447 ut
578 410 751 447 teneros
772 397 941 446 laedunt
959 399 1065 463 juga
1086 399 1228 466 prima
1244 401 1453 465 juvencos
1463 412 1481 458 ,'

369 477 596 542 Frenaque
618 476 690 523 vix
711 475 879 541 patitur
903 475 955 524 de
981 495 1110 538 grege
1134 488 1288 544 captus
1311 496 1450 544 equus
1471 497 1482 525 :

304 552 376 601 Sic
398 552 509 600 male
532 552 690 618 vixque
714 552 836 602 subit
857 552 1026 618 primos
1048 553 1157 602 rude
1179 566 1332 620 pectus
1356 559 1550 613 amores}

367 629 633 694 Sarcinaque
653 628 747 678 haec
770 629 915 677 animo
938 648 1030 677 non
1054 630 1176 679 sedet
1199 644 1300 698 apta
1322 652 1434 681 meo.

303 706 389 754 Ars
412 706 484 764 fit,
508 706 589 754 ubi
612 725 637 754 a
659 706 820 754 teneris
844 706 1007 755 crimen
1031 707 1300 756 condiscitur
1321 709 1472 758 annis:
1674 723 1716 757 25

370 785 484 848 Quae
507 784 627 833 venit
649 795 798 845 exacto
822 795 1042 850 tempore,
1067 785 1193 851 pejus
1214 780 1342 834 amat.

304 864 375 910 Tu
398 881 512 910 nova
534 873 712 910 servatae
736 861 880 927 capies
904 860 1113 910 libamina
1134 861 1279 920 famae3

367 940 428 986 Et
449 938 613 1004 pariter
635 949 835 986 nostrum
857 937 933 986 fiet
954 949 1140 1004 uterque
1163 958 1341 987 nocens.

304 1069 351 1102 Et
372 1067 451 1101 vide
474 1079 556 1101 mox
580 1067 623 1101 ad
645 1080 732 1102 vers.
761 1067 814 1101 26.
844 1067 978 1102 Hzms.

301 1120 433 1155 Douzae
449 1126 567 1154 tamen
582 1119 754 1164 placebat,
772 1122 846 1152 urit.

347 1184 399 1205 20.
417 1172 546 1205 Cacum
557 1175 697 1214 pectora
708 1173 828 1204 vulnus
842 1172 976 1204 habent.

305 1223 455 1257 Minime
492 1222 622 1256 damno
653 1221 744 1255 hanc
779 1221 976 1255 lectionem.

303 1275 386 1309 Non
410 1274 526 1308 minus
548 1274 724 1318 eleganter
746 1279 865 1307 tamen
885 1285 977 1307 unus

302 1341 343 1361 ex
365 1327 471 1369 meis,
500 1329 638 1360 tacitum
660 1327 789 1359 vulnus.
812 1324 977 1369 Apposite

303 1378 394 1424 apud
412 1379 599 1413 Maronem
610 1404 619 1421 ,
638 1377 720 1411 AEn.
736 1387 793 1420 1v,
810 1376 868 1410 65:

420 1440 466 1464 Est
476 1438 562 1463 mollis
573 1437 674 1462 flamma
684 1436 810 1461 medullas

300 1490 413 1519 Interea,
420 1493 446 1512 et
454 1487 566 1512 tacitum
575 1485 644 1511 vivit
652 1485 701 1509 sub
712 1489 813 1517 pectore
822 1484 926 1509 vulnus.
938 1484 975 1509 H.

305 1537 375 1573 Sed
391 1543 427 1571 et
441 1535 536 1570 idem
551 1535 666 1569 Maro.
682 1533 769 1568 Ibid.
784 1548 803 1567 ιι
817 1545 825 1567 :

512 1613 519 1620 .
528 1613 535 1620 .
543 1613 550 1620 .
567 1595 646 1621 Gravi
660 1595 746 1619 saucia
755 1603 818 1618 cura

305 1646 406 1670 Vulnus
417 1645 464 1669 alit
473 1644 548 1669 venis
558 1662 566 1675 ,
579 1649 605 1668 et
622 1652 690 1668 coeco
702 1643 816 1675 carpitur
827 1643 893 1674 igne.

347 1709 399 1729 21.
423 1695 575 1728 Loedunl.
593 1691 713 1727 Codex
727 1691 976 1726 Ambrosianus

302 1749 415 1788 urunt,
431 1745 524 1790 quod
537 1744 827 1790 elegantissimum
839 1758 846 1785 ς
867 1751 902 1778 et
911 1744 977 1778 nisi

303 1797 525 1844 praecessisset
539 1800 676 1836 urimur,
702 1796 775 1830 sine
792 1796 861 1830 ulla
876 1795 978 1830 haesi-

303 1849 434 1884 tatione
452 1848 686 1894 amplecterer.
701 1847 832 1881 BURM.

348 1902 399 1935 23.
427 1902 556 1934 Primos
584 1901 664 1933 rude
687 1902 808 1942 pectus
838 1912 977 1934 amores.

301 1952 572 1996 Broukhusium,
583 1950 742 1986 maluisse
752 1955 859 1995 pn'tno
873 1955 984 1985 amon'

304 2004 436 2040 notavit
448 2003 613 2038 Francius
624 2017 631 2044 ;
642 2002 703 2037 sed
714 2003 867 2048 quamvis
879 2010 978 2038 uter-

306 2070 372 2102 que
388 2069 483 2090 casus
503 2055 585 2090 huic
605 2051 711 2089 verbo
732 2055 831 2100 jungi
846 2056 975 2100 possit,

304 2108 359 2143 hic
375 2107 485 2152 aptius
500 2114 585 2152 puto
600 2119 745 2146 amores,
771 2106 849 2151 quia
865 2107 979 2141 conti-

301 2166 390 2194 ,nuat
406 2159 515 2193 Poeta
531 2158 776 2204 Metaphoram
794 2171 813 2192 a
828 2159 910 2204 jugo
927 2159 977 2192 in-

304 2219 438 2257 ceptam
452 2225 460 2252 ;
477 2217 512 2244 et
526 2210 572 2244 ita
588 2212 667 2244 rade
677 2215 797 2254 pectus
811 2210 902 2244 male
918 2223 977 2244 su-

306 2265 356 2297 bit
369 2275 522 2305 amores,
541 2262 599 2306 qui
613 2269 695 2296 sunt
712 2275 813 2307 grave
830 2263 951 2308 jugum
965 2277 975 2304 ;

308 2327 376 2362 quo
397 2327 499 2349 sensu
521 2320 606 2358 puto
631 2313 739 2358 aptius
761 2327 832 2348 esse
859 2326 975 2349 casum

308 2373 492 2411 quartum;
510 2365 556 2400 sic
574 2365 688 2400 Tibul.
704 2377 727 2399 1.
745 2365 950 2411 Eleg.1v‚41
966 2378 975 2400 :

305 2426 361 2452 Nee
372 2431 397 2450 te
410 2426 529 2459 poeniteat
539 2426 618 2450 duros
631 2425 736 2450 subiisse
748 2426 856 2450 labores.
875 2427 973 2451 Bolus.

349 2476 401 2509 25.
423 2475 497 2508 Ubi.
514 2475 563 2507 Ut
574 2487 597 2507 a
609 2477 731 2507 teneris·
744 2487 873 2508 novem
883 2474 974 2510 libri:

304 2530 344 2559 ul
354 2539 417 2571 pro
432 2528 504 2566 ubi,
522 2538 610 2570 saepe
625 2526 761 2560 Noster.
773 2526 853 2560 Vid.
869 2526 976 2570 Epist.

305 2588 353 2611 xv
365 2603 374 2620 ,
396 2591 408 2610 1
424 2591 432 2618 ;
451 2589 499 2620 11,
520 2577 595 2611 Art.
618 2577 698 2611 Am.
716 2579 798 2625 5903
815 2589 864 2613 lv.
885 2579 976 2612 Fast.

306 2630 370 2662 255
382 2654 391 2671 ‚
409 2635 443 2661 et
459 2629 593 2672 passim.
609 2629 742 2664 HEINS.
762 2631 842 2664 Ula
855 2633 978 2664 teneris

305 2683 427 2713 cn'men
441 2693 535 2723 quum
550 2682 693 2714 dtltcilur
702 2684 800 2715 armti·-
810 2708 819 2723 ,
837 2681 977 2726 antiqua

306 2730 413 2766 editio
430 2738 464 2765 et
480 2730 586 2766 codex
601 2732 786 2767 Palatinus.

1090 1068 1143 1102 26.
1182 1069 1264 1111 Qua·
1284 1071 1381 1102 venit
1405 1070 1527 1102 exacto
1547 1052 1690 1112 tempori
1704 1093 1714 1108 ,

1034 1119 1136 1163 pejus
1147 1124 1251 1154 amat.
1264 1120 1447 1154 Sententia
1459 1126 1510 1154 est
1520 1118 1714 1165 Propertii,

1042 1171 1119 1214 qui,
1137 1183 1150 1204 1
1162 1197 1171 1214 ,
1190 1171 1287 1217 Eleg.
1302 1183 1375 1215 vn,
1396 1171 1459 1206 26:

1122 1224 1192 1254 Saepe
1204 1223 1275 1247 venit
1288 1232 1379 1256 magno
1390 1223 1485 1248 foenore
1493 1222 1582 1247 tardus
1594 1223 1681 1247 mor!

1041 1270 1101 1304 ubi
1126 1280 1247 1314 magno
1264 1271 1398 1315 soenom
1425 1283 1490 1316 pro
1508 1271 1609 1316 pejus
1622 1281 1635 1312 ,·
1677 1275 1715 1304 et

1041 1323 1174 1362 tardus,
1205 1335 1269 1367 pro
1289 1326 1411 1356 exacto
1434 1326 1592 1366 tempore,
1618 1327 1713 1356 recte

1040 1373 1289 1418 interpreteris.
1300 1375 1429 1416 -Quae
1440 1377 1541 1407 vem't.
1555 1374 1717 1407 Cuivem‘t

1041 1424 1175 1470 legebat
1193 1426 1306 1459 Faber
1322 1424 1364 1459 ad
1382 1425 1552 1468 Lucretii,
1574 1422 1714 1486 liff‘nl,

1042 1489 1116 1521 pag.
1134 1478 1198 1519 480
1211 1484 1265 1512 :et
1278 1478 1325 1511 ita
1340 1478 1411 1522 jam
1428 1477 1512 1511 olim
1527 1476 1569 1511 ad
1585 1475 1716 1522 margi-

1041 1540 1125 1561 nem
1138 1528 1262 1563 codicis
1274 1530 1326 1564 sui
1340 1529 1505 1564 Heinsius
1515 1534 1695 1562 notaverat
1703 1553 1714 1572 ,

1041 1586 1076 1613 et
1092 1579 1165 1614 haec
1186 1580 1357 1624 adjecerat
1374 1594 1382 1615 :
1408 1581 1497 1614 forte
1521 1584 1580 1614 cui
1596 1582 1714 1620 veni&

1040 1630 1167 1665 scilicet
1194 1644 1315 1675 amor,
1348 1639 1383 1666 et
1406 1632 1498 1666 refer
1522 1630 1564 1664 ad
1583 1656 1593 1674 ,
1623 1633 1719 1665 venit

1041 1687 1276 1726 amorgraoitts.
1284 1684 1428 1718 Locutio
1436 1690 1553 1717 autem
1559 1689 1610 1717 est
1617 1694 1715 1716 mere

1043 1733 1225 1769 ovidiana.
1242 1735 1299 1770 Sic
1316 1735 1380 1780 Ep.
1392 1746 1428 1779 v,
1447 1735 1478 1769 8.
1494 1747 1534 1768 ex
1550 1734 1668 1770 MSS:

1109 1795 1157 1821 cui
1170 1796 1239 1819 venit
1252 1795 1377 1827 indigum,
1390 1804 1462 1828 poena
1475 1795 1584 1820 dolenda
1596 1795 1676 1820 venit.
1706 1795 1708 1797 ’

1043 1843 1120 1878 Art.
1138 1843 1218 1878 Am.
1234 1856 1280 1887 11,
1299 1858 1347 1878 11.
1362 1857 1402 1878 ex
1419 1843 1538 1879 MSS:

1041 1904 1098 1929 Nec
1109 1904 1170 1928 saris
1182 1909 1220 1928 est
1229 1904 1329 1928 venisse
1340 1904 1405 1935 tibi,
1418 1913 1458 1929 me
1472 1908 1544 1936 vate,
1557 1903 1678 1936 puellum.

1043 1951 1091 1986 Et
1105 1951 1239 1997 passim.
1258 1952 1387 1986 Bmm.

1086 2018 1138 2050 27.
1154 2004 1444 2048 Lz’baminasamoe.
1467 2003 1578 2039 Vetus
1587 2005 1691 2041 editio
1701 2032 1711 2049 ,

1043 2068 1110 2100 qua
1121 2069 1200 2091 usus
1212 2055 1382 2090 Gruterus
1391 2058 1568 2099 ,stamma-‚²
1582 2057 1642 2092 sed
1646 2058 1714 2102 sa-

1042 2123 1104 2142 mae
1111 2116 1247 2154 praestat
1255 2118 1262 2139 :
1270 2109 1598 2153 itaperderesamam,
1609 2110 1712 2155 Ep.v,

1042 2161 1073 2194 6.
1097 2161 1201 2194 Multi
1222 2159 1354 2195 codices
1376 2160 1430 2194 hic
1453 2173 1592 2205 quoque
1605 2187 1615 2204 ,
1646 2174 1714 2196 so-

1041 2212 1150 2247 lemni
1161 2212 1429 2257 permutatione,
1433 2212 1556 2256 [αππι-
1566 2212 1714 2248 habent:

1042 2264 1100 2298 sed
1105 2265 1239 2309 famam
1248 2265 1412 2298 illibatam
1419 2264 1591 2309 pudicitiae
1599 2278 1635 2300 se
1645 2265 1714 2300 huc

1042 2330 1150 2362 usque
1166 2329 1314 2351 servasse
1324 2343 1333 2360 ,
1357 2316 1441 2351 etin
1457 2317 1559 2351 unius
1573 2317 1714 2363 Hippol.

1043 2370 1188 2415 gratiam
1197 2382 1232 2404 se
1244 2375 1463 2414 peccaturam
1476 2369 1634 2404 ostendit.
1650 2370 1692 2404 B.

1086 2422 1137 2455 28.
1160 2423 1211 2455 Et
1218 2424 1351 2465 pan‘ter
1358 2425 1504 2455 nostrum
1502 2423 1574 2467 fiet
1581 2426 1716 2467 uterque

1042 2486 1175 2507 nocens.
1202 2473 1459 2516 Vehementer,
1485 2480 1520 2507 et
1535 2474 1611 2517 jure
1628 2474 1714 2518 qui-

1043 2524 1125 2558 dem
1139 2551 1148 2568 ‚
1181 2524 1349 2559 Ovidium
1364 2525 1420 2560 hic
1434 2525 1621 2559 insectatur
1641 2525 1712 2560 Jul.

1046 2577 1132 2612 Caes.
1149 2577 1318 2623 Scaliger,
1336 2583 1375 2611 ut
1392 2576 1450 2622 qui
1465 2576 1624 2610 omnium
1639 2590 1713 2622 pes-

1042 2629 1130 2663 simo
1160 2636 1278 2663 utatur
1305 2634 1510 2673 argumento
1527 2653 1536 2670 ,
1574 2641 1645 2672 quo
1673 2629 1711 2664 in

1043 2693 1200 2714 amorem
1231 2680 1283 2714 sui
1304 2679 1533 2725 Hippolytum
1563 2679 1711 2714 Phaedra

1042 2731 1193 2767 inducat.
1217 2731 1306 2777 Quis
1322 2730 1417 2767 enim
1432 2730 1611 2765 hominem
1623 2756 1633 2775 ,
1655 2729 1712 2765 vel
