1884 3112
4 2837 10 2842 -.
0 2819 2 2821 ’
0 2791 10 2798 :
0 2662 13 2775 wwssng„

0 2369 28 2645 ‘''ffliffllfffi‘bfkfi'kRff‘'
15 2296 18 2316 .,
18 2263 21 2271 ,
14 2238 18 2242 ,

470 240 920 288 DEMOPHOON
957 244 1318 291 PHYLLIDI.
1545 247 1600 302 45

184 331 289 380 Non
310 330 514 398 equidem
537 333 711 384 inficior
734 355 744 383 :
768 334 957 386 multum
981 336 1182 387 clamavit
1204 351 1411 406 uterque,

249 407 396 457 Staret
416 409 634 460 Threiciis
659 431 797 478 quum
818 413 928 462 mihi
950 415 1116 482 puppis
1139 415 1278 482 aquis.

185 484 402 545 Poscant,
427 487 749 555 Demophoon,
776 490 885 556 quid
907 493 1078 540 cessas?
1096 492 1276 542 carbasa
1297 493 1434 542 venti:

250 562 549 630 Demophoon
571 565 740 632 patrios
762 566 930 632 respice
949 566 1047 632 jure
1070 568 1204 616 Deos.
1564 584 1607 618 30

187 639 397 706 Respice;
422 652 468 703 et
490 641 759 709 exemplum,
788 661 876 709 qua
899 642 1085 705 gaudes,
1112 643 1315 711 Phyllida
1338 663 1488 695 sume:

187 778 189 780 q
251 715 326 764 Sic
349 728 484 776 amat,
513 729 565 766 ut
589 730 704 768 terra
726 717 842 767 nolit
866 718 988 767 abire
1013 737 1120 778 sua;

187 792 339 860 thue
362 793 503 843 redire
526 794 655 855 velis,
680 815 773 844 non
794 807 852 852 ut,
869 796 1105 846 comitetur
1128 808 1325 858 euntem,

251 871 316 920 Te
338 884 487 935 rogat;
513 884 558 922 et
579 873 759 940 praefert
780 873 971 922 barbara
992 892 1129 937 regna
1152 874 1254 923 tuis.

187 948 265 997 Me
288 960 434 998 tamen
456 949 551 999 haec
574 951 691 1000 inter
715 951 896 1000 tacitum
918 952 1116 1001 convicia
1138 971 1254 1020 saepe
1571 970 1612 1003 35

252 1025 463 1075 Adversis
485 1029 667 1078 memini
689 1040 792 1078 vota
816 1028 969 1077 tulisse
992 1029 1136 1078 Notis.

187 1102 313 1170 Saepe
335 1104 510 1154 abitura
532 1117 612 1154 tuo
636 1118 877 1174 ponentem
898 1106 1081 1156 brachia
1102 1100 1244 1166 collo,

257 1181 468 1231 Gavisum
491 1183 539 1231 in
561 1183 722 1235 fluctus
746 1203 925 1251 aequora
946 1197 1068 1235 mota
1091 1197 1249 1235 truces.

188 1258 283 1307 Nec
305 1270 499 1308 metuam
521 1259 630 1319 hoc,
656 1261 756 1328 ipso
781 1281 928 1310 coram
953 1263 1174 1326 genitore,
1198 1263 1348 1312 fateri:

254 1334 460 1385 Libertas
481 1338 650 1386 meritis
673 1350 742 1387 est
763 1338 874 1387 mihi
897 1338 1012 1387 facta
1035 1339 1146 1397 tuis;
1572 1354 1615 1399 40

192 1411 372 1471 Dicere,
395 1431 491 1461 non
514 1413 627 1463 duro
653 1414 856 1464 dilectam
879 1413 1084 1482 Phyllida
1106 1414 1220 1481 liqui

257 1490 442 1541 Pectore
464 1512 475 1540 ε
501 1510 582 1542 nec
603 1511 799 1560 praeceps
821 1491 916 1542 vela
937 1493 1116 1542 ferenda
1140 1491 1253 1541 dedi.

195 1568 257 1616 Et
276 1566 398 1627 flevi3
423 1580 469 1617 et
489 1568 668 1619 flentem
692 1569 901 1629 solando,
927 1589 1043 1637 saepe
1066 1568 1277 1628 remansi,

259 1644 414 1710 Quum
433 1658 574 1716 *staret
596 1666 751 1696 cursus
772 1647 861 1713 jam
884 1647 996 1699 mihi
1021 1658 1137 1695 certa
1163 1646 1268 1695 dies.

191 1721 399 1790 Denique
415 1722 620 1774 Threicia
643 1725 744 1773 veni
766 1737 882 1786 rate;
901 1744 996 1774 non
1018 1725 1120 1775 dare
1144 1724 1315 1793 Phyllis
1576 1739 1619 1784 45

194 1857 239 1894 de
255 1857 384 1894 AEthra
399 1859 496 1895 enim
514 1866 566 1896 est
583 1872 700 1895 sermo
713 1887 723 1906 ‚
739 1873 814 1895 non
831 1859 876 1896 de

195 1910 401 1947 Acamante.
417 1912 552 1948 Hnnaes.

239 1962 295 1998 ³0.
315 1964 464 2010 Πιερία
478 1965 561 2011 jure
588 1967 695 2000 Deos.
722 1964 880 2011 Scripse-

196 2021 253 2052 r'at
281 2014 433 2052 Sabinus
448 2042 459 2061 ,
491 2021 619 2062 respice
631 2045 639 2059 ,
672 2019 751 2052 dum
770 2029 783 2060 ‚·
812 2016 879 2052 nisi

198 2068 339 2115 prefers
349 2095 359 2115 ,
370 2072 456 2104 iture
464 2080 476 2112 ;
494 2069 556 2104 sed
571 2068 719 2105 alterum
732 2076 881 2115 praestat.

201 2120 312 2157 lnam.

246 2175 301 2218 4ο.
317 2175 473 2210 Libertas
483 2178 611 2211 metitis
622 2179 678 2211 est
687 2174 881 2221 ml‘bifacta

203 2227 282 2260 tuis.
296 2225 416 2263 Placet
429 2227 574 2274 reponi:

270 2285 389 2312 Libum
402 2288 501 2313 noriti-
512 2287 565 2313 hoee
581 2287 735 2323 mihiparta
744 2287 813 2313 tuis:

206 2334 275 2370 Vel
285 2339 403 2379 pacta.
429 2335 563 2373 Hmns.

250 2397 303 2440 41.
326 2397 434 2431 Dices
447 2410 515 2432 non
527 2399 621 2432 duro.
633 2398 687 2433 Ut
700 2410 719 2432 a
730 2397 885 2444 superio-

206 2448 302 2484 ribus
310 2447 384 2484 haec
395 2449 506 2494 aptius
518 2449 741 2496 dependeant
751 2476 761 2494 ,
769 2449 885 2496 legen-

207 2500 296 2537 dum
307 2526 317 2545 ,
334 2502 456 2536 dez-ere.
474 2501 585 2536 Imm.

253 2554 307 2598 45.
329 2554 484 2589 Threicia
497 2558 580 2589 mle.
593 2553 703 2599 Atqui
715 2553 784 2590 suis
795 2553 888 2589 navi-

207 2604 288 2650 bus,
295 2605 356 2641 sed
363 2606 511 2650 resectis,
521 2605 625 2641 rediit
636 2606 887 2652 Demophoon;

209 2665 248 2700 et
268 2662 439 2703 remigium
469 2665 608 2693 tantum
632 2658 728 2693 dedit
749 2658 890 2706 Phyllis.

213 2709 296 2745 Vid.
313 2710 378 2756 Ep.
394 2721 460 2755 ιιι,
477 2713 538 2755 45;
554 2723 669 2756 neque
686 2711 792 2745 etiam
809 2723 892 2746 sen-

210 2774 292 2798 sum
302 2762 404 2801 video
414 2763 453 2799 in
463 2762 606 2811 vulgatis
623 2776 632 2800 ι
644 2763 673 2799 si
685 2763 782 2800 enim
796 2763 893 2802 venit

942 1868 1181 1916 Demophoon
1189 1871 1345 1905 Threicia
1355 1872 1437 1911 mle,
1443 1867 1622 1915 quomodo

943 1922 1076 1970 Phyllis
1092 1935 1166 1957 non
1189 1923 1302 1968 potuit
1319 1921 1366 1957 illi
1382 1923 1463 1956 dare
1480 1925 1585 1956 ratem
1602 1922 1623 1956 ?

943 1974 1019 2010 haec
1033 1975 1207 2010 contraria
1221 1974 1309 2009 mihi
1324 1973 1498 2009 videntur.
1506 1973 1544 2009 si
1560 1985 1623 2008 au-

944 2026 1040 2062 dacia
1054 2026 1175 2071 detur,
1190 2026 1402 2072 refingerem
1416 2037 1425 2059 z

944 2087 1053 2120 Remige
1063 2086 1186 2112 Threicio
1198 2087 1258 2112 veui
1268 2096 1277 2120 ς
1293 2096 1354 2111 nam
1364 2095 1416 2112 non
1428 2086 1488 2112 dare
1498 2086 1601 2120 Phyllis

996 2136 1083 2169 Quam
1099 2135 1200 2166 voluit,
1217 2135 1296 2169 jussit
1312 2135 1412 2161 tardius
1429 2136 1467 2161 ire
1483 2140 1573 2161 ratem.

947 2185 1015 2220 Vel
1027 2211 1038 2229 ,

947 2244 1056 2276 Remige
1065 2243 1188 2270 Threicio
1197 2245 1256 2269 veni
1263 2263 1272 2275 ‚

997 2294 1083 2327 Quam
1095 2293 1196 2326 potuit,
1208 2294 1286 2326 jussit
1294 2293 1394 2318 tui-dius
1401 2293 1439 2318 ire
1450 2301 1543 2317 meam.

1290 2249 1344 2269 nte
1351 2252 1412 2269 nam
1419 2243 1481 2269 dare
1492 2242 1595 2277 Phyllis

950 2343 1003 2379 Ut
1018 2349 1156 2378 excuset
1162 2341 1400 2388 Demophoon
1408 2354 1486 2376 suas
1493 2353 1608 2375 moras
1619 2367 1627 2383 ‚

951 2408 1035 2442 quas
1048 2395 1083 2430 in
1097 2395 1246 2442 remiges
1258 2395 1394 2430 confert
1403 2421 1412 2438 ,
1422 2394 1545 2438 quibus
1557 2394 1630 2427 ins-—

951 2448 1056 2483 truxit
1071 2447 1213 2482 classem
1227 2446 1357 2494 Phyllis
1374 2444 1632 2491 Demophoon-

953 2501 995 2536 tis
1007 2527 1016 2544 ,
1034 2507 1070 2534 et
1085 2499 1188 2534 simul
1206 2499 1268 2534 illis
1284 2498 1463 2533 mandavit
1473 2523 1482 2541 ,
1498 2504 1538 2532 ut
1553 2504 1632 2533 tar-

954 2553 1030 2588 dius
1050 2552 1270 2598 impellerent
1288 2563 1393 2586 naves
1408 2576 1417 2594 ,
1438 2562 1535 2585 nunc
1562 2549 1632 2584 de-

955 2617 1055 2640 mum
1065 2605 1221 2646 resectas3
1231 2604 1302 2650 ipsa
1312 2610 1371 2638 aut
1381 2609 1540 2649 potuerat
1550 2601 1633 2636 dare

954 2659 1130 2704 integram
1142 2663 1178 2691 et
1184 2662 1363 2691 recentem
1372 2682 1381 2699 ‚
1391 2654 1450 2690 sed
1460 2653 1573 2689 noluit
1583 2667 1634 2688 ac—

956 2710 1080 2756 cipere.
1089 2709 1243 2744 Videant
1252 2720 1309 2743 me
1318 2706 1633 2743 acutioresssuam.

958 2762 1055 2800 Nihil
1069 2760 1282 2807 mutandum
1294 2759 1430 2799 censuit
1443 2759 1598 2803 Leunep.
