<?xml version="1.0" encoding="UTF-8"?>
<!DOCTYPE html PUBLIC "-//W3C//DTD XHTML 1.0 Transitional//EN"
    "http://www.w3.org/TR/xhtml1/DTD/xhtml1-transitional.dtd">
<html xmlns="http://www.w3.org/1999/xhtml" xml:lang="en" lang="en">
 <head>
  <title>
</title>
<meta http-equiv="Content-Type" content="text/html;charset=utf-8" />
  <meta name='ocr-system' content='tesseract 3.04.00' />
  <meta name='ocr-capabilities' content='ocr_page ocr_carea ocr_par ocr_line ocrx_word'/>
</head>
<body>
  <div class='ocr_page' id='page_1' title='image "./quaeextantomniao01oviduoft_0226.png"; bbox 0 0 1884 3112; ppageno 0'>
   <div class='ocr_carea' id='block_1_1' title="bbox 337 248 418 310">
    <p class='ocr_par' dir='ltr' id='par_1_1' title="bbox 337 248 418 310">
     <span class='ocr_line' id='line_1_1' title="bbox 337 248 418 310; baseline 0 -18"><span class='ocrx_word' id='word_1_1' title='bbox 337 248 418 310; x_wconf 72' lang='lat'>194</span> 
     </span>
    </p>
   </div>
   <div class='ocr_carea' id='block_1_2' title="bbox 817 248 1256 294">
    <p class='ocr_par' dir='ltr' id='par_1_2' title="bbox 817 248 1256 294">
     <span class='ocr_line' id='line_1_2' title="bbox 817 248 1256 294; baseline 0.002 -3"><span class='ocrx_word' id='word_1_2' title='bbox 817 248 1163 292; x_wconf 89' lang='lat' dir='ltr'><strong>EPISTOLA</strong></span> <span class='ocrx_word' id='word_1_3' title='bbox 1194 251 1256 294; x_wconf 90' lang='lat' dir='ltr'>X.</span> 
     </span>
    </p>
   </div>
   <div class='ocr_carea' id='block_1_3' title="bbox 393 338 1500 396">
    <p class='ocr_par' dir='ltr' id='par_1_3' title="bbox 393 338 1500 396">
     <span class='ocr_line' id='line_1_3' title="bbox 393 338 1500 396; baseline 0.003 -8"><span class='ocrx_word' id='word_1_4' title='bbox 393 338 537 388; x_wconf 86' lang='lat' dir='ltr'><strong>Flecte</strong></span> <span class='ocrx_word' id='word_1_5' title='bbox 561 349 718 396; x_wconf 86' lang='lat' dir='ltr'>ratem;</span> <span class='ocrx_word' id='word_1_6' title='bbox 737 356 968 386; x_wconf 89' lang='lat' dir='ltr'>numerum</span> <span class='ocrx_word' id='word_1_7' title='bbox 990 357 1082 386; x_wconf 91' lang='lat' dir='ltr'>non</span> <span class='ocrx_word' id='word_1_8' title='bbox 1103 339 1241 388; x_wconf 89' lang='lat' dir='ltr'>habet</span> <span class='ocrx_word' id='word_1_9' title='bbox 1263 339 1338 389; x_wconf 83' lang='lat' dir='ltr'>illa</span> <span class='ocrx_word' id='word_1_10' title='bbox 1360 359 1500 390; x_wconf 90' lang='lat' dir='ltr'>suum.</span> 
     </span>
    </p>
   </div>
   <div class='ocr_carea' id='block_1_4' title="bbox 329 413 1537 542">
    <p class='ocr_par' dir='ltr' id='par_1_4' title="bbox 329 413 1537 542">
     <span class='ocr_line' id='line_1_4' title="bbox 329 413 1537 484; baseline 0.002 -19"><span class='ocrx_word' id='word_1_11' title='bbox 329 418 434 465; x_wconf 87' lang='lat' dir='ltr'>Haec</span> <span class='ocrx_word' id='word_1_12' title='bbox 457 434 538 478; x_wconf 85' lang='lat' dir='ltr'>ego</span> <span class='ocrx_word' id='word_1_13' title='bbox 561 434 570 462; x_wconf 93' lang='lat'>:</span> <span class='ocrx_word' id='word_1_14' title='bbox 592 413 713 480; x_wconf 91' lang='lat' dir='ltr'>quod</span> <span class='ocrx_word' id='word_1_15' title='bbox 735 414 832 462; x_wconf 90' lang='lat' dir='ltr'>voci</span> <span class='ocrx_word' id='word_1_16' title='bbox 857 414 1025 473; x_wconf 87' lang='lat' dir='ltr'>deerat,</span> <span class='ocrx_word' id='word_1_17' title='bbox 1052 414 1261 481; x_wconf 85' lang='lat' dir='ltr'>plangore</span> <span class='ocrx_word' id='word_1_18' title='bbox 1284 417 1537 484; x_wconf 86' lang='lat' dir='ltr'>replebam:</span> 
     </span>
     <span class='ocr_line' id='line_1_5' title="bbox 394 489 1319 542; baseline 0.002 -3"><span class='ocrx_word' id='word_1_19' title='bbox 394 491 590 540; x_wconf 88' lang='lat' dir='ltr'>Verbera</span> <span class='ocrx_word' id='word_1_20' title='bbox 610 509 710 538; x_wconf 90' lang='lat' dir='ltr'>cum</span> <span class='ocrx_word' id='word_1_21' title='bbox 731 489 876 539; x_wconf 87' lang='lat' dir='ltr'>verbis</span> <span class='ocrx_word' id='word_1_22' title='bbox 898 490 1034 538; x_wconf 83' lang='lat' dir='ltr'>mixta</span> <span class='ocrx_word' id='word_1_23' title='bbox 1056 491 1175 541; x_wconf 89' lang='lat' dir='ltr'>fuere</span> <span class='ocrx_word' id='word_1_24' title='bbox 1198 493 1319 542; x_wconf 90' lang='lat' dir='ltr'>meis.</span> 
     </span>
    </p>
   </div>
   <div class='ocr_carea' id='block_1_5' title="bbox 328 567 1349 636">
    <p class='ocr_par' dir='ltr' id='par_1_5' title="bbox 328 567 1349 636">
     <span class='ocr_line' id='line_1_6' title="bbox 328 567 1349 636; baseline 0 -17"><span class='ocrx_word' id='word_1_25' title='bbox 328 571 375 619; x_wconf 84' lang='lat' dir='ltr'>Si</span> <span class='ocrx_word' id='word_1_26' title='bbox 397 589 491 618; x_wconf 91' lang='lat' dir='ltr'>non</span> <span class='ocrx_word' id='word_1_27' title='bbox 512 568 702 627; x_wconf 86' lang='lat' dir='ltr'>audires,</span> <span class='ocrx_word' id='word_1_28' title='bbox 724 580 776 616; x_wconf 90' lang='lat' dir='ltr'>ut</span> <span class='ocrx_word' id='word_1_29' title='bbox 799 567 951 617; x_wconf 90' lang='lat' dir='ltr'>saltem</span> <span class='ocrx_word' id='word_1_30' title='bbox 974 587 1147 618; x_wconf 90' lang='lat' dir='ltr'>cernere</span> <span class='ocrx_word' id='word_1_31' title='bbox 1169 589 1349 636; x_wconf 88' lang='lat' dir='ltr'>posses,</span> 
     </span>
    </p>
   </div>
   <div class='ocr_carea' id='block_1_6' title="bbox 391 645 1203 709">
    <p class='ocr_par' dir='ltr' id='par_1_6' title="bbox 391 645 1203 709">
     <span class='ocr_line' id='line_1_7' title="bbox 391 645 1203 709; baseline -0.001 -14"><span class='ocrx_word' id='word_1_32' title='bbox 391 649 569 695; x_wconf 85' lang='lat' dir='ltr'>Jaetatae</span> <span class='ocrx_word' id='word_1_33' title='bbox 591 645 677 694; x_wconf 83' lang='lat' dir='ltr'>late</span> <span class='ocrx_word' id='word_1_34' title='bbox 697 646 823 709; x_wconf 87' lang='lat' dir='ltr'>signa</span> <span class='ocrx_word' id='word_1_35' title='bbox 842 645 997 694; x_wconf 86' lang='lat' dir='ltr'>dedere</span> <span class='ocrx_word' id='word_1_36' title='bbox 1020 665 1175 705; x_wconf 86' lang='lat' dir='ltr'>manus</span> <span class='ocrx_word' id='word_1_37' title='bbox 1193 666 1203 705; x_wconf 89' lang='lat'>;</span> 
     </span>
    </p>
   </div>
   <div class='ocr_carea' id='block_1_7' title="bbox 325 722 1740 1324">
    <p class='ocr_par' dir='ltr' id='par_1_7' title="bbox 330 722 1403 857">
     <span class='ocr_line' id='line_1_8' title="bbox 330 722 1403 789; baseline -0.001 -16"><span class='ocrx_word' id='word_1_38' title='bbox 330 723 614 789; x_wconf 87' lang='lat' dir='ltr'>Candidaque</span> <span class='ocrx_word' id='word_1_39' title='bbox 638 722 833 789; x_wconf 84' lang='lat' dir='ltr'>imposui</span> <span class='ocrx_word' id='word_1_40' title='bbox 855 722 1001 785; x_wconf 84' lang='lat' dir='ltr'>longae</span> <span class='ocrx_word' id='word_1_41' title='bbox 1024 722 1238 772; x_wconf 87' lang='lat' dir='ltr'>velamina</span> <span class='ocrx_word' id='word_1_42' title='bbox 1257 725 1403 787; x_wconf 85' lang='lat' dir='ltr'>virgae,</span> 
     </span>
     <span class='ocr_line' id='line_1_9' title="bbox 390 798 1178 857; baseline -0.003 -9"><span class='ocrx_word' id='word_1_43' title='bbox 390 799 565 848; x_wconf 85' lang='lat' dir='ltr'>Scilicet</span> <span class='ocrx_word' id='word_1_44' title='bbox 590 798 757 857; x_wconf 80' lang='lat' dir='ltr'>oblitos</span> <span class='ocrx_word' id='word_1_45' title='bbox 782 798 1057 847; x_wconf 86' lang='lat' dir='ltr'>admonitura</span> <span class='ocrx_word' id='word_1_46' title='bbox 1079 799 1178 847; x_wconf 88' lang='lat' dir='ltr'>mei.</span> 
     </span>
    </p>

    <p class='ocr_par' dir='ltr' id='par_1_8' title="bbox 325 874 1493 1020">
     <span class='ocr_line' id='line_1_10' title="bbox 325 874 1493 943; baseline -0.003 -16"><span class='ocrx_word' id='word_1_47' title='bbox 325 879 511 943; x_wconf 86' lang='lat' dir='ltr'>Jamque</span> <span class='ocrx_word' id='word_1_48' title='bbox 537 874 675 924; x_wconf 90' lang='lat' dir='ltr'>oculis</span> <span class='ocrx_word' id='word_1_49' title='bbox 698 888 874 942; x_wconf 88' lang='lat' dir='ltr'>ereptus</span> <span class='ocrx_word' id='word_1_50' title='bbox 899 894 992 923; x_wconf 88' lang='lat' dir='ltr'>eras</span> <span class='ocrx_word' id='word_1_51' title='bbox 1014 895 1023 923; x_wconf 90' lang='lat'>:</span> <span class='ocrx_word' id='word_1_52' title='bbox 1044 887 1137 923; x_wconf 90' lang='lat' dir='ltr'>tum</span> <span class='ocrx_word' id='word_1_53' title='bbox 1164 875 1351 941; x_wconf 90' lang='lat' dir='ltr'>denique</span> <span class='ocrx_word' id='word_1_54' title='bbox 1375 876 1493 934; x_wconf 82' lang='lat' dir='ltr'>flevi3</span> 
     </span>
     <span class='ocr_line' id='line_1_11' title="bbox 390 951 1303 1020; baseline -0.002 -18"><span class='ocrx_word' id='word_1_55' title='bbox 390 956 671 1020; x_wconf 86' lang='lat' dir='ltr'>Torpuerant</span> <span class='ocrx_word' id='word_1_56' title='bbox 693 951 850 1001; x_wconf 88' lang='lat' dir='ltr'>molles</span> <span class='ocrx_word' id='word_1_57' title='bbox 872 963 971 1000; x_wconf 85' lang='lat' dir='ltr'>ante</span> <span class='ocrx_word' id='word_1_58' title='bbox 994 951 1147 1000; x_wconf 83' lang='lat' dir='ltr'>dolore</span> <span class='ocrx_word' id='word_1_59' title='bbox 1171 971 1303 1015; x_wconf 83' lang='lat' dir='ltr'>genae.</span> 
     </span>
    </p>

    <p class='ocr_par' dir='ltr' id='par_1_9' title="bbox 329 1027 1740 1173">
     <span class='ocr_line' id='line_1_12' title="bbox 329 1027 1740 1097; baseline -0.002 -18"><span class='ocrx_word' id='word_1_60' title='bbox 329 1031 453 1096; x_wconf 82' lang='lat' dir='ltr'>Quid</span> <span class='ocrx_word' id='word_1_61' title='bbox 471 1030 622 1097; x_wconf 90' lang='lat' dir='ltr'>potius</span> <span class='ocrx_word' id='word_1_62' title='bbox 643 1029 855 1087; x_wconf 84' lang='lat' dir='ltr'>facerent,</span> <span class='ocrx_word' id='word_1_63' title='bbox 880 1048 1011 1095; x_wconf 88' lang='lat' dir='ltr'>quam</span> <span class='ocrx_word' id='word_1_64' title='bbox 1033 1047 1102 1076; x_wconf 91' lang='lat' dir='ltr'>me</span> <span class='ocrx_word' id='word_1_65' title='bbox 1119 1047 1213 1077; x_wconf 87' lang='lat' dir='ltr'>mea</span> <span class='ocrx_word' id='word_1_66' title='bbox 1235 1027 1400 1077; x_wconf 88' lang='lat' dir='ltr'>lumina</span> <span class='ocrx_word' id='word_1_67' title='bbox 1425 1028 1576 1078; x_wconf 88' lang='lat' dir='ltr'>flerent</span> <span class='ocrx_word' id='word_1_68' title='bbox 1590 1066 1602 1087; x_wconf 91' lang='lat'>‚</span> <span class='ocrx_word' id='word_1_69' title='bbox 1696 1042 1740 1088; x_wconf 74' lang='lat'>45</span> 
     </span>
     <span class='ocr_line' id='line_1_13' title="bbox 391 1104 1291 1173; baseline -0.002 -17"><span class='ocrx_word' id='word_1_70' title='bbox 391 1110 635 1173; x_wconf 89' lang='lat' dir='ltr'>Postquam</span> <span class='ocrx_word' id='word_1_71' title='bbox 659 1106 876 1155; x_wconf 87' lang='lat' dir='ltr'>desierant</span> <span class='ocrx_word' id='word_1_72' title='bbox 897 1104 993 1152; x_wconf 83' lang='lat' dir='ltr'>vela</span> <span class='ocrx_word' id='word_1_73' title='bbox 1012 1104 1157 1152; x_wconf 88' lang='lat' dir='ltr'>videre</span> <span class='ocrx_word' id='word_1_74' title='bbox 1182 1106 1291 1154; x_wconf 80' lang='lat' dir='ltr'>tua?</span> 
     </span>
    </p>

    <p class='ocr_par' dir='ltr' id='par_1_10' title="bbox 327 1179 1371 1324">
     <span class='ocr_line' id='line_1_14' title="bbox 327 1179 1207 1246; baseline -0.006 -13"><span class='ocrx_word' id='word_1_75' title='bbox 327 1186 420 1233; x_wconf 85' lang='lat' dir='ltr'>Aut</span> <span class='ocrx_word' id='word_1_76' title='bbox 441 1203 522 1246; x_wconf 86' lang='lat' dir='ltr'>ego</span> <span class='ocrx_word' id='word_1_77' title='bbox 547 1182 721 1231; x_wconf 87' lang='lat' dir='ltr'>diffusis</span> <span class='ocrx_word' id='word_1_78' title='bbox 744 1181 882 1229; x_wconf 85' lang='lat' dir='ltr'>erravi</span> <span class='ocrx_word' id='word_1_79' title='bbox 905 1180 999 1228; x_wconf 80' lang='lat' dir='ltr'>sola</span> <span class='ocrx_word' id='word_1_80' title='bbox 1017 1179 1207 1246; x_wconf 85' lang='lat' dir='ltr'>capillis,</span> 
     </span>
     <span class='ocr_line' id='line_1_15' title="bbox 392 1255 1371 1324; baseline -0.005 -16"><span class='ocrx_word' id='word_1_81' title='bbox 392 1258 551 1324; x_wconf 78' lang='lat' dir='ltr'>Qualis</span> <span class='ocrx_word' id='word_1_82' title='bbox 575 1258 630 1307; x_wconf 83' lang='lat' dir='ltr'>ab</span> <span class='ocrx_word' id='word_1_83' title='bbox 653 1257 831 1323; x_wconf 84' lang='lat' dir='ltr'>Ogygio</span> <span class='ocrx_word' id='word_1_84' title='bbox 856 1256 1029 1304; x_wconf 87' lang='lat' dir='ltr'>concita</span> <span class='ocrx_word' id='word_1_85' title='bbox 1050 1255 1223 1304; x_wconf 85' lang='lat' dir='ltr'>Baccha</span> <span class='ocrx_word' id='word_1_86' title='bbox 1245 1256 1371 1304; x_wconf 90' lang='lat' dir='ltr'>Deo:</span> 
     </span>
    </p>
   </div>
   <div class='ocr_carea' id='block_1_8' title="bbox 322 1401 1000 1853">
    <p class='ocr_par' dir='ltr' id='par_1_11' title="bbox 326 1401 1000 1504">
     <span class='ocr_line' id='line_1_16' title="bbox 327 1401 1000 1449; baseline -0.009 -7"><span class='ocrx_word' id='word_1_87' title='bbox 327 1407 507 1443; x_wconf 88' lang='lat' dir='ltr'>Theseum</span> <span class='ocrx_word' id='word_1_88' title='bbox 528 1405 575 1440; x_wconf 88' lang='lat' dir='ltr'>sic</span> <span class='ocrx_word' id='word_1_89' title='bbox 593 1404 827 1449; x_wconf 82' lang='lat' dir='ltr'>alloquentem</span> <span class='ocrx_word' id='word_1_90' title='bbox 848 1401 981 1437; x_wconf 87' lang='lat' dir='ltr'>inducit</span> <span class='ocrx_word' id='word_1_91' title='bbox 991 1428 1000 1446; x_wconf 91' lang='lat'>,</span> 
     </span>
     <span class='ocr_line' id='line_1_17' title="bbox 326 1459 560 1504; baseline -0.017 -8"><span class='ocrx_word' id='word_1_92' title='bbox 326 1474 358 1496; x_wconf 80' lang='lat' dir='ltr'>v.</span> <span class='ocrx_word' id='word_1_93' title='bbox 379 1459 438 1494; x_wconf 86' lang='lat'>132</span> <span class='ocrx_word' id='word_1_94' title='bbox 451 1485 461 1502; x_wconf 92' lang='lat'>,</span> <span class='ocrx_word' id='word_1_95' title='bbox 477 1471 541 1504; x_wconf 87' lang='lat' dir='ltr'>sqq</span> <span class='ocrx_word' id='word_1_96' title='bbox 551 1471 560 1492; x_wconf 70' lang='grc' dir='ltr'><strong><em>ε</em></strong></span> 
     </span>
    </p>

    <p class='ocr_par' dir='ltr' id='par_1_12' title="bbox 322 1510 987 1853">
     <span class='ocr_line' id='line_1_18' title="bbox 328 1510 970 1548; baseline -0.014 -6"><span class='ocrx_word' id='word_1_97' title='bbox 328 1517 427 1545; x_wconf 79' lang='lat' dir='ltr'>Siccine</span> <span class='ocrx_word' id='word_1_98' title='bbox 437 1524 477 1540; x_wconf 85' lang='lat' dir='ltr'>me</span> <span class='ocrx_word' id='word_1_99' title='bbox 488 1513 577 1548; x_wconf 74' lang='lat' dir='ltr'>patriis</span> <span class='ocrx_word' id='word_1_100' title='bbox 585 1518 700 1539; x_wconf 75' lang='lat' dir='ltr'>avectam</span> <span class='ocrx_word' id='word_1_101' title='bbox 711 1531 719 1544; x_wconf 86' lang='lat'><em>‚</em></span> <span class='ocrx_word' id='word_1_102' title='bbox 737 1511 831 1544; x_wconf 79' lang='lat' dir='ltr'>perfide</span> <span class='ocrx_word' id='word_1_103' title='bbox 838 1529 847 1542; x_wconf 92' lang='lat'>‚</span> <span class='ocrx_word' id='word_1_104' title='bbox 860 1510 891 1535; x_wconf 76' lang='lat' dir='ltr'>ab</span> <span class='ocrx_word' id='word_1_105' title='bbox 902 1510 970 1541; x_wconf 84' lang='lat' dir='ltr'>oris,</span> 
     </span>
     <span class='ocr_line' id='line_1_19' title="bbox 328 1561 948 1598; baseline -0.015 -4"><span class='ocrx_word' id='word_1_106' title='bbox 328 1568 426 1594; x_wconf 68' lang='lat' dir='ltr'>Perfida</span> <span class='ocrx_word' id='word_1_107' title='bbox 436 1585 444 1598; x_wconf 82' lang='lat'>‚</span> <span class='ocrx_word' id='word_1_108' title='bbox 462 1566 562 1590; x_wconf 73' lang='lat' dir='ltr'>deserto</span> <span class='ocrx_word' id='word_1_109' title='bbox 571 1563 672 1598; x_wconf 68' lang='lat' dir='ltr'>liquisti</span> <span class='ocrx_word' id='word_1_110' title='bbox 682 1564 708 1588; x_wconf 87' lang='lat' dir='ltr'>in</span> <span class='ocrx_word' id='word_1_111' title='bbox 718 1564 792 1588; x_wconf 76' lang='lat' dir='ltr'>litore</span> <span class='ocrx_word' id='word_1_112' title='bbox 803 1581 811 1593; x_wconf 88' lang='lat'><em>‚</em></span> <span class='ocrx_word' id='word_1_113' title='bbox 823 1562 925 1586; x_wconf 83' lang='lat' dir='ltr'>Theseu</span> <span class='ocrx_word' id='word_1_114' title='bbox 933 1561 948 1585; x_wconf 76' lang='lat'>⁹?</span> 
     </span>
     <span class='ocr_line' id='line_1_20' title="bbox 322 1614 952 1648; baseline -0.016 -2"><span class='ocrx_word' id='word_1_115' title='bbox 322 1621 427 1647; x_wconf 77' lang='lat' dir='ltr'>Siccine</span> <span class='ocrx_word' id='word_1_116' title='bbox 437 1617 570 1643; x_wconf 76' lang='lat' dir='ltr'>discedens</span> <span class='ocrx_word' id='word_1_117' title='bbox 579 1635 587 1648; x_wconf 93' lang='lat'>‚</span> <span class='ocrx_word' id='word_1_118' title='bbox 598 1616 713 1648; x_wconf 77' lang='lat' dir='ltr'>neglecto</span> <span class='ocrx_word' id='word_1_119' title='bbox 721 1615 827 1640; x_wconf 81' lang='lat' dir='ltr'>numine</span> <span class='ocrx_word' id='word_1_120' title='bbox 836 1614 935 1638; x_wconf 80' lang='lat' dir='ltr'>Divum</span> <span class='ocrx_word' id='word_1_121' title='bbox 944 1630 952 1642; x_wconf 93' lang='lat'>,</span> 
     </span>
     <span class='ocr_line' id='line_1_21' title="bbox 328 1663 987 1698; baseline -0.017 0"><span class='ocrx_word' id='word_1_122' title='bbox 328 1674 469 1698; x_wconf 82' lang='lat' dir='ltr'>Immemor</span> <span class='ocrx_word' id='word_1_123' title='bbox 479 1668 523 1694; x_wconf 76' lang='lat' dir='ltr'>ah!</span> <span class='ocrx_word' id='word_1_124' title='bbox 537 1669 630 1693; x_wconf 77' lang='lat' dir='ltr'>devota</span> <span class='ocrx_word' id='word_1_125' title='bbox 639 1667 744 1692; x_wconf 79' lang='lat' dir='ltr'>domum</span> <span class='ocrx_word' id='word_1_126' title='bbox 755 1665 870 1698; x_wconf 77' lang='lat' dir='ltr'>perjuria</span> <span class='ocrx_word' id='word_1_127' title='bbox 879 1669 965 1697; x_wconf 74' lang='lat' dir='ltr'>portas</span> <span class='ocrx_word' id='word_1_128' title='bbox 973 1663 987 1687; x_wconf 75' lang='grc'><strong>7</strong></span> 
     </span>
     <span class='ocr_line' id='line_1_22' title="bbox 329 1715 922 1753; baseline -0.017 -5"><span class='ocrx_word' id='word_1_129' title='bbox 329 1723 444 1749; x_wconf 77' lang='lat' dir='ltr'>Nullane</span> <span class='ocrx_word' id='word_1_130' title='bbox 454 1729 493 1746; x_wconf 62' lang='grc' dir='ltr'>ηε</span> <span class='ocrx_word' id='word_1_131' title='bbox 503 1718 589 1753; x_wconf 79' lang='lat' dir='ltr'>potuit</span> <span class='ocrx_word' id='word_1_132' title='bbox 598 1717 709 1742; x_wconf 71' lang='lat' dir='ltr'>crudelis</span> <span class='ocrx_word' id='word_1_133' title='bbox 719 1715 818 1749; x_wconf 65' lang='lat' dir='ltr'>flectere</span> <span class='ocrx_word' id='word_1_134' title='bbox 830 1715 922 1740; x_wconf 80' lang='lat' dir='ltr'>mentis</span> 
     </span>
     <span class='ocr_line' id='line_1_23' title="bbox 329 1769 971 1802; baseline -0.016 -1"><span class='ocrx_word' id='word_1_135' title='bbox 329 1774 493 1802; x_wconf 76' lang='lat' dir='ltr'>Consilium?</span> <span class='ocrx_word' id='word_1_136' title='bbox 504 1772 565 1798; x_wconf 86' lang='lat' dir='ltr'>Tibi</span> <span class='ocrx_word' id='word_1_137' title='bbox 575 1771 646 1796; x_wconf 75' lang='lat' dir='ltr'>nulla</span> <span class='ocrx_word' id='word_1_138' title='bbox 656 1770 708 1795; x_wconf 81' lang='lat' dir='ltr'>suit</span> <span class='ocrx_word' id='word_1_139' title='bbox 720 1769 854 1794; x_wconf 77' lang='lat' dir='ltr'>clementia</span> <span class='ocrx_word' id='word_1_140' title='bbox 864 1773 955 1801; x_wconf 77' lang='lat' dir='ltr'>praesto</span> <span class='ocrx_word' id='word_1_141' title='bbox 962 1787 971 1799; x_wconf 87' lang='lat'>‚</span> 
     </span>
     <span class='ocr_line' id='line_1_24' title="bbox 330 1819 918 1853; baseline -0.015 -1"><span class='ocrx_word' id='word_1_142' title='bbox 330 1827 435 1852; x_wconf 79' lang='lat' dir='ltr'>Immite</span> <span class='ocrx_word' id='word_1_143' title='bbox 445 1830 473 1849; x_wconf 81' lang='lat' dir='ltr'>ut</span> <span class='ocrx_word' id='word_1_144' title='bbox 483 1823 565 1849; x_wconf 80' lang='lat' dir='ltr'>nostri</span> <span class='ocrx_word' id='word_1_145' title='bbox 575 1822 653 1847; x_wconf 78' lang='lat' dir='ltr'>vellet</span> <span class='ocrx_word' id='word_1_146' title='bbox 662 1821 794 1845; x_wconf 75' lang='lat' dir='ltr'>mitescere</span> <span class='ocrx_word' id='word_1_147' title='bbox 805 1824 894 1853; x_wconf 83' lang='lat' dir='ltr'>pectus</span> <span class='ocrx_word' id='word_1_148' title='bbox 905 1819 918 1844; x_wconf 69' lang='grc' dir='ltr'>’ἒ</span> 
     </span>
    </p>
   </div>
   <div class='ocr_carea' id='block_1_9' title="bbox 329 1870 970 1908">
    <p class='ocr_par' dir='ltr' id='par_1_13' title="bbox 329 1870 970 1908">
     <span class='ocr_line' id='line_1_25' title="bbox 329 1870 970 1908; baseline -0.014 -5"><span class='ocrx_word' id='word_1_149' title='bbox 329 1878 368 1903; x_wconf 82' lang='lat' dir='ltr'>At</span> <span class='ocrx_word' id='word_1_150' title='bbox 377 1886 429 1902; x_wconf 88' lang='lat' dir='ltr'>non</span> <span class='ocrx_word' id='word_1_151' title='bbox 438 1876 492 1900; x_wconf 62' lang='lat' dir='ltr'>haec</span> <span class='ocrx_word' id='word_1_152' title='bbox 504 1873 634 1908; x_wconf 79' lang='lat' dir='ltr'>quondam</span> <span class='ocrx_word' id='word_1_153' title='bbox 644 1871 718 1897; x_wconf 72' lang='lat' dir='ltr'>uobis</span> <span class='ocrx_word' id='word_1_154' title='bbox 727 1871 854 1904; x_wconf 73' lang='lat' dir='ltr'>promissa</span> <span class='ocrx_word' id='word_1_155' title='bbox 863 1870 970 1895; x_wconf 74' lang='lat' dir='ltr'>dedisti!</span> 
     </span>
    </p>
   </div>
   <div class='ocr_carea' id='block_1_10' title="bbox 330 1927 1019 2792">
    <p class='ocr_par' dir='ltr' id='par_1_14' title="bbox 333 1927 692 1970">
     <span class='ocr_line' id='line_1_26' title="bbox 333 1927 692 1970; baseline -0.025 -8"><span class='ocrx_word' id='word_1_156' title='bbox 333 1927 380 1961; x_wconf 77' lang='lat' dir='ltr'>Et</span> <span class='ocrx_word' id='word_1_157' title='bbox 397 1936 474 1970; x_wconf 84' lang='lat' dir='ltr'>quae</span> <span class='ocrx_word' id='word_1_158' title='bbox 488 1927 692 1968; x_wconf 87' lang='lat' dir='ltr'>sequuntur.</span> 
     </span>
    </p>

    <p class='ocr_par' dir='ltr' id='par_1_15' title="bbox 330 1969 1009 2175">
     <span class='ocr_line' id='line_1_27' title="bbox 372 1969 1008 2015; baseline -0.016 -2"><span class='ocrx_word' id='word_1_159' title='bbox 372 1978 426 2012; x_wconf 80' lang='lat'>36.</span> <span class='ocrx_word' id='word_1_160' title='bbox 435 1978 620 2012; x_wconf 79' lang='lat' dir='ltr'>Numerum.</span> <span class='ocrx_word' id='word_1_161' title='bbox 628 1971 774 2007; x_wconf 85' lang='lat' dir='ltr'>Locutio</span> <span class='ocrx_word' id='word_1_162' title='bbox 784 1970 857 2005; x_wconf 84' lang='lat' dir='ltr'>haec</span> <span class='ocrx_word' id='word_1_163' title='bbox 865 1969 1008 2015; x_wconf 85' lang='lat' dir='ltr'>quidem</span> 
     </span>
     <span class='ocr_line' id='line_1_28' title="bbox 330 2022 1009 2070; baseline -0.015 -5"><span class='ocrx_word' id='word_1_164' title='bbox 330 2032 370 2066; x_wconf 84' lang='lat' dir='ltr'>in</span> <span class='ocrx_word' id='word_1_165' title='bbox 402 2029 466 2063; x_wconf 89' lang='lat' dir='ltr'>alia</span> <span class='ocrx_word' id='word_1_166' title='bbox 492 2040 531 2062; x_wconf 90' lang='lat' dir='ltr'>re</span> <span class='ocrx_word' id='word_1_167' title='bbox 559 2024 681 2070; x_wconf 84' lang='lat' dir='ltr'>saepius</span> <span class='ocrx_word' id='word_1_168' title='bbox 707 2022 855 2058; x_wconf 87' lang='lat' dir='ltr'>occurrit</span> <span class='ocrx_word' id='word_1_169' title='bbox 868 2048 878 2066; x_wconf 94' lang='lat'>,</span> <span class='ocrx_word' id='word_1_170' title='bbox 900 2028 940 2056; x_wconf 92' lang='lat' dir='ltr'>ut</span> <span class='ocrx_word' id='word_1_171' title='bbox 968 2033 1009 2056; x_wconf 86' lang='lat'>11.</span> 
     </span>
     <span class='ocr_line' id='line_1_29' title="bbox 334 2078 608 2122; baseline -0.026 -5"><span class='ocrx_word' id='word_1_172' title='bbox 334 2084 440 2117; x_wconf 79' lang='lat' dir='ltr'>Pont.</span> <span class='ocrx_word' id='word_1_173' title='bbox 455 2088 546 2122; x_wconf 78' lang='lat' dir='ltr'>VIII,</span> <span class='ocrx_word' id='word_1_174' title='bbox 564 2078 583 2111; x_wconf 83' lang='lat'>3</span> <span class='ocrx_word' id='word_1_175' title='bbox 599 2089 608 2111; x_wconf 71' lang='grc' dir='ltr'><strong>ι</strong></span> 
     </span>
     <span class='ocr_line' id='line_1_30' title="bbox 334 2132 1009 2175; baseline -0.016 -8"><span class='ocrx_word' id='word_1_176' title='bbox 334 2142 425 2175; x_wconf 78' lang='lat' dir='ltr'>thue</span> <span class='ocrx_word' id='word_1_177' title='bbox 436 2148 513 2164; x_wconf 86' lang='lat' dir='ltr'>suum</span> <span class='ocrx_word' id='word_1_178' title='bbox 524 2144 620 2162; x_wconf 71' lang='lat' dir='ltr'>munus</span> <span class='ocrx_word' id='word_1_179' title='bbox 635 2143 774 2161; x_wconf 73' lang='lat' dir='ltr'>numerum</span> <span class='ocrx_word' id='word_1_180' title='bbox 786 2153 796 2167; x_wconf 82' lang='lat'>,</span> <span class='ocrx_word' id='word_1_181' title='bbox 813 2142 891 2168; x_wconf 83' lang='lat' dir='ltr'>quem</span> <span class='ocrx_word' id='word_1_182' title='bbox 912 2132 987 2158; x_wconf 81' lang='lat' dir='ltr'>debet</span> <span class='ocrx_word' id='word_1_183' title='bbox 1000 2150 1009 2163; x_wconf 95' lang='lat'><em>‚</em></span> 
     </span>
    </p>

    <p class='ocr_par' dir='ltr' id='par_1_16' title="bbox 435 2186 549 2211">
     <span class='ocr_line' id='line_1_31' title="bbox 435 2186 549 2211; baseline -0.009 0"><span class='ocrx_word' id='word_1_184' title='bbox 435 2186 549 2211; x_wconf 83' lang='lat' dir='ltr'>haberet.</span> 
     </span>
    </p>

    <p class='ocr_par' dir='ltr' id='par_1_17' title="bbox 337 2229 1018 2682">
     <span class='ocr_line' id='line_1_32' title="bbox 337 2229 1010 2278; baseline -0.013 -6"><span class='ocrx_word' id='word_1_185' title='bbox 337 2236 409 2273; x_wconf 85' lang='lat' dir='ltr'>Sed</span> <span class='ocrx_word' id='word_1_186' title='bbox 422 2236 478 2270; x_wconf 90' lang='lat' dir='ltr'>hic</span> <span class='ocrx_word' id='word_1_187' title='bbox 499 2234 648 2269; x_wconf 84' lang='lat' dir='ltr'>maxime</span> <span class='ocrx_word' id='word_1_188' title='bbox 669 2231 808 2278; x_wconf 85' lang='lat' dir='ltr'>proprie</span> <span class='ocrx_word' id='word_1_189' title='bbox 828 2229 937 2276; x_wconf 87' lang='lat' dir='ltr'>posita</span> <span class='ocrx_word' id='word_1_190' title='bbox 951 2229 1010 2264; x_wconf 85' lang='lat' dir='ltr'>vi-</span> 
     </span>
     <span class='ocr_line' id='line_1_33' title="bbox 339 2283 1012 2326; baseline -0.015 -2"><span class='ocrx_word' id='word_1_191' title='bbox 339 2286 458 2324; x_wconf 83' lang='lat' dir='ltr'>detur:</span> <span class='ocrx_word' id='word_1_192' title='bbox 469 2299 553 2321; x_wconf 89' lang='lat' dir='ltr'>nam</span> <span class='ocrx_word' id='word_1_193' title='bbox 561 2286 608 2320; x_wconf 90' lang='lat' dir='ltr'>sic</span> <span class='ocrx_word' id='word_1_194' title='bbox 616 2291 651 2320; x_wconf 84' lang='lat' dir='ltr'>et</span> <span class='ocrx_word' id='word_1_195' title='bbox 664 2283 736 2318; x_wconf 92' lang='lat' dir='ltr'>Cic.</span> <span class='ocrx_word' id='word_1_196' title='bbox 747 2294 783 2326; x_wconf 77' lang='lat' dir='ltr'>v,</span> <span class='ocrx_word' id='word_1_197' title='bbox 796 2283 832 2316; x_wconf 89' lang='lat' dir='ltr'>in</span> <span class='ocrx_word' id='word_1_198' title='bbox 842 2283 943 2316; x_wconf 85' lang='lat' dir='ltr'>Verr.</span> <span class='ocrx_word' id='word_1_199' title='bbox 955 2283 992 2316; x_wconf 83' lang='lat'>51</span> <span class='ocrx_word' id='word_1_200' title='bbox 1003 2293 1012 2315; x_wconf 74' lang='grc' dir='ltr'><strong>ι</strong></span> 
     </span>
     <span class='ocr_line' id='line_1_34' title="bbox 339 2336 1015 2380; baseline -0.013 -4"><span class='ocrx_word' id='word_1_201' title='bbox 339 2355 358 2372; x_wconf 75' lang='grc' dir='ltr'>«ε</span> <span class='ocrx_word' id='word_1_202' title='bbox 376 2341 474 2375; x_wconf 90' lang='lat' dir='ltr'>Tuus</span> <span class='ocrx_word' id='word_1_203' title='bbox 490 2338 602 2380; x_wconf 82' lang='lat' dir='ltr'>testis,</span> <span class='ocrx_word' id='word_1_204' title='bbox 620 2344 699 2371; x_wconf 86' lang='lat' dir='ltr'>tuus</span> <span class='ocrx_word' id='word_1_205' title='bbox 712 2336 918 2380; x_wconf 88' lang='lat' dir='ltr'>imperator,</span> <span class='ocrx_word' id='word_1_206' title='bbox 935 2341 1015 2368; x_wconf 88' lang='lat' dir='ltr'>tuus</span> 
     </span>
     <span class='ocr_line' id='line_1_35' title="bbox 340 2385 1014 2436; baseline -0.013 -9"><span class='ocrx_word' id='word_1_207' title='bbox 340 2393 464 2436; x_wconf 89' lang='lat' dir='ltr'>hospes</span> <span class='ocrx_word' id='word_1_208' title='bbox 485 2389 693 2424; x_wconf 88' lang='lat' dir='ltr'>Cleomenes</span> <span class='ocrx_word' id='word_1_209' title='bbox 708 2414 718 2431; x_wconf 90' lang='lat'>‚</span> <span class='ocrx_word' id='word_1_210' title='bbox 741 2386 807 2420; x_wconf 86' lang='lat' dir='ltr'>hoc</span> <span class='ocrx_word' id='word_1_211' title='bbox 831 2385 911 2420; x_wconf 87' lang='lat' dir='ltr'>dicit</span> <span class='ocrx_word' id='word_1_212' title='bbox 924 2398 960 2420; x_wconf 87' lang='lat' dir='ltr'>se</span> <span class='ocrx_word' id='word_1_213' title='bbox 978 2385 1014 2418; x_wconf 90' lang='lat' dir='ltr'>in</span> 
     </span>
     <span class='ocr_line' id='line_1_36' title="bbox 341 2437 1014 2485; baseline -0.013 -6"><span class='ocrx_word' id='word_1_214' title='bbox 341 2451 472 2479; x_wconf 79' lang='lat' dir='ltr'>terram</span> <span class='ocrx_word' id='word_1_215' title='bbox 489 2454 561 2476; x_wconf 83' lang='lat' dir='ltr'>esse</span> <span class='ocrx_word' id='word_1_216' title='bbox 576 2442 769 2485; x_wconf 83' lang='lat' dir='ltr'>egressum,</span> <span class='ocrx_word' id='word_1_217' title='bbox 787 2438 837 2472; x_wconf 83' lang='lat' dir='ltr'>uti</span> <span class='ocrx_word' id='word_1_218' title='bbox 850 2437 1014 2483; x_wconf 86' lang='lat' dir='ltr'>Pachyno</span> 
     </span>
     <span class='ocr_line' id='line_1_37' title="bbox 341 2488 1017 2538; baseline -0.013 -8"><span class='ocrx_word' id='word_1_219' title='bbox 341 2508 360 2529; x_wconf 89' lang='lat' dir='ltr'>e</span> <span class='ocrx_word' id='word_1_220' title='bbox 378 2493 531 2530; x_wconf 81' lang='lat' dir='ltr'>terrestri</span> <span class='ocrx_word' id='word_1_221' title='bbox 554 2490 710 2538; x_wconf 85' lang='lat' dir='ltr'>praesidio</span> <span class='ocrx_word' id='word_1_222' title='bbox 735 2490 860 2524; x_wconf 88' lang='lat' dir='ltr'>milites</span> <span class='ocrx_word' id='word_1_223' title='bbox 877 2488 1017 2534; x_wconf 86' lang='lat' dir='ltr'>collige-</span> 
     </span>
     <span class='ocr_line' id='line_1_38' title="bbox 342 2539 1017 2591; baseline -0.01 -11"><span class='ocrx_word' id='word_1_224' title='bbox 342 2553 410 2590; x_wconf 86' lang='lat' dir='ltr'>r-et,</span> <span class='ocrx_word' id='word_1_225' title='bbox 422 2558 507 2591; x_wconf 68' lang='lat' dir='ltr'>quos</span> <span class='ocrx_word' id='word_1_226' title='bbox 518 2545 554 2578; x_wconf 93' lang='lat' dir='ltr'>in</span> <span class='ocrx_word' id='word_1_227' title='bbox 566 2543 708 2578; x_wconf 85' lang='lat' dir='ltr'>navibus</span> <span class='ocrx_word' id='word_1_228' title='bbox 719 2541 911 2584; x_wconf 86' lang='lat' dir='ltr'>collocaret,</span> <span class='ocrx_word' id='word_1_229' title='bbox 924 2539 1017 2584; x_wconf 92' lang='lat' dir='ltr'>quod</span> 
     </span>
     <span class='ocr_line' id='line_1_39' title="bbox 344 2594 1018 2637; baseline -0.01 -5"><span class='ocrx_word' id='word_1_230' title='bbox 344 2604 438 2632; x_wconf 84' lang='lat' dir='ltr'>certe</span> <span class='ocrx_word' id='word_1_231' title='bbox 449 2609 524 2630; x_wconf 92' lang='lat' dir='ltr'>non</span> <span class='ocrx_word' id='word_1_232' title='bbox 534 2595 686 2637; x_wconf 84' lang='lat' dir='ltr'>fecisset,</span> <span class='ocrx_word' id='word_1_233' title='bbox 703 2594 729 2628; x_wconf 87' lang='lat' dir='ltr'>si</span> <span class='ocrx_word' id='word_1_234' title='bbox 742 2605 845 2628; x_wconf 90' lang='lat' dir='ltr'>suum</span> <span class='ocrx_word' id='word_1_235' title='bbox 853 2604 1018 2627; x_wconf 79' lang='lat' dir='ltr'>numerum</span> 
     </span>
     <span class='ocr_line' id='line_1_40' title="bbox 345 2645 825 2682; baseline -0.008 0"><span class='ocrx_word' id='word_1_236' title='bbox 345 2660 451 2682; x_wconf 86' lang='lat' dir='ltr'>naves</span> <span class='ocrx_word' id='word_1_237' title='bbox 466 2648 636 2681; x_wconf 83' lang='lat' dir='ltr'>haberent</span> <span class='ocrx_word' id='word_1_238' title='bbox 652 2660 680 2679; x_wconf 79' lang='lat'>».</span> <span class='ocrx_word' id='word_1_239' title='bbox 696 2645 825 2679; x_wconf 74' lang='lat' dir='ltr'><strong>BURM.</strong></span> 
     </span>
    </p>

    <p class='ocr_par' dir='ltr' id='par_1_18' title="bbox 347 2696 1019 2792">
     <span class='ocr_line' id='line_1_41' title="bbox 391 2696 1019 2745; baseline -0.005 -13"><span class='ocrx_word' id='word_1_240' title='bbox 391 2699 445 2745; x_wconf 81' lang='lat'>39.</span> <span class='ocrx_word' id='word_1_241' title='bbox 466 2699 514 2731; x_wconf 81' lang='lat' dir='ltr'>Ut</span> <span class='ocrx_word' id='word_1_242' title='bbox 521 2701 652 2732; x_wconf 80' lang='lat' dir='ltr'>sallem.</span> <span class='ocrx_word' id='word_1_243' title='bbox 666 2697 689 2731; x_wconf 90' lang='lat' dir='ltr'>J</span> <span class='ocrx_word' id='word_1_244' title='bbox 692 2696 763 2730; x_wconf 88' lang='lat' dir='ltr'>unii</span> <span class='ocrx_word' id='word_1_245' title='bbox 776 2722 785 2739; x_wconf 91' lang='lat'>,</span> <span class='ocrx_word' id='word_1_246' title='bbox 802 2697 872 2730; x_wconf 66' lang='grc' dir='ltr'>ᾗσι·</span> <span class='ocrx_word' id='word_1_247' title='bbox 883 2697 1019 2730; x_wconf 81' lang='lat' dir='ltr'>saltem:</span> 
     </span>
     <span class='ocr_line' id='line_1_42' title="bbox 347 2748 830 2792; baseline -0.006 -8"><span class='ocrx_word' id='word_1_248' title='bbox 347 2750 455 2792; x_wconf 83' lang='lat' dir='ltr'>sorte,</span> <span class='ocrx_word' id='word_1_249' title='bbox 474 2753 513 2783; x_wconf 85' lang='lat' dir='ltr'>at</span> <span class='ocrx_word' id='word_1_250' title='bbox 526 2751 645 2783; x_wconf 82' lang='lat' dir='ltr'>sallem</span> <span class='ocrx_word' id='word_1_251' title='bbox 658 2752 704 2783; x_wconf 79' lang='lat' dir='ltr'>ut.</span> <span class='ocrx_word' id='word_1_252' title='bbox 722 2748 830 2782; x_wconf 76' lang='lat' dir='ltr'><strong>IDEM.</strong></span> 
     </span>
    </p>
   </div>
   <div class='ocr_carea' id='block_1_11' title="bbox 1066 1399 1785 2790">
    <p class='ocr_par' dir='ltr' id='par_1_19' title="bbox 1066 1399 1785 1806">
     <span class='ocr_line' id='line_1_43' title="bbox 1110 1399 1739 1447; baseline -0.005 -10"><span class='ocrx_word' id='word_1_253' title='bbox 1110 1405 1162 1447; x_wconf 80' lang='grc' dir='ltr'>4ο.</span> <span class='ocrx_word' id='word_1_254' title='bbox 1189 1404 1346 1437; x_wconf 77' lang='lat' dir='ltr'>Jactatoe.</span> <span class='ocrx_word' id='word_1_255' title='bbox 1372 1399 1493 1436; x_wconf 77' lang='lat' dir='ltr'>Codex</span> <span class='ocrx_word' id='word_1_256' title='bbox 1506 1399 1638 1435; x_wconf 68' lang='lat' dir='ltr'>Deum</span> <span class='ocrx_word' id='word_1_257' title='bbox 1651 1399 1739 1434; x_wconf 86' lang='lat' dir='ltr'>Jac-</span> 
     </span>
     <span class='ocr_line' id='line_1_44' title="bbox 1067 1450 1740 1498; baseline -0.006 -9"><span class='ocrx_word' id='word_1_258' title='bbox 1067 1459 1179 1490; x_wconf 75' lang='lat' dir='ltr'>{antes</span> <span class='ocrx_word' id='word_1_259' title='bbox 1192 1465 1205 1496; x_wconf 92' lang='lat'><em>;</em></span> <span class='ocrx_word' id='word_1_260' title='bbox 1225 1460 1319 1489; x_wconf 88' lang='lat' dir='ltr'>certe</span> <span class='ocrx_word' id='word_1_261' title='bbox 1325 1454 1473 1498; x_wconf 79' lang='lat' dir='ltr'>jactata.-</span> <span class='ocrx_word' id='word_1_262' title='bbox 1487 1454 1558 1487; x_wconf 72' lang='lat' dir='ltr'>late</span> <span class='ocrx_word' id='word_1_263' title='bbox 1572 1463 1647 1486; x_wconf 87' lang='lat' dir='ltr'>non</span> <span class='ocrx_word' id='word_1_264' title='bbox 1660 1450 1740 1498; x_wconf 85' lang='lat' dir='ltr'>&#39;pla-</span> 
     </span>
     <span class='ocr_line' id='line_1_45' title="bbox 1067 1502 1785 1548; baseline -0.007 -7"><span class='ocrx_word' id='word_1_265' title='bbox 1067 1514 1130 1541; x_wconf 85' lang='lat' dir='ltr'>cet.</span> <span class='ocrx_word' id='word_1_266' title='bbox 1155 1525 1199 1532; x_wconf 88' lang='lat'>—</span> <span class='ocrx_word' id='word_1_267' title='bbox 1217 1507 1367 1539; x_wconf 80' lang='lat' dir='ltr'>Jactatoe</span> <span class='ocrx_word' id='word_1_268' title='bbox 1390 1507 1462 1539; x_wconf 78' lang='lat' dir='ltr'>late</span> <span class='ocrx_word' id='word_1_269' title='bbox 1483 1509 1548 1539; x_wconf 86' lang='lat' dir='ltr'>etc.</span> <span class='ocrx_word' id='word_1_270' title='bbox 1564 1502 1742 1548; x_wconf 79' lang='lat' dir='ltr'>Scriptum</span> <span class='ocrx_word' id='word_1_271' title='bbox 1783 1526 1785 1531; x_wconf 30' lang='lat' dir='ltr'>x</span> 
     </span>
     <span class='ocr_line' id='line_1_46' title="bbox 1066 1555 1742 1600; baseline -0.004 -8"><span class='ocrx_word' id='word_1_272' title='bbox 1066 1558 1167 1592; x_wconf 86' lang='lat' dir='ltr'>fuisse</span> <span class='ocrx_word' id='word_1_273' title='bbox 1181 1557 1263 1591; x_wconf 89' lang='lat' dir='ltr'>olim</span> <span class='ocrx_word' id='word_1_274' title='bbox 1274 1559 1362 1598; x_wconf 82' lang='lat' dir='ltr'>alte,</span> <span class='ocrx_word' id='word_1_275' title='bbox 1381 1556 1532 1591; x_wconf 89' lang='lat' dir='ltr'>secunda</span> <span class='ocrx_word' id='word_1_276' title='bbox 1544 1555 1644 1590; x_wconf 85' lang='lat' dir='ltr'>litera</span> <span class='ocrx_word' id='word_1_277' title='bbox 1658 1565 1742 1600; x_wconf 80' lang='lat' dir='ltr'>prae-</span> 
     </span>
     <span class='ocr_line' id='line_1_47' title="bbox 1067 1608 1743 1655; baseline -0.006 -12"><span class='ocrx_word' id='word_1_278' title='bbox 1067 1609 1176 1655; x_wconf 86' lang='lat' dir='ltr'>posita</span> <span class='ocrx_word' id='word_1_279' title='bbox 1185 1635 1194 1652; x_wconf 94' lang='lat'>,</span> <span class='ocrx_word' id='word_1_280' title='bbox 1212 1616 1248 1643; x_wconf 90' lang='lat' dir='ltr'>et</span> <span class='ocrx_word' id='word_1_281' title='bbox 1262 1608 1496 1653; x_wconf 80' lang='lat' dir='ltr'>hincjaclatae</span> <span class='ocrx_word' id='word_1_282' title='bbox 1509 1620 1553 1642; x_wconf 75' lang='lat' dir='ltr'>ex</span> <span class='ocrx_word' id='word_1_283' title='bbox 1565 1609 1638 1641; x_wconf 76' lang='lat' dir='ltr'>allo</span> <span class='ocrx_word' id='word_1_284' title='bbox 1649 1632 1659 1647; x_wconf 93' lang='lat'>,</span> <span class='ocrx_word' id='word_1_285' title='bbox 1680 1618 1743 1640; x_wconf 83' lang='lat' dir='ltr'>ve-</span> 
     </span>
     <span class='ocr_line' id='line_1_48' title="bbox 1068 1658 1744 1703; baseline -0.004 -9"><span class='ocrx_word' id='word_1_286' title='bbox 1068 1674 1144 1695; x_wconf 87' lang='lat' dir='ltr'>ram</span> <span class='ocrx_word' id='word_1_287' title='bbox 1157 1672 1228 1694; x_wconf 88' lang='lat' dir='ltr'>esse</span> <span class='ocrx_word' id='word_1_288' title='bbox 1239 1659 1425 1694; x_wconf 82' lang='lat' dir='ltr'>lectionem</span> <span class='ocrx_word' id='word_1_289' title='bbox 1434 1658 1638 1703; x_wconf 82' lang='lat' dir='ltr'>conjiciebat</span> <span class='ocrx_word' id='word_1_290' title='bbox 1649 1658 1744 1692; x_wconf 83' lang='lat' dir='ltr'>Bur-</span> 
     </span>
     <span class='ocr_line' id='line_1_49' title="bbox 1069 1707 1743 1755; baseline -0.006 -9"><span class='ocrx_word' id='word_1_291' title='bbox 1069 1724 1190 1746; x_wconf 83' lang='lat' dir='ltr'>mann.</span> <span class='ocrx_word' id='word_1_292' title='bbox 1205 1710 1346 1746; x_wconf 89' lang='lat' dir='ltr'>secund.</span> <span class='ocrx_word' id='word_1_293' title='bbox 1365 1710 1408 1744; x_wconf 89' lang='lat' dir='ltr'>ad</span> <span class='ocrx_word' id='word_1_294' title='bbox 1423 1710 1584 1755; x_wconf 84' lang='lat' dir='ltr'>Propert.</span> <span class='ocrx_word' id='word_1_295' title='bbox 1595 1720 1610 1743; x_wconf 93' lang='lat'>1</span> <span class='ocrx_word' id='word_1_296' title='bbox 1622 1735 1632 1753; x_wconf 91' lang='lat'>,</span> <span class='ocrx_word' id='word_1_297' title='bbox 1646 1707 1743 1753; x_wconf 87' lang='lat' dir='ltr'>Eleg.</span> 
     </span>
     <span class='ocr_line' id='line_1_50' title="bbox 1069 1762 1429 1806; baseline -0.011 -7"><span class='ocrx_word' id='word_1_298' title='bbox 1069 1775 1140 1799; x_wconf 86' lang='lat' dir='ltr'>vm</span> <span class='ocrx_word' id='word_1_299' title='bbox 1149 1790 1158 1806; x_wconf 87' lang='lat'>,</span> <span class='ocrx_word' id='word_1_300' title='bbox 1186 1763 1235 1796; x_wconf 83' lang='lat'>16.</span> <span class='ocrx_word' id='word_1_301' title='bbox 1265 1762 1429 1796; x_wconf 66' lang='lat' dir='ltr'>Limum».</span> 
     </span>
    </p>

    <p class='ocr_par' dir='ltr' id='par_1_20' title="bbox 1070 1812 1748 2114">
     <span class='ocr_line' id='line_1_51' title="bbox 1114 1812 1745 1859; baseline -0.003 -11"><span class='ocrx_word' id='word_1_302' title='bbox 1114 1816 1167 1859; x_wconf 80' lang='grc'>45.</span> <span class='ocrx_word' id='word_1_303' title='bbox 1193 1815 1286 1858; x_wconf 79' lang='lat' dir='ltr'>Quid</span> <span class='ocrx_word' id='word_1_304' title='bbox 1302 1816 1418 1858; x_wconf 82' lang='lat' dir='ltr'>polius</span> <span class='ocrx_word' id='word_1_305' title='bbox 1437 1812 1599 1857; x_wconf 71' lang='lat' dir='ltr'>facerent</span> <span class='ocrx_word' id='word_1_306' title='bbox 1607 1837 1618 1853; x_wconf 85' lang='lat'>‚</span> <span class='ocrx_word' id='word_1_307' title='bbox 1647 1823 1745 1857; x_wconf 82' lang='lat' dir='ltr'>quam</span> 
     </span>
     <span class='ocr_line' id='line_1_52' title="bbox 1070 1863 1746 1909; baseline -0.007 -8"><span class='ocrx_word' id='word_1_308' title='bbox 1070 1880 1122 1901; x_wconf 83' lang='lat' dir='ltr'>me</span> <span class='ocrx_word' id='word_1_309' title='bbox 1149 1878 1223 1900; x_wconf 81' lang='lat' dir='ltr'>mea</span> <span class='ocrx_word' id='word_1_310' title='bbox 1244 1868 1371 1899; x_wconf 73' lang='lat' dir='ltr'>lumina</span> <span class='ocrx_word' id='word_1_311' title='bbox 1384 1864 1530 1909; x_wconf 77' lang='lat' dir='ltr'>sterent!</span> <span class='ocrx_word' id='word_1_312' title='bbox 1559 1863 1612 1898; x_wconf 79' lang='lat' dir='ltr'>Ita</span> <span class='ocrx_word' id='word_1_313' title='bbox 1642 1863 1746 1908; x_wconf 78' lang='lat' dir='ltr'>friget</span> 
     </span>
     <span class='ocr_line' id='line_1_53' title="bbox 1072 1915 1744 1960; baseline -0.007 -7"><span class='ocrx_word' id='word_1_314' title='bbox 1072 1917 1183 1953; x_wconf 85' lang='lat' dir='ltr'>oratio</span> <span class='ocrx_word' id='word_1_315' title='bbox 1195 1943 1204 1960; x_wconf 88' lang='lat'>,</span> <span class='ocrx_word' id='word_1_316' title='bbox 1222 1923 1261 1951; x_wconf 87' lang='lat' dir='ltr'>ut</span> <span class='ocrx_word' id='word_1_317' title='bbox 1275 1916 1408 1951; x_wconf 86' lang='lat' dir='ltr'>suerint</span> <span class='ocrx_word' id='word_1_318' title='bbox 1420 1942 1429 1959; x_wconf 90' lang='lat'>,</span> <span class='ocrx_word' id='word_1_319' title='bbox 1447 1915 1506 1960; x_wconf 89' lang='lat' dir='ltr'>qui</span> <span class='ocrx_word' id='word_1_320' title='bbox 1527 1919 1561 1949; x_wconf 80' lang='lat' dir='ltr'>te</span> <span class='ocrx_word' id='word_1_321' title='bbox 1570 1941 1579 1956; x_wconf 91' lang='lat'><strong><em>‚</em></strong></span> <span class='ocrx_word' id='word_1_322' title='bbox 1596 1927 1660 1960; x_wconf 82' lang='lat' dir='ltr'>pro</span> <span class='ocrx_word' id='word_1_323' title='bbox 1672 1927 1744 1955; x_wconf 86' lang='lat' dir='ltr'>me,</span> 
     </span>
     <span class='ocr_line' id='line_1_54' title="bbox 1072 1965 1744 2015; baseline -0.007 -11"><span class='ocrx_word' id='word_1_324' title='bbox 1072 1968 1260 2015; x_wconf 85' lang='lat' dir='ltr'>legendum</span> <span class='ocrx_word' id='word_1_325' title='bbox 1291 1967 1543 2013; x_wconf 81' lang='lat' dir='ltr'>proposuerint.</span> <span class='ocrx_word' id='word_1_326' title='bbox 1581 1965 1719 2001; x_wconf 82' lang='lat' dir='ltr'>Vitium</span> <span class='ocrx_word' id='word_1_327' title='bbox 1733 1991 1744 2009; x_wconf 93' lang='lat'>,</span> 
     </span>
     <span class='ocr_line' id='line_1_55' title="bbox 1073 2016 1747 2062; baseline -0.006 -7"><span class='ocrx_word' id='word_1_328' title='bbox 1073 2020 1224 2056; x_wconf 78' lang='lat' dir='ltr'>vitiosius</span> <span class='ocrx_word' id='word_1_329' title='bbox 1245 2018 1480 2054; x_wconf 80' lang='lat' dir='ltr'>emendatum.</span> <span class='ocrx_word' id='word_1_330' title='bbox 1505 2017 1626 2062; x_wconf 86' lang='lat' dir='ltr'>Quam</span> <span class='ocrx_word' id='word_1_331' title='bbox 1641 2016 1747 2052; x_wconf 80' lang='lat' dir='ltr'>dissi—</span> 
     </span>
     <span class='ocr_line' id='line_1_56' title="bbox 1074 2067 1748 2114; baseline -0.006 -10"><span class='ocrx_word' id='word_1_332' title='bbox 1074 2071 1163 2105; x_wconf 86' lang='lat' dir='ltr'>milis</span> <span class='ocrx_word' id='word_1_333' title='bbox 1169 2069 1322 2105; x_wconf 82' lang='lat' dir='ltr'>Ariadne</span> <span class='ocrx_word' id='word_1_334' title='bbox 1332 2069 1418 2114; x_wconf 87' lang='lat' dir='ltr'>haec,</span> <span class='ocrx_word' id='word_1_335' title='bbox 1432 2082 1451 2103; x_wconf 94' lang='lat' dir='ltr'>a</span> <span class='ocrx_word' id='word_1_336' title='bbox 1460 2067 1748 2112; x_wconf 72' lang='lat' dir='ltr'>Catulliana,quae</span> 
     </span>
    </p>

    <p class='ocr_par' dir='ltr' id='par_1_21' title="bbox 1074 2126 1698 2210">
     <span class='ocr_line' id='line_1_57' title="bbox 1249 2126 1698 2161; baseline -0.007 -7"><span class='ocrx_word' id='word_1_337' title='bbox 1249 2146 1280 2154; x_wconf 84' lang='lat'>...</span> <span class='ocrx_word' id='word_1_338' title='bbox 1293 2130 1360 2154; x_wconf 85' lang='lat' dir='ltr'>Toto</span> <span class='ocrx_word' id='word_1_339' title='bbox 1370 2137 1403 2154; x_wconf 80' lang='lat' dir='ltr'>ex</span> <span class='ocrx_word' id='word_1_340' title='bbox 1416 2134 1440 2153; x_wconf 84' lang='lat' dir='ltr'>te</span> <span class='ocrx_word' id='word_1_341' title='bbox 1450 2133 1567 2161; x_wconf 78' lang='lat' dir='ltr'>pectore,</span> <span class='ocrx_word' id='word_1_342' title='bbox 1579 2126 1698 2157; x_wconf 73' lang='lat' dir='ltr'>Theseu,</span> 
     </span>
     <span class='ocr_line' id='line_1_58' title="bbox 1074 2175 1680 2210; baseline -0.008 -6"><span class='ocrx_word' id='word_1_343' title='bbox 1074 2179 1142 2204; x_wconf 83' lang='grc' dir='ltr'><strong>Τοιο</strong></span> <span class='ocrx_word' id='word_1_344' title='bbox 1152 2178 1236 2202; x_wconf 78' lang='lat' dir='ltr'>animo</span> <span class='ocrx_word' id='word_1_345' title='bbox 1248 2196 1256 2208; x_wconf 96' lang='lat'>,</span> <span class='ocrx_word' id='word_1_346' title='bbox 1268 2182 1321 2203; x_wconf 74' lang='lat' dir='ltr'>tota</span> <span class='ocrx_word' id='word_1_347' title='bbox 1331 2176 1458 2210; x_wconf 78' lang='lat' dir='ltr'>pendebat</span> <span class='ocrx_word' id='word_1_348' title='bbox 1467 2175 1568 2209; x_wconf 66' lang='lat' dir='ltr'>perdiu</span> <span class='ocrx_word' id='word_1_349' title='bbox 1576 2179 1661 2200; x_wconf 69' lang='lat' dir='ltr'>mente</span> <span class='ocrx_word' id='word_1_350' title='bbox 1673 2175 1680 2199; x_wconf 68' lang='grc' dir='ltr'>ἰ</span> 
     </span>
    </p>

    <p class='ocr_par' dir='ltr' id='par_1_22' title="bbox 1077 2223 1754 2482">
     <span class='ocr_line' id='line_1_59' title="bbox 1119 2223 1748 2270; baseline -0.006 -9"><span class='ocrx_word' id='word_1_351' title='bbox 1119 2226 1173 2270; x_wconf 81' lang='grc'>46.</span> <span class='ocrx_word' id='word_1_352' title='bbox 1194 2227 1386 2261; x_wconf 80' lang='lat' dir='ltr'>Desierant.</span> <span class='ocrx_word' id='word_1_353' title='bbox 1401 2226 1597 2265; x_wconf 76' lang='lat' dir='ltr'>Desierant,</span> <span class='ocrx_word' id='word_1_354' title='bbox 1625 2223 1748 2259; x_wconf 79' lang='lat' dir='ltr'>Putea-</span> 
     </span>
     <span class='ocr_line' id='line_1_60' title="bbox 1077 2276 1750 2325; baseline -0.01 -9"><span class='ocrx_word' id='word_1_355' title='bbox 1077 2293 1164 2316; x_wconf 86' lang='lat' dir='ltr'>neus</span> <span class='ocrx_word' id='word_1_356' title='bbox 1177 2286 1212 2314; x_wconf 87' lang='lat' dir='ltr'>et</span> <span class='ocrx_word' id='word_1_357' title='bbox 1224 2279 1378 2325; x_wconf 88' lang='lat' dir='ltr'>quinque</span> <span class='ocrx_word' id='word_1_358' title='bbox 1391 2278 1455 2313; x_wconf 89' lang='lat' dir='ltr'>alii.</span> <span class='ocrx_word' id='word_1_359' title='bbox 1468 2279 1602 2312; x_wconf 69' lang='lat' dir='ltr'>Hums.</span> <span class='ocrx_word' id='word_1_360' title='bbox 1611 2276 1684 2311; x_wconf 84' lang='lat' dir='ltr'>Nos</span> <span class='ocrx_word' id='word_1_361' title='bbox 1692 2286 1750 2309; x_wconf 91' lang='lat' dir='ltr'>an-</span> 
     </span>
     <span class='ocr_line' id='line_1_61' title="bbox 1078 2329 1750 2377; baseline -0.01 -10"><span class='ocrx_word' id='word_1_362' title='bbox 1078 2333 1212 2377; x_wconf 86' lang='lat' dir='ltr'>tiquam</span> <span class='ocrx_word' id='word_1_363' title='bbox 1220 2331 1407 2366; x_wconf 84' lang='lat' dir='ltr'>lectionem</span> <span class='ocrx_word' id='word_1_364' title='bbox 1413 2329 1611 2365; x_wconf 82' lang='lat' dir='ltr'>reduximus</span> <span class='ocrx_word' id='word_1_365' title='bbox 1623 2342 1632 2370; x_wconf 86' lang='lat'>;</span> <span class='ocrx_word' id='word_1_366' title='bbox 1646 2338 1750 2372; x_wconf 87' lang='lat' dir='ltr'>quam</span> 
     </span>
     <span class='ocr_line' id='line_1_62' title="bbox 1080 2377 1754 2430; baseline -0.01 -12"><span class='ocrx_word' id='word_1_367' title='bbox 1080 2384 1187 2430; x_wconf 86' lang='lat' dir='ltr'>magis</span> <span class='ocrx_word' id='word_1_368' title='bbox 1201 2383 1372 2429; x_wconf 82' lang='lat' dir='ltr'>poeticam</span> <span class='ocrx_word' id='word_1_369' title='bbox 1386 2381 1558 2417; x_wconf 82' lang='lat' dir='ltr'>credimus</span> <span class='ocrx_word' id='word_1_370' title='bbox 1567 2407 1576 2425; x_wconf 89' lang='lat'>,</span> <span class='ocrx_word' id='word_1_371' title='bbox 1601 2385 1637 2416; x_wconf 84' lang='lat' dir='ltr'>et</span> <span class='ocrx_word' id='word_1_372' title='bbox 1646 2377 1754 2424; x_wconf 84' lang='lat' dir='ltr'>poscit</span> 
     </span>
     <span class='ocr_line' id='line_1_63' title="bbox 1079 2434 1644 2482; baseline -0.007 -11"><span class='ocrx_word' id='word_1_373' title='bbox 1079 2434 1278 2482; x_wconf 83' lang='lat' dir='ltr'>praecedens</span> <span class='ocrx_word' id='word_1_374' title='bbox 1285 2435 1453 2479; x_wconf 78' lang='lat' dir='ltr'>facerent.</span> <span class='ocrx_word' id='word_1_375' title='bbox 1470 2434 1599 2468; x_wconf 72' lang='lat' dir='ltr'>Bumu.</span> <span class='ocrx_word' id='word_1_376' title='bbox 1640 2440 1644 2441; x_wconf 52' lang='lat'><em>⁷</em></span> 
     </span>
    </p>

    <p class='ocr_par' dir='ltr' id='par_1_23' title="bbox 1082 2483 1756 2790">
     <span class='ocr_line' id='line_1_64' title="bbox 1098 2483 1756 2533; baseline -0.009 -11"><span class='ocrx_word' id='word_1_377' title='bbox 1098 2486 1100 2489; x_wconf 73' lang='grc'><strong>’</strong></span> <span class='ocrx_word' id='word_1_378' title='bbox 1125 2488 1177 2531; x_wconf 83' lang='grc'>48.</span> <span class='ocrx_word' id='word_1_379' title='bbox 1201 2489 1320 2530; x_wconf 78' lang='lat' dir='ltr'>Qualis</span> <span class='ocrx_word' id='word_1_380' title='bbox 1341 2489 1386 2520; x_wconf 85' lang='lat' dir='ltr'>ab</span> <span class='ocrx_word' id='word_1_381' title='bbox 1409 2487 1545 2533; x_wconf 68' lang='lat' dir='ltr'>Ogygio.</span> <span class='ocrx_word' id='word_1_382' title='bbox 1577 2483 1756 2531; x_wconf 75' lang='lat' dir='ltr'>Ogygiam</span> 
     </span>
     <span class='ocr_line' id='line_1_65' title="bbox 1082 2534 1756 2582; baseline -0.009 -8"><span class='ocrx_word' id='word_1_383' title='bbox 1082 2539 1201 2574; x_wconf 90' lang='lat' dir='ltr'>Deum</span> <span class='ocrx_word' id='word_1_384' title='bbox 1222 2538 1398 2573; x_wconf 88' lang='lat' dir='ltr'>Bacchum</span> <span class='ocrx_word' id='word_1_385' title='bbox 1416 2537 1548 2582; x_wconf 87' lang='lat' dir='ltr'>accipe,</span> <span class='ocrx_word' id='word_1_386' title='bbox 1565 2535 1607 2570; x_wconf 87' lang='lat' dir='ltr'>ab</span> <span class='ocrx_word' id='word_1_387' title='bbox 1631 2534 1756 2582; x_wconf 83' lang='lat' dir='ltr'>Ogyge</span> 
     </span>
     <span class='ocr_line' id='line_1_66' title="bbox 1082 2590 1756 2635; baseline -0.009 -10"><span class='ocrx_word' id='word_1_388' title='bbox 1082 2590 1319 2635; x_wconf 88' lang='lat' dir='ltr'>antiquissimo</span> <span class='ocrx_word' id='word_1_389' title='bbox 1329 2590 1535 2624; x_wconf 81' lang='lat' dir='ltr'>Boeotorum</span> <span class='ocrx_word' id='word_1_390' title='bbox 1544 2599 1638 2632; x_wconf 87' lang='lat' dir='ltr'>rege,</span> <span class='ocrx_word' id='word_1_391' title='bbox 1649 2598 1756 2630; x_wconf 84' lang='lat' dir='ltr'>quem</span> 
     </span>
     <span class='ocr_line' id='line_1_67' title="bbox 1083 2636 1756 2685; baseline -0.01 -8"><span class='ocrx_word' id='word_1_392' title='bbox 1083 2641 1268 2677; x_wconf 88' lang='lat' dir='ltr'>Pausanias</span> <span class='ocrx_word' id='word_1_393' title='bbox 1287 2642 1450 2685; x_wconf 67' lang='grc' dir='ltr'><em>ἀντίχθονα</em></span> <span class='ocrx_word' id='word_1_394' title='bbox 1463 2639 1582 2681; x_wconf 83' lang='lat' dir='ltr'>fuisse,</span> <span class='ocrx_word' id='word_1_395' title='bbox 1600 2636 1756 2671; x_wconf 80' lang='lat' dir='ltr'>Boeotiae-</span> 
     </span>
     <span class='ocr_line' id='line_1_68' title="bbox 1084 2688 1753 2739; baseline -0.009 -12"><span class='ocrx_word' id='word_1_396' title='bbox 1084 2706 1151 2739; x_wconf 90' lang='lat' dir='ltr'>que</span> <span class='ocrx_word' id='word_1_397' title='bbox 1171 2693 1355 2738; x_wconf 87' lang='lat' dir='ltr'>imperasse</span> <span class='ocrx_word' id='word_1_398' title='bbox 1369 2691 1503 2734; x_wconf 87' lang='lat' dir='ltr'>scribit,</span> <span class='ocrx_word' id='word_1_399' title='bbox 1517 2688 1753 2734; x_wconf 87' lang='lat' dir='ltr'>populumque</span> 
     </span>
     <span class='ocr_line' id='line_1_69' title="bbox 1084 2741 1754 2790; baseline -0.009 -10"><span class='ocrx_word' id='word_1_400' title='bbox 1084 2745 1159 2790; x_wconf 80' lang='lat' dir='ltr'>ejus</span> <span class='ocrx_word' id='word_1_401' title='bbox 1179 2744 1280 2779; x_wconf 80' lang='lat' dir='ltr'>fuisse</span> <span class='ocrx_word' id='word_1_402' title='bbox 1298 2744 1490 2786; x_wconf 86' lang='lat' dir='ltr'>Hectenes;</span> <span class='ocrx_word' id='word_1_403' title='bbox 1515 2741 1638 2785; x_wconf 85' lang='lat' dir='ltr'>quibus</span> <span class='ocrx_word' id='word_1_404' title='bbox 1659 2747 1754 2786; x_wconf 79' lang='lat' dir='ltr'>pesto</span> 
     </span>
    </p>
   </div>
  </div>
 </body>
</html>
