1884 3112
295 254 374 288 x1v
810 239 1190 283 PRAEFATIO.

289 338 454 408 scilicet
475 337 538 385 sic
558 336 648 402 ipsi
670 335 905 383 dixissent!
932 334 1055 400 quod
1079 354 1298 389 summum
1326 348 1394 385 est
1421 338 1674 389 temeritatis
1687 353 1705 399 ,“

288 443 425 491 quum
442 442 535 472 non
551 423 739 489 ineptiae.
760 420 834 469 Illi
848 439 951 470 vero
967 420 1020 470 de
1040 421 1204 488 quibus
1224 421 1297 471 hic
1316 442 1481 483 sermo,
1501 443 1590 492 quo
1612 445 1703 489 cer·

289 513 445 570 tiores,
471 529 525 559 eo
548 508 690 558 timidi
712 507 852 571 magis
872 527 921 557 ac
944 508 1093 568 dubii3
1116 520 1160 557 et
1185 528 1308 576 aequa
1334 508 1541 561 lectorem
1565 515 1703 582 scrip-

288 612 515 666 toremque
536 597 778 647 reverentia
803 597 1092 663 prosequuti,
1116 596 1229 645 nihil
1251 617 1447 664 unquam
1461 636 1474 658 ‚
1495 599 1584 648 nisi
1603 620 1703 651 cum

287 688 406 735 bona
433 686 665 751 utriusque
686 684 835 743 venia,
862 684 950 731 sibi
974 696 1237 750 proponunt
1265 684 1587 736 immutandum
1609 707 1621 737 ε
1641 688 1704 737 ita

287 787 339 823 ut
361 774 567 833 suadere,
593 784 637 821 et
664 791 842 821 monere
863 772 1042 838 potius,
1073 792 1205 838 quam
1226 772 1382 822 docere
1401 773 1632 824 videantur
1661 788 1706 825 et

286 864 548 930 imperitare.
567 861 803 927 Naugerius
818 860 995 926 quidem
1006 879 1086 908 nec
1101 878 1226 908 rarus
1242 860 1290 908 in
1301 860 1575 926 conjiciendo
1588 899 1601 922 ,
1623 882 1704 912 nec

285 950 439 999 infelix
458 969 468 998 :
489 950 637 1015 ipsum
658 960 803 997 tamen
822 947 1050 996 audiamus
1064 985 1076 1006 ‚
1099 959 1378 997 excusantem
1405 968 1451 998 se
1475 950 1523 998 in
1549 951 1706 1017 praefa-

285 1036 482 1086 tiuncula
495 1036 702 1103 quadam,
721 1035 857 1102 quod,
873 1035 1141 1098 suffragante
1154 1034 1280 1083 nullo
1292 1035 1541 1102 exemplari,
1554 1038 1703 1087 nescio

287 1127 417 1193 quid,
443 1126 547 1175 licet
576 1125 787 1174 momenti
816 1125 1054 1173 admodum
1085 1123 1216 1183 levis,
1251 1125 1299 1172 in
1329 1136 1498 1174 textum
1531 1126 1705 1176 sivisset

285 1217 487 1283 irrepere.
526 1237 565 1258 «,
590 1214 817 1278 Quoniam
832 1251 845 1272 ‚
877 1213 1043 1279 inquit,
1064 1230 1201 1278 pauca
1233 1211 1451 1278 quaedam‚
1477 1214 1703 1280 (quamvis

284 1303 494 1352 subtimide
524 1303 594 1362 id,
628 1314 672 1351 et
701 1320 827 1369 parce
858 1300 1075 1349 admodum
1107 1299 1320 1362 fecimus)
1350 1300 1675 1350 immutavimus
1688 1339 1700 1359 ‚

283 1392 465 1441 illorum
483 1391 716 1440 admonere
736 1390 942 1438 lectorem
958 1388 1179 1439 voluimus
1190 1426 1203 1447 ‚
1225 1407 1281 1437 ne
1305 1388 1404 1454 quis
1421 1387 1534 1437 forte
1546 1389 1594 1437 id
1607 1407 1703 1439 sus—

285 1482 479 1548 picetur,
503 1498 600 1547 quae
620 1497 704 1526 nos
720 1477 1043 1526 emendavimus
1055 1513 1067 1534 ‚
1091 1496 1143 1524 ex
1157 1487 1353 1524 veterum
1366 1475 1586 1525 librorum
1601 1496 1704 1525 auc-

285 1571 462 1618 toritate
492 1567 731 1617 emendata.
769 1588 793 1609 n
836 1565 974 1630 Quod
1002 1565 1075 1613 hic
1105 1565 1364 1631 Naugerius,
1398 1566 1561 1615 centies
1595 1565 1702 1615 alibi

287 1658 506 1728 Micyllus,
534 1655 753 1721 Ciofanus,
777 1666 822 1703 et
842 1653 915 1702 alii
937 1672 1238 1720 quoscumque
1255 1652 1403 1719 pudor
1423 1654 1586 1714 tenuit,
1609 1674 1702 1705 sese

284 1749 333 1795 in
349 1747 542 1796 auctoris
563 1746 704 1812 ipsius
725 1744 874 1792 locum
893 1754 1147 1806 arroganter
1165 1741 1425 1790 sufficiendi.

352 1837 635 1901 Quamquam
656 1833 732 1882 illa
754 1834 852 1899 ipsa
879 1844 1073 1880 veterum
1099 1831 1317 1879 librorum
1349 1831 1586 1880 auctoritas
1608 1850 1703 1880 non

289 1923 378 1971 dux
398 1923 564 1988 ubique
587 1922 650 1969 ita
669 1920 832 1978 fidelis,
859 1939 956 1986 quae
975 1939 1067 1968 non
1092 1930 1323 1986 sequentes
1344 1938 1369 1975 a
1388 1930 1505 1967 recta
1527 1918 1597 1967 via
1625 1917 1704 1966 ali-

290 2010 467 2076 quando
487 2009 693 2067 deducat;
713 2020 779 2066 et,
799 2008 887 2056 nisi
904 2008 1041 2056 amica
1058 2007 1135 2056 lux
1150 2008 1198 2055 in
1210 2007 1298 2055 hoc
1316 2006 1451 2055 veluti
1466 2005 1702 2055 Lectionum

289 2098 497 2147 variarum
512 2096 739 2163 quadrivio
754 2095 1078 2162 trepidantibus
1091 2095 1299 2163 affulgeat
1313 2094 1553 2161 repentina,
1571 2108 1701 2159 quam

289 2186 551 2244 verendum,
576 2205 653 2244 ne,
680 2205 769 2251 quo
793 2184 942 2251 plures
974 2185 1029 2233 ad
1065 2204 1214 2233 verum
1241 2185 1338 2243 viae,
1372 2203 1424 2232 eo
1453 2182 1625 2232 facilior
1653 2182 1701 2229 in

290 2294 482 2330 errorem
498 2273 729 2341 prolapsus
747 2275 757 2321 ἲ
786 2275 884 2321 Lux
901 2284 1044 2321 autem
1064 2292 1193 2339 quam
1208 2272 1306 2321 dico
1319 2309 1331 2331 ‚
1357 2263 1463 2338 quid
1478 2270 1598 2319 aliud
1613 2281 1698 2327 est,

289 2365 377 2412 nisi
404 2364 614 2426 sagacitas
645 2362 841 2429 quaedam
865 2362 1053 2424 ingenii,
1088 2373 1131 2409 et
1163 2360 1288 2427 quasi
1315 2371 1457 2408 tactus
1484 2357 1630 2406 mollis
1651 2375 1699 2404 ac

292 2451 515 2509 delicatus,
527 2451 603 2517 qui
612 2449 784 2508 vulnus,
797 2450 1066 2515 ubicumque
1079 2447 1224 2506 lateat,
1235 2459 1378 2496 certus
1390 2442 1697 2513 deprehendat,

290 2559 370 2588 nec
401 2552 514 2588 certe
542 2539 688 2587 minus
721 2538 964 2586 sanandum
994 2537 1240 2603 suscipiat?
1276 2535 1410 2585 Plene
1436 2534 1526 2582 haec
1553 2530 1699 2580 omnia

292 2628 547 2675 Bersmanno
563 2627 856 2689 contigerant,
875 2625 951 2692 qui
962 2626 1048 2684 vir,
1071 2624 1158 2673 nisi
1175 2625 1314 2672 turbae
1332 2620 1556 2685 religionis
1571 2637 1699 2668 causa

294 2714 462 2762 obortae
482 2733 508 2763 a
528 2713 686 2762 studiis
707 2713 980 2779 frequentius
1006 2712 1345 2769 abstraxissent,
1382 2721 1425 2757 et
1446 2708 1545 2755 loco
1569 2706 1697 2754 etiam
