1884 3112
625 272 904 322 SAPPHO
941 277 1233 322 PHAONI.

1534 297 1621 342 277

261 370 324 420 Et
344 369 429 418 sub
452 387 503 419 ea
523 387 675 418 versus
697 388 815 419 unus
833 381 880 419 et
902 369 1012 419 alter
1033 370 1179 419 erint:

203 446 339 497 Grata
359 446 497 513 lyram
518 446 651 513 posui
673 447 779 505 tibi,
804 446 996 506 Phoebe,
1020 447 1194 515 poetria
1215 446 1423 515 Sappho3

265 524 482 574 Convenit
502 523 578 574 illa
597 524 732 583 mihi,
757 524 963 574 convenit
985 523 1062 573 illa
1084 524 1185 572 tibi.

203 603 296 665 Cur
319 613 468 651 tamen
489 602 692 651 Actiacas
713 602 918 651 miseram
938 619 1008 650 me
1028 601 1170 650 mittis
1193 600 1249 649 ad
1272 620 1393 662 oras,

1566 618 1626 653 185

268 680 425 744 Quum
446 679 686 746 profugum
708 679 856 747 possis
878 679 974 745 ipse
995 678 1156 727 referre
1177 678 1369 745 pedem?

202 760 275 807 Tu
296 757 408 807 mihi
428 757 646 806 Leucadia
667 768 797 824 potes
820 775 914 806 esse
939 755 1161 805 salubrior
1182 756 1334 806 unda:

266 836 328 884 Et
345 834 488 884 forma
507 847 554 884 et
574 835 744 884 meritis
766 845 816 883 tu
838 833 950 883 mihi
973 833 1173 883 Phoehus
1196 834 1297 882 eris.

203 914 276 962 An
297 924 448 981 potes,
473 931 502 961 o
525 912 721 979 scopulis
743 911 952 979 undaque
974 911 1167 960 ferocior
1188 911 1289 971 illa,

263 989 318 1039 Si
337 989 522 1048 moriar,
548 989 728 1039 titulum
750 990 909 1039 mortis
932 989 1096 1038 habere
1117 990 1260 1038 meae'?

1571 1017 1581 1039 ι
1588 1017 1631 1051 90

202 1069 267 1116 At
290 1077 460 1134 quanto
483 1065 641 1116 melius
662 1067 790 1133 jungi
811 1086 908 1116 mea
930 1078 1112 1133 pectora
1135 1078 1303 1125 tecum,

270 1146 419 1210 Quam
441 1157 652 1212 poterant
675 1145 790 1194 saxis
812 1144 1127 1212 praecipitanda
1151 1144 1266 1193 dari!

205 1223 311 1272 Haec
335 1234 442 1271 sunt
461 1221 557 1281 illa,
581 1223 760 1281 Phaon,
786 1241 884 1290 quae
906 1234 956 1271 tu
977 1222 1155 1271 laudare
1176 1221 1370 1281 solebas;

271 1301 467 1368 Visaque
491 1313 598 1350 sunt
620 1302 753 1351 toties
776 1301 1008 1365 ingeniosa
1028 1300 1126 1348 tibi.

207 1379 339 1428 Nunc
358 1377 515 1427 vellem
538 1378 727 1427 facunda
747 1378 898 1427 forent
916 1399 926 1428 :
946 1378 1076 1426 dolor
1097 1378 1271 1426 artibus
1295 1379 1473 1436 obstat3
1573 1394 1634 1438 195

272 1455 593 1522 Ingeniumque
615 1456 727 1504 meis
750 1456 954 1505 substitit
978 1475 1107 1505 omne
1131 1455 1272 1504 malis.

256 1601 329 1637 182.
347 1602 460 1638 En‘nt.
475 1602 588 1636 Enmt
598 1601 690 1636 bene
704 1600 893 1637 Sarravia⁸

209 1667 285 1691 nus.
307 1654 358 1691 H.
374 1653 561 1691 Consentit
576 1654 886 1691 Francosurtensis.

254 1706 327 1742 183.
334 1708 451 1742 Posui.
462 1707 624 1752 Propert.
633 1718 662 1741 11
672 1733 682 1751 ,
696 1706 795 1753 Eleg.
807 1717 870 1741 X1v
880 1726 889 1747 :

206 1763 272 1790 lion
282 1770 351 1797 pono
359 1768 420 1789 ento
426 1768 485 1790 tua·
495 1763 556 1798 tihi,
568 1763 641 1795 diva,
653 1762 889 1796 Propertius-ades.

207 1830 254 1841 --·
279 1813 419 1853 Poetn'a
440 1813 584 1857 Sappho.
603 1811 802 1858 Naugerius
823 1823 894 1846 no-

209 1871 261 1900 tat
283 1865 321 1900 in
348 1865 512 1902 omnibus
535 1865 605 1900 suis
632 1864 700 1912 legi
726 1866 886 1908 Poetica,

208 1923 314 1962 atque
322 1915 371 1951 ita
379 1916 486 1952 etiam
493 1915 603 1952 edidit
617 1929 628 1951 ε
636 1918 774 1951 Poetn'a
784 1922 889 1951 recte.

209 1967 354 2014 sappho
367 1967 464 2004 enim
475 1981 540 2015 per
553 1968 793 2004 excellentiam
807 1970 890 2002 Poe-

209 2024 279 2057 ἐπὶ
293 2019 385 2055 dicta
394 2046 406 2065 ‚
420 2027 461 2056 ut
476 2021 658 2056 Homerus
682 2022 801 2055 Poeta.
816 2019 891 2054 Ga-

211 2072 313 2108 lenm
333 2072 444 2118 libro,
471 2073 581 2109 animi
599 2073 741 2108 affectus
755 2085 892 2108 consec-

213 2131 335 2161 taneos
342 2137 417 2179 esse
425 2132 672 2172 temperaturae
686 2138 695 2160 :
705 2126 823 2165 Πάντας
835 2126 892 2175 γάρ

213 2178 359 2223 citandum·
377 2186 503 2225 Ομηρον
518 2183 574 2224 μὲν
592 2180 729 2224 λέγεσθαι
743 2182 870 2219 nocitum
882 2204 894 2221 ,

214 2233 327 2276 Σαπφὼ
355 2234 388 2266 83
411 2235 579 2281 ποιήτριαν.
611 2230 669 2266 Sic
692 2237 730 2265 et
753 2230 894 2265 AEliano

214 2281 307 2317 dicta
319 2281 377 2317 lib.
393 2292 463 2326 m,
480 2296 531 2330 ¹9-
545 2283 594 2317 Η.
610 2283 696 2317 Var.
708 2282 894 2326 Athenaeo,

213 2333 273 2368 lib.
297 2344 366 2378 ιν,
395 2340 432 2369 et
455 2335 636 2369 Pausaniae
654 2334 691 2368 in
709 2333 896 2369 Arcadicis.

212 2385 353 2426 ,HF-ms.
366 2404 413 2412 -—
422 2385 529 2432 Apud
544 2387 718 2430 Persium,
733 2387 771 2422 in
786 2387 900 2422 Proe-

216 2437 310 2481 mio,
324 2437 432 2474 habes
442 2464 454 2483 ,
474 2440 596 2474 Con-os
612 2440 740 2474 Poelas
756 2443 796 2473 et
809 2440 900 2474 Poe-

215 2493 302 2525 tn‘as
306 2493 409 2535 picas
419 2515 430 2535 ,
447 2489 509 2526 ubi
523 2491 629 2525 etiam
645 2491 735 2526 male
756 2491 900 2527 turbant

217 2542 381 2578 nonnulli
393 2542 529 2578 codices
541 2555 549 2578 ε
561 2556 677 2588 neque
693 2542 799 2578 etiam
810 2544 902 2579 Poe-

216 2598 291 2636 lris,
306 2595 421 2630 multo
429 2595 548 2630 minus
556 2597 674 2630 Poetis
682 2622 690 2636 ,
709 2595 805 2642 quod
818 2595 902 2631 Cla—

217 2647 316 2683 verio
331 2647 519 2692 arridebat,
532 2648 651 2694 ignota
658 2647 834 2684 veteribus
845 2660 902 2683 vo-

218 2700 359 2744 cabula,
378 2699 415 2735 in
432 2700 608 2735 civitatem
623 2701 823 2736 Romanam
839 2700 904 2736 ad—

219 2751 405 2789 miscenda.
428 2753 561 2788 Bunm.

269 2805 341 2840 185.
366 2806 435 2841 Cur
446 2809 559 2841 tamen
589 2806 764 2842 Actiacas.
795 2806 847 2842 lta
869 2812 906 2842 et

952 1599 1106 1647 Scaliger
1111 1612 1289 1643 manusua
1299 1598 1517 1643 emendarat,
1527 1612 1637 1645 quum

952 1654 990 1689 in
1006 1653 1124 1689 oodice
1141 1653 1349 1701 Gryphiano
1370 1653 1512 1688 Actaeas
1533 1652 1636 1699 lege-

954 1713 1063 1742 retur.
1086 1705 1185 1741 Dm.
1198 1704 1334 1740 Hssms.

1004 1757 1076 1792 186.
1102 1759 1208 1802 Quum
1227 1757 1407 1803 profugum
1423 1759 1539 1802 poss-125
1563 1759 1637 1801 ipse

958 1810 1214 1856 rastra-pedem,
1231 1810 1290 1846 Sic
1303 1809 1495 1857 legendum
1511 1823 1552 1845 ex
1571 1823 1638 1845 an·-

953 1861 1058 1908 tiquis
1079 1862 1186 1897 libris
1206 1862 1271 1897 Est
1287 1869 1407 1897 autem
1430 1861 1638 1908 apostrophe

958 1914 1002 1949 ad
1016 1914 1212 1950 Phaonem.
1229 1916 1314 1949 Inde
1326 1915 1424 1950 nullo
1433 1914 1541 1949 modo
1552 1913 1639 1948 mihi

953 1967 1134 2012 probatur,
1144 1980 1224 2010 nec,
1237 1973 1276 2000 ut
1290 1973 1390 2012 puto,
1401 1967 1566 2013 cuiquam
1580 1965 1636 2001 alii

955 2018 1167 2064 probabitur.
1185 2017 1228 2053 C.
1239 2020 1318 2063 Ipse
1334 2019 1465 2065 scripti,
1481 2025 1518 2053 et
1531 2025 1635 2053 recte.

957 2071 1039 2106 Non
1050 2070 1147 2105 enim
1159 2070 1196 2105 in
1204 2070 1415 2107 Leucadiam
1425 2070 1550 2106 Phaon
1561 2084 1570 2114 ;
1581 2069 1642 2105 sed

957 2123 995 2158 in
1011 2123 1163 2158 Siciliam
1180 2123 1391 2169 profugerat.
1408 2123 1543 2158 Hssms.

1007 2176 1077 2223 189.
1101 2177 1339 2211 stmm‘orilla.
1362 2177 1522 2211 Femcior
1530 2178 1641 2215 omni,

960 2229 1201 2270 Francosurt.;
1218 2230 1311 2272 ulla,
1327 2228 1459 2264 Matar.
1475 2234 1512 2264 et
1530 2227 1644 2263 Wit-

961 2282 1084 2316 tianus.
1108 2280 1275 2316 Francius
1291 2281 1443 2316 malebat
1456 2307 1466 2326 ,
1481 2282 1644 2325 undisque·

952 2334 1108 2380 [ενοι-ίαν
1121 2336 1207 2368 illis.

1009 2401 1081 2434 19¹-
1106 2387 1159 2421 At
1174 2390 1309 2432 quanlo.
1326 2386 1461 2434 Micylli
1485 2385 1592 2420 editio
1609 2392 1644 2420 et

965 2439 1038 2475 aliae
1055 2445 1191 2474 veteres
1209 2442 1256 2474 ab
1273 2443 1419 2485 quanto,
1444 2446 1480 2474 et
1495 2446 1645 2484 quatuor

963 2491 1080 2537 scripti
1098 2503 1106 2526 :
1121 2491 1176 2526 alii
1191 2517 1202 2535 ,
1223 2505 1245 2526 o
1259 2491 1409 2537 quanto!
1435 2490 1524 2526 nihil
1537 2497 1645 2526 muta.

969 2544 1079 2590 Epist.
1095 2554 1191 2579 xvm
1204 2570 1215 2588 ‚
1238 2557 1301 2580 21:

966 2600 1005 2626 At
1017 2605 1114 2634 quanto
1125 2600 1240 2631 mallem,
1251 2609 1331 2633 quam
1341 2599 1476 2630 scriberet,
1483 2598 1528 2624 iu·
1537 2603 1646 2624 maret.

968 2650 999 2685 F
999 2649 1271 2685 rancofurtensis
1290 2649 1338 2685 ita
1354 2648 1491 2684 exhibet
1509 2659 1651 2683 versum

969 2701 1067 2737 hunc
1083 2714 1092 2737 :

969 2758 1007 2785 At
1020 2762 1118 2792 quanto
1134 2757 1229 2783 melius
1238 2765 1342 2783 meeum
1351 2761 1401 2782 tun
1411 2760 1514 2790 pectora
1529 2754 1611 2788 jungi.
1622 2755 1654 2779 Β.

1019 2808 1088 2854 195.
1116 2807 1228 2841 Dolor
1245 2807 1376 2840 artibus
1408 2806 1531 2840 obstat.
1554 2803 1658 2838 Prae-
