1884 3112
674 257 820 303 NUX
854 257 1131 303 ELEGIA.

1524 260 1610 316 465

193 358 335 407 Intret
355 365 401 404 et
418 352 610 403 urbanas
635 351 784 400 eadem
806 348 1050 418 petulantia
1072 361 1248 418 portas;

259 433 415 499 Sitque
437 430 526 479 tuis
548 429 708 487 muris,
734 428 948 487 Romule,
971 429 1082 494 juris
1105 429 1233 477 idem.

195 509 402 576 Quilibet
426 519 653 570 argentum
674 505 817 573 prima
841 505 894 554 de
915 506 1064 554 ‘fronte
1090 506 1278 555 tabernae

259 585 430 643 Tollat3
455 597 498 634 et
522 585 578 633 ad
601 603 792 648 gemmas
815 580 1006 651 quilibet
1028 583 1139 634 alter
1161 596 1241 632 eat.
1557 599 1617 645 ιφ»

195 663 380 714 Auferat
400 664 473 713 hic
493 682 647 712 aurum
667 682 677 711 :
697 662 955 729 peregrinos
976 661 1049 710 ille
1071 661 1273 728 lapillos;

259 744 321 792 Et
346 752 820 809 quascumque‘'potest
844 752 1043 803 tangere,
1071 740 1198 788 tollat
1223 759 1344 807 opeS.

196 819 286 870 Sed
307 838 449 887 neque
469 817 717 867 tolluntur:
740 836 840 876 nec,
868 818 974 865 dum
997 818 1113 880 regit
1137 819 1287 867 omnia
1310 819 1479 877 Caesar,

261 896 522 955 Incolumis,
546 907 670 946 tanto
694 895 900 962 praeside‚
924 906 1080 962 raptor
1102 895 1196 943 erit.

196 975 260 1024 At
280 994 375 1024 non
399 973 473 1023 ille
496 975 617 1023 Deus
641 992 793 1040 pacem
819 973 934 1021 intra
959 972 1120 1021 moenia
1142 972 1269 1022 finit:
1557 987 1618 1031 145

261 1051 489 1101 Auxilium
512 1063 609 1100 toto
634 1052 803 1118 spargit
823 1051 870 1098 in
895 1050 1003 1098 orbe
1026 1069 1168 1098 suum.

199 1129 324 1193 Quid
348 1141 493 1178 tamen
513 1129 601 1177 hoc
627 1129 835 1196 prodest,
861 1127 1004 1176 media
1028 1128 1065 1176 si
1083 1127 1202 1186 luce,
1227 1127 1459 1196 palamque

264 1206 507 1266 verberor,
531 1217 577 1255 et
597 1218 703 1255 tutae
725 1225 819 1254 non
842 1205 945 1254 licet
967 1224 1059 1255 esse
1083 1206 1216 1254 mihi!

199 1284 321 1347 Ergo
345 1303 426 1333 nec
449 1284 580 1332 nidos
603 1283 725 1332 foliis
748 1284 932 1342 haerere,
959 1303 1039 1333 nec
1063 1284 1199 1333 ullam

264 1361 457 1411 Sedibus
480 1363 527 1410 in
551 1362 717 1411 nostris
742 1374 855 1410 stare
882 1361 1039 1411 videtis
1064 1380 1197 1410 avem.
1563 1374 1623 1408 150

199 1439 264 1489 At
287 1439 424 1508 lapis,
450 1440 499 1488 in
522 1459 644 1489 ramo
668 1439 786 1489 sedit
805 1440 1069 1506 quicumque
1092 1439 1291 1498 bifurco,

246 1575 319 1623 137.
343 1576 454 1610 Intret
470 1581 533 1610 etc.
554 1577 665 1610 Intret
681 1579 718 1610 ιἰι
735 1577 884 1610 urbanas

201 1627 437 1672 Ambrosiam,
445 1630 609 1662 w'olentia
616 1627 717 1662 Bodl.
725 1635 760 1662 et
771 1628 795 1662 J
798 1628 882 1662 unii.

247 1681 320 1716 138.
341 1681 456 1726 Sitque
473 1683 544 1715 tm
557 1684 661 1715 muris
676 1687 741 1715 etc.
759 1681 858 1715 Nove
871 1705 881 1723 ‚

199 1732 316 1779 inquit
345 1731 511 1766 Erasmus
524 1757 534 1775 ,
563 1735 632 1766 tuis
659 1735 763 1766 munte
774 1759 783 1772 ‚
815 1744 880 1777 pro

199 1788 236 1820 in
265 1788 343 1820 tuos
367 1796 488 1819 muros.
522 1783 658 1818 Moenia
675 1791 758 1818 sunt
776 1781 883 1819 in'vio-

198 1836 269 1872 lata
294 1850 304 1879 ;
338 1847 424 1871 nam
455 1836 629 1871 Romulus
652 1836 697 1870 ob
726 1836 851 1870 violata
870 1863 879 1879 ‚

202 1889 361 1925 Remum
385 1889 532 1922 fratrem
552 1887 686 1922 oceidit.
707 1888 763 1922 Ad
778 1888 813 1922 id
828 1888 884 1921 ad-

200 1941 283 1977 lusit
300 1946 424 1987 poem
447 1952 514 1975 nec
530 1939 639 1986 gratia
661 1947 756 1975 caret
776 1952 884 1985 apos-

202 1992 339 2038 trophe.
696 2002 698 2005 '

249 2045 322 2093 ¹39·
338 2045 454 2079 Pn‘ma
465 2046 508 2079 de
508 2044 628 2090 fronte
638 2045 791 2078 {abc-rme.
804 2046 884 2079 Pri-

202 2111 264 2133 mae
273 2096 478 2132 concinnius
493 2103 592 2131 vetus
604 2095 711 2130 editio
721 2123 731 2140 ‚
747 2103 781 2131 et
795 2109 884 2141 qua-

203 2157 287 2185 tuor
307 2149 434 2195 scripti.
455 2148 514 2184 Sic
535 2148 572 2182 in
593 2148 765 2184 Tristibus
778 2175 787 2192 ,
803 2160 835 2192 1,
851 2149 882 2183 6.

203 2205 315 2238 Pn'mi
328 2201 447 2247 smnte
473 2203 589 2236 libelli.
619 2201 752 2237 Htms.
787 2200 884 2236 Nihil

205 2261 306 2290 muta
327 2265 337 2287 ι
365 2255 414 2289 ita
434 2257 548 2299 pn'ma
562 2253 666 2298 frons
682 2279 692 2297 ,
727 2253 852 2299 passim
871 2279 881 2296 ,

205 2307 313 2342 etiam
324 2306 367 2341 de
379 2306 451 2341 aliis
463 2306 576 2341 rebus.
591 2305 672 2340 vid.
685 2305 728 2340 ad
745 2304 883 2341 Phaedr.

205 2359 346 2404 Prolog.
362 2358 418 2393 lib.
435 2369 484 2393 ιν.
512 2359 643 2393 Romu.

253 2412 325 2455 140.
350 2411 401 2444 Et
418 2412 470 2444 ad
479 2423 629 2455 gemmas
643 2411 783 2455 quilibet
797 2412 888 2444 aller

205 2468 274 2499 eal.
294 2462 437 2498 Adnota
453 2463 510 2498 hic
526 2464 598 2498 vim
614 2463 710 2498 verbi
725 2469 782 2498 1'rc.
806 2463 884 2498 Do-

205 2522 308 2550 natus
320 2515 357 2549 in
370 2515 514 2550 Terent.
533 2515 638 2559 And„
653 2516 730 2551 Act.
742 2526 768 2560 1,
785 2529 829 2551 sc.
842 2526 882 2551 v:

206 2569 285 2602 Itur
293 2569 402 2602 adme
413 2595 422 2608 ,
445 2571 547 2613 quasi
553 2570 604 2602 ad
612 2570 749 2603 bostem.
771 2569 883 2604 Plaut.

206 2620 245 2654 in
262 2619 389 2654 Pseud.
404 2621 480 2654 Itur
489 2621 607 2655 adme.
626 2620 722 2667 Virg.
733 2631 783 2660 lx,
799 2620 883 2664 423:

257 2692 288 2700 ...
302 2674 457 2701 Sim-:reme
473 2676 590 2707 recluso,
603 2675 662 2700 Ibat
676 2676 702 2700 in
713 2675 868 2709 Eury-zum.

209 2724 381 2769 Capillos,
400 2724 557 2758 uniones.
578 2722 682 2759 Ctor.

215 2800 218 2803 »
256 2778 328 2821 142.
350 2778 472 2811 Potest
496 2780 650 2822 langere,
678 2778 779 2811 tollat
795 2789 884 2820 opes.

333 2844 376 2887 I.

952 1574 1110 1620 Quidam
1126 1574 1227 1618 libri,
1250 1576 1384 1615 tollere,
1402 1576 1510 1608 tollat.
1531 1573 1628 1609 Nea-

948 1628 1122 1674 politanus
1133 1654 1142 1671 ,
1158 1631 1310 1672 langere,
1326 1631 1454 1672 tangat.
1471 1627 1605 1662 HEINS.

996 1680 1067 1723 143.
1091 1681 1182 1714 Dum
1200 1683 1294 1723 tegit.
1312 1680 1406 1714 Dum
1426 1683 1519 1723 reget
1534 1678 1628 1724 lege-

947 1731 1006 1766 bat
1022 1731 1153 1765 Douza.

996 1785 1067 1828 144.
1081 1786 1224 1827 Raptor.
1239 1782 1368 1817 Recte:
1383 1782 1478 1828 quasi
1489 1782 1546 1816 sur
1557 1795 1627 1817 ma-

947 1836 1102 1870 nifestus.
1122 1835 1227 1869 Cmr.

998 1887 1068 1931 148.
1091 1889 1142 1920 Et
1158 1890 1242 1920 luta·
1263 1898 1330 1919 non
1350 1887 1433 1919 licet
1447 1897 1523 1919 esse
1539 1890 1625 1920 nuci.

950 1938 1008 1972 Sic
1024 1938 1178 1983 plerique
1193 1937 1309 1982 scripti
1322 1936 1403 1971 :sed
1415 1950 1538 1971 verum
1555 1945 1626 1981 est,

949 1993 1030 2023 tuta-
1045 1992 1132 2024 mihi
1143 2016 1152 2030 ,
1177 1989 1271 2034 quod
1286 1995 1385 2023 vetus
1400 1987 1507 2023 editio
1519 2015 1528 2032 ,
1545 1999 1627 2024 cum

947 2042 1111 2076 Mediceo
1125 2048 1160 2076 et
1176 2041 1369 2076 Erfurtano
1384 2041 1485 2086 libro,
1502 2054 1628 2087 agnos-

946 2095 1001 2129 cit.
1021 2095 1153 2130 Hnms.

996 2151 1067 2196 149.
1089 2151 1179 2194 Ergo
1193 2161 1256 2183 nec
1268 2150 1366 2183 nidos
1382 2155 1445 2184 etc.
1470 2149 1525 2184 Ne
1543 2149 1625 2195 quid
1648 2150 1650 2152 ’

948 2203 1125 2237 omitteret
1137 2209 1440 2249 argumentorum3
1450 2202 1532 2238 hinc
1543 2215 1626 2249 quo-

949 2266 1015 2298 que
1026 2253 1153 2300 colligit
1165 2254 1422 2300 improbitatem
1438 2255 1623 2301 viatorum,

948 2306 1041 2351 quod
1054 2307 1098 2341 ob
1115 2307 1323 2343 densitatem
1335 2321 1496 2342 saxorum
1511 2335 1520 2352 ,
1536 2309 1625 2343 nul-

948 2358 989 2392 lae
1010 2371 1087 2393 aves
1102 2359 1307 2394 nidulentur
1322 2360 1357 2393 in
1375 2360 1479 2393 ramis
1496 2360 1599 2405 ipsius
1616 2373 1623 2394 τ

949 2410 1040 2456 quod
1078 2417 1195 2446 tamen
1234 2411 1387 2446 accidere
1416 2411 1624 2457 probabilius

949 2470 1021 2507 est,
1040 2463 1083 2497 ob
1099 2463 1250 2498 nativam
1275 2463 1543 2498 amaritudinem
1571 2465 1626 2499 so·

948 2515 1075 2549 liorum
1091 2522 1126 2549 et
1148 2515 1305 2559 corticis,
1330 2527 1539 2561 gravemque
1561 2516 1625 2550 ni·-

950 2568 1082 2602 dorem.
1098 2568 1242 2617 ERASM:

997 2625 1069 2656 150.
1094 2624 1235 2657 Vz'deltlv.
1253 2624 1402 2662 Videbis,
1416 2622 1487 2657 duo
1499 2623 1623 2669 scripti.

996 2687 1007 2707 ι
1016 2676 1066 2708 5ι.
1096 2674 1247 2718 Bt‘finco.
1285 2676 1325 2708 ln
1351 2687 1461 2709 ramos
1482 2675 1625 2719 btsulcos

950 2725 1123 2771 Neapolit.
1141 2728 1243 2760 Venit
1252 2739 1342 2762 unus
1353 2727 1440 2761 liber
1451 2736 1459 2759 t
1470 2733 1511 2762 ul
1519 2730 1621 2772 laptssr,

948 2777 1022 2813 alia:
1037 2778 1217 2814 editiones.

1387 2848 1442 2890 30
