1884 3112
325 232 405 288 154

766 233 1110 279 EPISTOLA
1149 236 1267 281 VII.

379 325 439 372 Et
462 322 633 372 sceleris
656 324 767 373 tanti
789 325 966 390 praemia
988 323 1123 373 frater
1144 323 1309 374 habetf

317 399 454 450 Exsul
476 420 601 463 agot-3
627 401 879 467 cineresque
902 400 983 448 viri
1006 400 1281 467 patriamque
1303 401 1534 470 relinquo:

1660 420 1721 454 115

381 479 440 524 Et
462 476 578 524 feror
596 475 643 522 in
667 475 818 534 duras,
843 475 971 525 hoste
994 489 1226 543 sequente,
1251 477 1355 527 vias.
1388 518 1390 520 ,

316 552 530 619 Applicor
551 552 742 615 ignotis:
761 552 972 620 fiatrique
996 553 1166 620 elapsa,
1190 554 1393 622 fretoque
1409 593 1421 614 ‚

382 628 518 691 Quod
541 629 623 677 tibi
648 629 824 688 donavi,
850 629 1034 696 perfide,
1061 629 1172 678 litusv
1187 650 1299 679 emo.

319 706 486 753 Urbem
509 706 747 764 constitui,
770 705 944 773 lateque
967 708 1162 773 patentia
1180 707 1256 757 fixi

382 783 572 841 Moenia,
597 783 795 831 finitimis
819 783 1035 833 invidiosa
1058 784 1180 833 locis.

1667 813 1727 835 120

316 857 438 907 Bella
460 871 657 908 tument:
676 858 805 908 bellis
827 861 1058 927 peregrina
1079 873 1124 910 et
1145 861 1308 911 femina
1325 873 1500 912 tentor:

363 1025 376 1045 1
386 1011 433 1046 16.
446 1012 487 1046 In
496 1013 606 1046 duras.
616 1013 760 1052 Dubius,
769 1010 973 1046 Basileensis
985 1023 994 1046 ε

317 1062 363 1097 sle
378 1075 466 1108 saepe
483 1062 582 1105 alibi;
607 1069 646 1097 ut
668 1069 702 1097 et
715 1061 870 1107 fallaces
892 1064 968 1096 vias
981 1089 989 1103 ,

318 1114 339 1149 l.
358 1125 398 1148 11.
415 1114 535 1148 Amor.
553 1126 610 1159 xr,
639 1115 677 1157 8;
697 1114 830 1160 quoties
846 1113 888 1148 de
905 1114 994 1148 mari

318 1166 439 1211 agitur.
466 1167 599 1201 HEINS.
626 1166 734 1201 Recte
747 1192 757 1209 ,
784 1172 819 1200 et
841 1165 889 1209 ita
905 1171 994 1199 esset

291 1223 293 1226 “
319 1217 361 1251 de
376 1217 592 1263 navigatione
603 1244 612 1262 ,
639 1230 716 1263 quae
731 1216 834 1252 dubia
850 1223 885 1251 et
899 1216 992 1262 peri-

318 1268 432 1303 culosa
449 1295 458 1311 ‚
487 1269 696 1314 capiendum
714 1283 722 1311 ;
751 1274 790 1302 ut
821 1270 994 1312 ambiguas

319 1319 401 1354 dixit
411 1346 420 1364 ,
432 1320 539 1365 Epist.
548 1332 591 1363 x;
606 1321 661 1363 62;
677 1327 712 1355 et
726 1320 832 1366 Epist.
843 1331 919 1363 xvl,
931 1333 971 1353 22
982 1345 991 1363 ,

318 1374 438 1407 dubias
457 1373 562 1407 etiam
574 1372 656 1407 dixit
673 1385 681 1408 z
696 1373 743 1408 sic
758 1385 846 1417 saepe
861 1374 994 1406 dubium

320 1437 415 1458 mare
427 1450 436 1468 ,
448 1437 573 1469 aquam
585 1431 647 1459 etc.
660 1450 669 1468 ‚
685 1425 809 1470 passim
819 1425 947 1460 Noster
960 1429 996 1457 et

320 1475 374 1510 alii
393 1476 560 1521 :praesero
575 1483 694 1510 tamen
713 1476 769 1510 hic
786 1487 995 1510 consensum

319 1527 480 1562 codicum
488 1554 498 1572 ,
517 1535 556 1562 ut
565 1530 655 1562 dura·
666 1528 728 1563 viae
739 1527 808 1562 sint
819 1527 995 1561 laboriosae

320 1585 355 1612 et
366 1579 476 1624 plenae
492 1579 694 1625 jactationis.
711 1579 764 1614 Ita
777 1578 893 1613 Valer.
905 1578 995 1613 Flac.

321 1630 515 1676 Argonaut.
533 1631 589 1666 lib.
607 1641 641 1675 1,
664 1631 750 1665 566:

460 1693 568 1716 Durum
579 1691 652 1716 vobis
665 1691 713 1716 iter
725 1695 750 1714 et
763 1698 839 1722 grave
851 1690 908 1714 caeli

322 1739 427 1763 Institni
438 1748 445 1764 :
457 1739 493 1764 sic
503 1748 561 1764 ecce
573 1748 613 1763 me

327 1787 416 1822 Cato
433 1801 585 1834 quoque,
600 1787 691 1833 apud
703 1788 833 1822 Lucan.
846 1799 898 1831 lx,
916 1787 998 1822 385:

323 1849 429 1873 Durum
438 1848 486 1873 iter
491 1848 523 1873 ad
533 1849 609 1880 lega,
619 1848 758 1881 patriaeque
766 1846 864 1871 ruentis
874 1855 996 1871 amorem.

617 1747 645 1763 us
656 1757 665 1770 ,
679 1739 715 1764 sic
729 1739 789 1767 orbe
801 1744 904 1772 peracto
913 1743 962 1763 etc.

324 1897 378 1931 Ita
389 1903 509 1931 contra
522 1899 620 1931 molle
630 1900 706 1938 iter,
718 1907 748 1930 11
759 1922 770 1940 ,
789 1896 911 1930 Amor.
921 1906 997 1939 xv1‚

323 1962 354 1981 v.
365 1961 407 1983 20
424 1949 501 1984 :has
511 1961 594 1984 vero
610 1961 709 1984 voces
724 1950 825 1996 durus
834 1954 869 1982 et
881 1949 999 1981 dubius

325 2001 601 2045 frequentissime
631 1999 867 2036 confuderunt
888 1999 1000 2034 libra—

325 2053 378 2087 rii.
394 2053 524 2088 Bunm.

373 2118 386 2138 1
396 2119 407 2139 1
416 2119 445 2150 7.
466 2106 632 2150 Applicor
643 2108 776 2150 ignotas.
801 2105 894 2139 Puto
912 2101 1002 2137 Ovi-

326 2156 423 2190 dium
438 2157 605 2203 scripsisse
618 2183 628 2201 ‚
648 2158 813 2202 Applicor
830 2158 884 2190 his
910 2158 977 2189 oris
987 2181 998 2197 ‚

329 2216 369 2243 ut
384 2208 473 2254 apud
493 2209 679 2255 Virgilium
690 2235 699 2252 ,
717 2221 731 2243 1
743 2235 752 2252 ,
769 2208 856 2243 616:

470 2270 534 2301 Quae
546 2269 586 2293 vis
603 2269 758 2294 immanibus
771 2268 945 2302 applicueris
955 2267 970 2292 Ἰ

328 2318 509 2362 Applicare
539 2330 645 2353 remos
666 2320 774 2352 vadis.
798 2317 904 2352 Trist.
931 2327 976 2350 111
990 2342 999 2359 ,

330 2371 426 2416 Eleg.
454 2382 492 2404 1x
509 2383 517 2405 z
535 2371 685 2415 Scopulae's
703 2371 874 2415 applicare
889 2373 1003 2402 ratem.

331 2423 491 2468 Propert.
513 2422 569 2457 lib.
585 2435 617 2466 1,
642 2422 738 2468 Eleg.
763 2432 820 2456 xx.
843 2421 1003 2455 Donatus

330 2474 372 2508 ad
384 2474 467 2510 illud
481 2475 625 2510 Terent.
637 2473 748 2509 Andr.
760 2474 828 2508 Act
839 2485 875 2517 v,
891 2472 1003 2507 Se.1v:

331 2527 496 2570 Applicat
517 2540 554 2561 se
582 2529 632 2561 ad
658 2528 830 2574 Chrysidis
850 2529 1005 2569 patrem,-

326 2582 467 2621 proprie,
479 2579 515 2613 in
519 2579 605 2624 quit,
617 2581 659 2613 de
669 2579 832 2624 naufrago
841 2582 877 2612 et
885 2578 1006 2620 egenti.

333 2630 440 2674 Epist.
454 2631 568 2666 Parid.
586 2632 878 2675 1262Appl1zorm
891 2633 1005 2662 terras.

336 2681 429 2716 Enn.
441 2683 577 2729 Fragm.
589 2697 621 2728 p.
642 2682 856 2731 19.Edition.
870 2679 1008 2715 Scrive—

335 2734 431 2770 riana
453 2747 516 2781 quo
535 2738 686 2781 applicet
697 2749 707 2770 :
728 2734 775 2769 ita
798 2731 1006 2779 legendum,

1058 1025 1121 1058 pro
1129 1014 1301 1057 applicem.
1315 1013 1447 1048 Hmns.
1457 1014 1590 1057 Jgnantc
1599 1011 1732 1047 Mox-eti

1057 1063 1181 1108 codex,
1200 1071 1240 1099 ut
1253 1077 1341 1110 saepe
1358 1064 1457 1108 alibi,
1473 1077 1536 1110 pro
1552 1067 1687 1108 ignotis.

1104 1129 1117 1150 1
1127 1116 1175 1151 18.
1204 1117 1303 1150 Lt'lus
1323 1129 1407 1151 emo.
1440 1115 1515 1161 Qui
1547 1114 1732 1160 Carthagi-

1057 1179 1142 1201 nem
1168 1180 1188 1201 a
1217 1167 1358 1202 Didone
1389 1167 1566 1203 conditam
1593 1166 1732 1212 scripse·

1057 1225 1158 1263 runt,
1177 1219 1265 1265 App.
1281 1220 1318 1254 in
1335 1219 1468 1267 Lybicis
1484 1232 1492 1253 :
1509 1218 1666 1254 Eustath.
1688 1215 1732 1252 ad

1058 1269 1205 1318 Dionys.
1225 1270 1418 1306 Herodian.
1433 1282 1476 1314 v,
1502 1277 1537 1305 et
1552 1269 1595 1304 T.
1610 1269 1683 1304 Liv.
1694 1279 1708 1302 1
1720 1294 1732 1311 ,

1058 1335 1086 1357 c.
1104 1324 1164 1368 44,
1180 1323 1217 1357 ἰιι
1236 1323 1304 1358 hoc
1322 1322 1563 1366 consentiunt,
1578 1321 1620 1361 ab
1634 1321 1733 1356 Iarba

1059 1374 1270 1409 Getulorum
1293 1387 1394 1420 rege,
1423 1379 1613 1408 mercatam
1630 1372 1733 1407 fuisse

1058 1428 1191 1478 solum,
1215 1427 1295 1462 sacti
1318 1426 1362 1461 de
1377 1426 1522 1461 nomine
1538 1425 1707 1473 Byrsam:

1060 1484 1177 1508 Taurino
1187 1487 1315 1516 quantum
1323 1488 1413 1516 posset
1422 1481 1580 1506 circumdare
1593 1486 1672 1514 tergo.

1060 1531 1170 1576 Quod
1188 1531 1244 1565 ubi
1261 1530 1432 1574 obtinuit,
1457 1530 1552 1565 corio
1573 1528 1738 1564 tenuissi-

1058 1596 1132 1618 mas
1147 1583 1183 1617 in
1198 1589 1311 1627 partes
1327 1581 1463 1616 conciso
1475 1607 1485 1625 ,
1509 1580 1617 1616 stadia
1632 1592 1738 1616 occu-

1051 1634 1151 1682 pavit
1168 1634 1238 1668 duo
1259 1640 1295 1668 et
1309 1633 1439 1678 viginti.
1474 1631 1640 1677 Intelligit
1655 1631 1736 1666 Do-

1060 1694 1162 1722 natus
1187 1684 1251 1729 (ad
1270 1685 1352 1718 AEn.
1366 1695 1381 1718 1
1393 1709 1403 1728 ,
1422 1683 1498 1729 37.)
1524 1683 1568 1717 de
1590 1682 1737 1728 pecunia

1061 1752 1080 1774 e
1089 1737 1219 1773 bubulo
1233 1736 1346 1779 corio,
1364 1746 1440 1780 quae
1456 1730 1511 1768 his'
1523 1733 1737 1779 temporibus

1062 1791 1099 1826 in
1111 1803 1174 1825 usu
1184 1795 1270 1832 erat,
1281 1788 1404 1833 quibus
1412 1785 1507 1821 Dido
1518 1785 1612 1826 urbis
1623 1784 1736 1820 solum

1063 1848 1215 1878 mercata
1227 1841 1280 1876 sit.
1291 1839 1588 1882 Themisth.vero,
1596 1836 1697 1873 Orat.
1707 1847 1735 1880 1,

1063 1895 1197 1931 corium
1209 1906 1283 1928 non
1298 1892 1445 1938 respuit,
1462 1889 1523 1925 sed
1535 1901 1737 1924 concessum

1064 1948 1106 1983 ab
1123 1946 1291 1982 Africanis
1299 1971 1308 1989 ,
1319 1957 1393 1979 non
1404 1941 1623 1977 divenditum
1634 1941 1737 1976 fuisse

1064 2000 1176 2035 solum
1195 1998 1354 2033 affirmat.

1112 2064 1126 2084 1
1135 2064 1147 2084 1
1153 2063 1183 2097 9.
1209 2049 1356 2092 Lateque
1361 2044 1738 2090 palenlz'afixiMoen12a.

1065 2101 1236 2143 Breviter,
1251 2099 1366 2143 etjam
1378 2096 1450 2141 jam
1465 2095 1636 2129 moritura
1643 2091 1738 2127 Dido

1065 2167 1106 2189 ea
1121 2164 1258 2198 quoque
1275 2156 1432 2186 recenset
1449 2147 1539 2194 apud
1556 2146 1654 2192 Virg.
1677 2155 1739 2188 1v,

1066 2205 1143 2248 655,
1155 2215 1230 2248 quae
1241 2214 1372 2236 nomen
1383 2212 1486 2235 suum
1498 2197 1642 2244 posteris
1648 2207 1740 2231 com-

1066 2256 1277 2292 mendarent
1291 2267 1300 2289 :

1066 2317 1166 2343 Urbem
1180 2315 1327 2349 praeclaram
1338 2313 1434 2345 statui;
1447 2320 1504 2337 mea
1516 2309 1609 2335 moen’u
1618 2307 1672 2333 vidi
1682 2315 1689 2332 :

1067 2374 1132 2399 Ulta
1142 2374 1228 2398 virum
1238 2391 1246 2403 ,
1260 2379 1345 2404 poenas
1355 2369 1461 2394 inimico
1473 2377 1488 2392 u
1499 2366 1579 2392 smtre
1590 2363 1685 2397 incepi·

1067 2441 1112 2449 —-
1121 2424 1238 2462 finxi,
1258 2421 1404 2455 Putean.
1417 2423 1453 2452 et
1461 2415 1583 2451 decem
1590 2411 1654 2448 alii.
1663 2410 1742 2447 No-

1069 2487 1148 2510 vem
1161 2501 1170 2518 ‚
1190 2473 1276 2518 secl.
1678 2514 1686 2522 ι

1117 2540 1154 2560 12
1162 2539 1186 2559 1.
1203 2526 1306 2559 Bella
1318 2525 1452 2557 tument.
1467 2521 1641 2555 Pax-antur
1652 2541 1661 2559 ,
1676 2526 1740 2548 im·

1070 2578 1208 2612 minent
1218 2591 1225 2618 ;
1243 2576 1279 2610 in
1290 2587 1332 2610 eo
1343 2580 1423 2609 sunt
1433 2599 1442 2615 ,
1459 2578 1498 2606 ut
1506 2568 1601 2605 brevi
1609 2568 1744 2602 irrum-

1071 2636 1164 2676 pant.
1192 2628 1250 2663 Sic
1265 2626 1347 2661 dixit
1362 2623 1483 2669 virgil.
1497 2624 1614 2666 aperta
1629 2617 1742 2652 adhue

1071 2681 1160 2716 bella
1170 2707 1180 2724 ,
1197 2684 1387 2714 tumescere.
1411 2674 1537 2718 Georg.
1552 2682 1567 2705 1
1579 2697 1589 2715 ,
1606 2670 1680 2713 465.
1696 2685 1742 2693 —-·

1080 2735 1228 2769 Tumenl.
1244 2728 1384 2767 Parenti
1401 2738 1480 2762 meo
1495 2736 1568 2759 non
1588 2720 1744 2768 placebat

1862 200 1864 202 <
1834 0 1884 149 „effi
