<?xml version="1.0" encoding="UTF-8"?>
<!DOCTYPE html PUBLIC "-//W3C//DTD XHTML 1.0 Transitional//EN"
    "http://www.w3.org/TR/xhtml1/DTD/xhtml1-transitional.dtd">
<html xmlns="http://www.w3.org/1999/xhtml" xml:lang="en" lang="en">
 <head>
  <title>
</title>
<meta http-equiv="Content-Type" content="text/html;charset=utf-8" />
  <meta name='ocr-system' content='tesseract 3.04.00' />
  <meta name='ocr-capabilities' content='ocr_page ocr_carea ocr_par ocr_line ocrx_word'/>
</head>
<body>
  <div class='ocr_page' id='page_1' title='image "./quaeextantomniao01oviduoft_0153.png"; bbox 0 0 1884 3112; ppageno 0'>
   <div class='ocr_carea' id='block_1_1' title="bbox 0 0 87 2796">
    <p class='ocr_par' dir='ltr' id='par_1_1' title="bbox 0 0 87 2796">
     <span class='ocr_line' id='line_1_1' title="bbox 0 0 87 2796; baseline 0 0"><span class='ocrx_word' id='word_1_1' title='bbox 0 0 87 2796; x_wconf 95' lang='lat' dir='ltr'><strong> </strong></span> 
     </span>
    </p>
   </div>
   <div class='ocr_carea' id='block_1_2' title="bbox 618 255 1160 303">
    <p class='ocr_par' dir='ltr' id='par_1_2' title="bbox 618 255 1160 303">
     <span class='ocr_line' id='line_1_2' title="bbox 618 255 1160 303; baseline -0.007 0"><span class='ocrx_word' id='word_1_2' title='bbox 618 256 819 303; x_wconf 91' lang='lat' dir='ltr'><strong>PARIS</strong></span> <span class='ocrx_word' id='word_1_3' title='bbox 852 255 1160 303; x_wconf 83' lang='lat' dir='ltr'><strong>OENONAE.</strong></span> 
     </span>
    </p>
   </div>
   <div class='ocr_carea' id='block_1_3' title="bbox 1515 271 1589 298">
    <p class='ocr_par' dir='ltr' id='par_1_3' title="bbox 1515 271 1589 298">
     <span class='ocr_line' id='line_1_3' title="bbox 1515 271 1589 298; baseline 0 -1"><span class='ocrx_word' id='word_1_4' title='bbox 1515 271 1589 298; x_wconf 86' lang='lat'><strong>121</strong></span> 
     </span>
    </p>
   </div>
   <div class='ocr_carea' id='block_1_4' title="bbox 180 350 1600 575">
    <p class='ocr_par' dir='ltr' id='par_1_4' title="bbox 180 350 1600 575">
     <span class='ocr_line' id='line_1_4' title="bbox 246 350 1600 419; baseline -0.005 -17"><span class='ocrx_word' id='word_1_5' title='bbox 246 351 454 402; x_wconf 80' lang='lat' dir='ltr'><strong>cantatas</strong></span> <span class='ocrx_word' id='word_1_6' title='bbox 478 351 650 419; x_wconf 87' lang='lat' dir='ltr'><strong>quoties</strong></span> <span class='ocrx_word' id='word_1_7' title='bbox 673 352 836 402; x_wconf 83' lang='lat' dir='ltr'><strong>restitit</strong></span> <span class='ocrx_word' id='word_1_8' title='bbox 857 351 974 401; x_wconf 90' lang='lat' dir='ltr'><strong>inter</strong></span> <span class='ocrx_word' id='word_1_9' title='bbox 995 350 1156 418; x_wconf 84' lang='lat' dir='ltr'><strong>aquas!</strong></span> <span class='ocrx_word' id='word_1_10' title='bbox 1555 373 1600 408; x_wconf 81' lang='lat'><strong>9⁰</strong></span> 
     </span>
     <span class='ocr_line' id='line_1_5' title="bbox 180 423 1504 492; baseline -0.005 -13"><span class='ocrx_word' id='word_1_11' title='bbox 180 429 311 481; x_wconf 82' lang='lat' dir='ltr'><strong>Nunc</strong></span> <span class='ocrx_word' id='word_1_12' title='bbox 332 428 458 478; x_wconf 84' lang='lat' dir='ltr'><strong>locus</strong></span> <span class='ocrx_word' id='word_1_13' title='bbox 482 429 672 478; x_wconf 86' lang='lat' dir='ltr'><strong>OEnone</strong></span> <span class='ocrx_word' id='word_1_14' title='bbox 696 439 786 488; x_wconf 90' lang='lat' dir='ltr'><strong>est;</strong></span> <span class='ocrx_word' id='word_1_15' title='bbox 809 447 928 478; x_wconf 88' lang='lat' dir='ltr'><strong>nunc</strong></span> <span class='ocrx_word' id='word_1_16' title='bbox 951 427 1071 477; x_wconf 85' lang='lat' dir='ltr'><strong>illam</strong></span> <span class='ocrx_word' id='word_1_17' title='bbox 1096 424 1278 476; x_wconf 86' lang='lat' dir='ltr'><strong>ostende</strong></span> <span class='ocrx_word' id='word_1_18' title='bbox 1298 423 1504 492; x_wconf 84' lang='lat' dir='ltr'><strong>:parabis</strong></span> 
     </span>
     <span class='ocr_line' id='line_1_6' title="bbox 244 505 1146 575; baseline -0.003 -19"><span class='ocrx_word' id='word_1_19' title='bbox 244 507 347 557; x_wconf 86' lang='lat' dir='ltr'><strong>Sive</strong></span> <span class='ocrx_word' id='word_1_20' title='bbox 371 519 473 556; x_wconf 89' lang='lat' dir='ltr'><strong>tuos</strong></span> <span class='ocrx_word' id='word_1_21' title='bbox 494 507 620 570; x_wconf 82' lang='lat' dir='ltr'><strong>ignes</strong></span> <span class='ocrx_word' id='word_1_22' title='bbox 642 505 828 575; x_wconf 89' lang='lat' dir='ltr'><strong>pellere,</strong></span> <span class='ocrx_word' id='word_1_23' title='bbox 854 505 944 555; x_wconf 89' lang='lat' dir='ltr'><strong>sive</strong></span> <span class='ocrx_word' id='word_1_24' title='bbox 964 523 1100 554; x_wconf 90' lang='lat' dir='ltr'><strong>meos.</strong></span> <span class='ocrx_word' id='word_1_25' title='bbox 1119 506 1146 534; x_wconf 77' lang='lat'>*</span> 
     </span>
    </p>
   </div>
   <div class='ocr_carea' id='block_1_5' title="bbox 690 607 717 626">
    <p class='ocr_par' dir='ltr' id='par_1_5' title="bbox 690 607 717 626">
     <span class='ocr_line' id='line_1_7' title="bbox 690 607 717 626; baseline 0 0"><span class='ocrx_word' id='word_1_26' title='bbox 690 607 717 626; x_wconf 61' lang='grc' dir='ltr'><strong>’ἱ</strong></span> 
     </span>
    </p>
   </div>
   <div class='ocr_carea' id='block_1_6' title="bbox 176 653 866 2171">
    <p class='ocr_par' dir='ltr' id='par_1_6' title="bbox 176 653 860 1061">
     <span class='ocr_line' id='line_1_8' title="bbox 179 653 855 701; baseline -0.003 -11"><span class='ocrx_word' id='word_1_27' title='bbox 179 653 316 690; x_wconf 87' lang='lat' dir='ltr'><strong>duntur</strong></span> <span class='ocrx_word' id='word_1_28' title='bbox 328 666 338 689; x_wconf 69' lang='grc' dir='ltr'><strong>ι</strong></span> <span class='ocrx_word' id='word_1_29' title='bbox 350 667 412 690; x_wconf 87' lang='lat' dir='ltr'><strong>ceu</strong></span> <span class='ocrx_word' id='word_1_30' title='bbox 422 667 482 690; x_wconf 81' lang='lat' dir='ltr'><strong>nen</strong></span> <span class='ocrx_word' id='word_1_31' title='bbox 495 654 613 701; x_wconf 81' lang='lat' dir='ltr'><strong>igitur,</strong></span> <span class='ocrx_word' id='word_1_32' title='bbox 625 666 692 700; x_wconf 88' lang='lat' dir='ltr'><strong>pro</strong></span> <span class='ocrx_word' id='word_1_33' title='bbox 710 655 855 696; x_wconf 80' lang='lat' dir='ltr'><strong>Cebren,</strong></span> 
     </span>
     <span class='ocr_line' id='line_1_9' title="bbox 179 704 858 752; baseline -0.003 -11"><span class='ocrx_word' id='word_1_34' title='bbox 179 706 360 752; x_wconf 87' lang='lat' dir='ltr'><strong>quomodo</strong></span> <span class='ocrx_word' id='word_1_35' title='bbox 400 706 563 742; x_wconf 81' lang='lat' dir='ltr'><strong>OEnones</strong></span> <span class='ocrx_word' id='word_1_36' title='bbox 598 713 698 752; x_wconf 86' lang='lat' dir='ltr'><strong>pater</strong></span> <span class='ocrx_word' id='word_1_37' title='bbox 736 704 858 740; x_wconf 80' lang='lat' dir='ltr'><strong>dictus.</strong></span> 
     </span>
     <span class='ocr_line' id='line_1_10' title="bbox 179 757 859 805; baseline -0.004 -11"><span class='ocrx_word' id='word_1_38' title='bbox 179 757 320 794; x_wconf 79' lang='lat' dir='ltr'>Deinde</span> <span class='ocrx_word' id='word_1_39' title='bbox 333 785 343 803; x_wconf 89' lang='lat'>,</span> <span class='ocrx_word' id='word_1_40' title='bbox 360 770 425 805; x_wconf 85' lang='lat' dir='ltr'><strong>pro</strong></span> <span class='ocrx_word' id='word_1_41' title='bbox 438 759 592 800; x_wconf 70' lang='lat' dir='ltr'><strong>haberet,</strong></span> <span class='ocrx_word' id='word_1_42' title='bbox 617 757 770 803; x_wconf 85' lang='lat' dir='ltr'><strong>suspicor</strong></span> <span class='ocrx_word' id='word_1_43' title='bbox 793 759 859 793; x_wconf 76' lang='lat' dir='ltr'><strong>ba·-</strong></span> 
     </span>
     <span class='ocr_line' id='line_1_11' title="bbox 177 807 856 852; baseline -0.003 -7"><span class='ocrx_word' id='word_1_44' title='bbox 177 813 278 852; x_wconf 74' lang='lat' dir='ltr'><strong>bom,</strong></span> <span class='ocrx_word' id='word_1_45' title='bbox 306 809 362 845; x_wconf 78' lang='lat' dir='ltr'><strong>vel</strong></span> <span class='ocrx_word' id='word_1_46' title='bbox 383 811 526 845; x_wconf 73' lang='lat' dir='ltr'><strong>habore!</strong></span> <span class='ocrx_word' id='word_1_47' title='bbox 536 816 714 845; x_wconf 88' lang='lat' dir='ltr'><strong>exaratum</strong></span> <span class='ocrx_word' id='word_1_48' title='bbox 730 807 833 844; x_wconf 85' lang='lat' dir='ltr'><strong>fuisse</strong></span> <span class='ocrx_word' id='word_1_49' title='bbox 847 835 856 852; x_wconf 94' lang='lat'><em>,</em></span> 
     </span>
     <span class='ocr_line' id='line_1_12' title="bbox 176 859 859 906; baseline -0.003 -10"><span class='ocrx_word' id='word_1_50' title='bbox 176 861 296 897; x_wconf 73' lang='lat' dir='ltr'><strong>addita</strong></span> <span class='ocrx_word' id='word_1_51' title='bbox 320 867 455 896; x_wconf 85' lang='lat' dir='ltr'><strong>temere</strong></span> <span class='ocrx_word' id='word_1_52' title='bbox 483 859 701 906; x_wconf 81' lang='lat' dir='ltr'><strong>aspiratione.</strong></span> <span class='ocrx_word' id='word_1_53' title='bbox 735 859 859 905; x_wconf 84' lang='lat' dir='ltr'><strong>Quare</strong></span> 
     </span>
     <span class='ocr_line' id='line_1_13' title="bbox 177 911 860 960; baseline -0.001 -12"><span class='ocrx_word' id='word_1_54' title='bbox 177 913 298 948; x_wconf 88' lang='lat' dir='ltr'><strong>omnia</strong></span> <span class='ocrx_word' id='word_1_55' title='bbox 311 914 385 960; x_wconf 76' lang='lat' dir='ltr'><strong>iam</strong></span> <span class='ocrx_word' id='word_1_56' title='bbox 397 912 468 949; x_wconf 84' lang='lat' dir='ltr'><strong>sint</strong></span> <span class='ocrx_word' id='word_1_57' title='bbox 483 911 662 958; x_wconf 89' lang='lat' dir='ltr'><strong>perspicua</strong></span> <span class='ocrx_word' id='word_1_58' title='bbox 672 938 683 959; x_wconf 88' lang='lat'>,</span> <span class='ocrx_word' id='word_1_59' title='bbox 706 912 735 948; x_wconf 85' lang='lat' dir='ltr'><strong>si</strong></span> <span class='ocrx_word' id='word_1_60' title='bbox 748 912 860 948; x_wconf 84' lang='lat' dir='ltr'><strong>refin-</strong></span> 
     </span>
     <span class='ocr_line' id='line_1_14' title="bbox 177 963 619 1013; baseline -0.007 -11"><span class='ocrx_word' id='word_1_61' title='bbox 177 979 237 1013; x_wconf 74' lang='lat' dir='ltr'><strong>gas</strong></span> <span class='ocrx_word' id='word_1_62' title='bbox 251 978 393 1002; x_wconf 80' lang='lat' dir='ltr'><strong>versum</strong></span> <span class='ocrx_word' id='word_1_63' title='bbox 406 964 474 1000; x_wconf 87' lang='lat' dir='ltr'><strong>hoc</strong></span> <span class='ocrx_word' id='word_1_64' title='bbox 487 963 596 1000; x_wconf 85' lang='lat' dir='ltr'><strong>modo</strong></span> <span class='ocrx_word' id='word_1_65' title='bbox 610 976 619 999; x_wconf 73' lang='grc' dir='ltr'><strong>ι</strong></span> 
     </span>
     <span class='ocr_line' id='line_1_15' title="bbox 176 1025 809 1061; baseline -0.003 -9"><span class='ocrx_word' id='word_1_66' title='bbox 176 1026 240 1060; x_wconf 73' lang='lat' dir='ltr'><strong>lpu</strong></span> <span class='ocrx_word' id='word_1_67' title='bbox 249 1031 323 1061; x_wconf 67' lang='lat' dir='ltr'><strong>pter</strong></span> <span class='ocrx_word' id='word_1_68' title='bbox 331 1025 431 1053; x_wconf 65' lang='lat' dir='ltr'><strong>&amp;bun</strong></span> <span class='ocrx_word' id='word_1_69' title='bbox 439 1045 448 1059; x_wconf 91' lang='lat'><em>‚</em></span> <span class='ocrx_word' id='word_1_70' title='bbox 465 1030 531 1052; x_wconf 69' lang='grc' dir='ltr'><strong>ιιιιε</strong></span> <span class='ocrx_word' id='word_1_71' title='bbox 541 1025 610 1051; x_wconf 67' lang='lat' dir='ltr'><strong>mle</strong></span> <span class='ocrx_word' id='word_1_72' title='bbox 619 1030 693 1051; x_wconf 78' lang='lat' dir='ltr'><strong>tutus</strong></span> <span class='ocrx_word' id='word_1_73' title='bbox 702 1025 735 1050; x_wconf 70' lang='lat' dir='ltr'><strong>ab</strong></span> <span class='ocrx_word' id='word_1_74' title='bbox 745 1034 790 1051; x_wconf 77' lang='lat' dir='ltr'><strong>ore</strong></span> <span class='ocrx_word' id='word_1_75' title='bbox 799 1045 809 1057; x_wconf 92' lang='lat'><em>,</em></span> 
     </span>
    </p>

    <p class='ocr_par' dir='ltr' id='par_1_7' title="bbox 176 1074 864 1436">
     <span class='ocr_line' id='line_1_16' title="bbox 209 1074 730 1110; baseline -0.004 -9"><span class='ocrx_word' id='word_1_76' title='bbox 209 1075 331 1101; x_wconf 67' lang='lat' dir='ltr'><strong>(hut-tas</strong></span> <span class='ocrx_word' id='word_1_77' title='bbox 339 1074 443 1110; x_wconf 70' lang='lat' dir='ltr'><strong>quoties</strong></span> <span class='ocrx_word' id='word_1_78' title='bbox 453 1074 548 1099; x_wconf 68' lang='lat' dir='ltr'><strong>:estitit</strong></span> <span class='ocrx_word' id='word_1_79' title='bbox 559 1074 626 1100; x_wconf 85' lang='lat' dir='ltr'><strong>inter</strong></span> <span class='ocrx_word' id='word_1_80' title='bbox 633 1075 730 1109; x_wconf 65' lang='lat' dir='ltr'><strong>aquas!</strong></span> 
     </span>
     <span class='ocr_line' id='line_1_17' title="bbox 177 1119 859 1170; baseline -0.002 -10"><span class='ocrx_word' id='word_1_81' title='bbox 177 1119 390 1160; x_wconf 78' lang='lat' dir='ltr'><strong>Parthenius</strong></span> <span class='ocrx_word' id='word_1_82' title='bbox 416 1123 455 1159; x_wconf 87' lang='lat' dir='ltr'><strong>in</strong></span> <span class='ocrx_word' id='word_1_83' title='bbox 482 1122 658 1168; x_wconf 75' lang='lat' dir='ltr'><strong>Eroficis,</strong></span> <span class='ocrx_word' id='word_1_84' title='bbox 686 1135 758 1170; x_wconf 92' lang='lat' dir='ltr'><strong>cap.</strong></span> <span class='ocrx_word' id='word_1_85' title='bbox 795 1133 859 1159; x_wconf 80' lang='lat' dir='ltr'><strong>lv:</strong></span> 
     </span>
     <span class='ocr_line' id='line_1_18' title="bbox 176 1174 862 1234; baseline -0.001 -23"><span class='ocrx_word' id='word_1_86' title='bbox 176 1174 401 1234; x_wconf 64' lang='grc' dir='ltr'><strong>Α’λὲξανδρος</strong></span> <span class='ocrx_word' id='word_1_87' title='bbox 389 1193 404 1212; x_wconf 86' lang='lat'><em>0</em></span> <span class='ocrx_word' id='word_1_88' title='bbox 424 1177 563 1227; x_wconf 70' lang='grc' dir='ltr'><strong>Πριάμου</strong></span> <span class='ocrx_word' id='word_1_89' title='bbox 576 1202 586 1219; x_wconf 89' lang='grc'>,</span> <span class='ocrx_word' id='word_1_90' title='bbox 615 1181 764 1219; x_wconf 78' lang='grc' dir='ltr'><strong>βουκολῶν</strong></span> <span class='ocrx_word' id='word_1_91' title='bbox 783 1177 862 1211; x_wconf 75' lang='grc' dir='ltr'><strong>κατὰ</strong></span> 
     </span>
     <span class='ocr_line' id='line_1_19' title="bbox 177 1224 864 1287; baseline -0.004 -22"><span class='ocrx_word' id='word_1_92' title='bbox 177 1233 235 1270; x_wconf 70' lang='grc' dir='ltr'><strong>τὴν</strong></span> <span class='ocrx_word' id='word_1_93' title='bbox 246 1224 336 1273; x_wconf 67' lang='grc' dir='ltr'><strong>ἰὴν,</strong></span> <span class='ocrx_word' id='word_1_94' title='bbox 357 1228 471 1278; x_wconf 66' lang='grc' dir='ltr'><strong>ἤρασθη</strong></span> <span class='ocrx_word' id='word_1_95' title='bbox 489 1236 544 1271; x_wconf 71' lang='grc' dir='ltr'><strong>τῆς</strong></span> <span class='ocrx_word' id='word_1_96' title='bbox 557 1232 706 1287; x_wconf 54' lang='grc' dir='ltr'><strong>ΚεὸίωᾶνενςΙ</strong></span> <span class='ocrx_word' id='word_1_97' title='bbox 722 1230 864 1284; x_wconf 63' lang='grc' dir='ltr'><strong>θυγατρος</strong></span> 
     </span>
     <span class='ocr_line' id='line_1_20' title="bbox 179 1272 862 1327; baseline -0.003 -11"><span class='ocrx_word' id='word_1_98' title='bbox 179 1282 328 1322; x_wconf 67' lang='grc' dir='ltr'><strong>Οἰνώνης.</strong></span> <span class='ocrx_word' id='word_1_99' title='bbox 335 1279 632 1327; x_wconf 83' lang='lat' dir='ltr'><strong>Apollodoruslib.</strong></span> <span class='ocrx_word' id='word_1_100' title='bbox 643 1276 706 1324; x_wconf 88' lang='lat'>111,&#39;</span> <span class='ocrx_word' id='word_1_101' title='bbox 717 1293 772 1315; x_wconf 80' lang='lat'><strong>12:</strong></span> <span class='ocrx_word' id='word_1_102' title='bbox 781 1272 862 1323; x_wconf 65' lang='grc' dir='ltr'><strong>Ᾰλὲ-</strong></span> 
     </span>
     <span class='ocr_line' id='line_1_21' title="bbox 179 1334 863 1382; baseline 0.001 -15"><span class='ocrx_word' id='word_1_103' title='bbox 179 1336 314 1382; x_wconf 72' lang='grc' dir='ltr'><strong>ξανδροσ</strong></span> <span class='ocrx_word' id='word_1_104' title='bbox 339 1335 372 1368; x_wconf 63' lang='grc' dir='ltr'><strong>δι’</strong></span> <span class='ocrx_word' id='word_1_105' title='bbox 395 1334 536 1374; x_wconf 76' lang='grc' dir='ltr'>Οἰνώνην</span> <span class='ocrx_word' id='word_1_106' title='bbox 556 1338 612 1375; x_wconf 68' lang='grc' dir='ltr'><strong>τὴν</strong></span> <span class='ocrx_word' id='word_1_107' title='bbox 638 1335 786 1382; x_wconf 66' lang='lat' dir='ltr'><strong>Ktepxim</strong></span> <span class='ocrx_word' id='word_1_108' title='bbox 810 1338 863 1369; x_wconf 79' lang='grc' dir='ltr'><strong>τοῦ</strong></span> 
     </span>
     <span class='ocr_line' id='line_1_22' title="bbox 178 1385 751 1436; baseline -0.002 -16"><span class='ocrx_word' id='word_1_109' title='bbox 178 1390 317 1430; x_wconf 68' lang='grc' dir='ltr'><strong>ποταμον</strong></span> <span class='ocrx_word' id='word_1_110' title='bbox 331 1387 479 1436; x_wconf 61' lang='grc' dir='ltr'><strong>θυγατέρα</strong></span> <span class='ocrx_word' id='word_1_111' title='bbox 492 1393 597 1430; x_wconf 71' lang='grc' dir='ltr'><strong><em>γαμεῖ.</em></strong></span> <span class='ocrx_word' id='word_1_112' title='bbox 616 1385 751 1420; x_wconf 69' lang='lat' dir='ltr'><strong>Hmns.</strong></span> 
     </span>
    </p>

    <p class='ocr_par' dir='ltr' id='par_1_8' title="bbox 177 1437 864 1733">
     <span class='ocr_line' id='line_1_23' title="bbox 222 1437 864 1486; baseline 0.002 -14"><span class='ocrx_word' id='word_1_113' title='bbox 222 1437 397 1486; x_wconf 74' lang='lat' dir='ltr'><strong>91.Nnc</strong></span> <span class='ocrx_word' id='word_1_114' title='bbox 414 1439 510 1472; x_wconf 80' lang='lat' dir='ltr'><strong>locus</strong></span> <span class='ocrx_word' id='word_1_115' title='bbox 531 1437 662 1472; x_wconf 80' lang='lat' dir='ltr'><strong>OEnone</strong></span> <span class='ocrx_word' id='word_1_116' title='bbox 680 1441 754 1473; x_wconf 81' lang='lat' dir='ltr'><strong>est.</strong></span> <span class='ocrx_word' id='word_1_117' title='bbox 751 1450 758 1459; x_wconf 93' lang='lat'><strong>·</strong></span> <span class='ocrx_word' id='word_1_118' title='bbox 774 1450 864 1473; x_wconf 79' lang='lat' dir='ltr'><strong>nunc</strong></span> 
     </span>
     <span class='ocr_line' id='line_1_24' title="bbox 177 1488 863 1534; baseline 0.001 -10"><span class='ocrx_word' id='word_1_119' title='bbox 177 1490 261 1524; x_wconf 66' lang='lat' dir='ltr'><strong>illas</strong></span> <span class='ocrx_word' id='word_1_120' title='bbox 276 1490 396 1530; x_wconf 71' lang='lat' dir='ltr'><strong>lende,</strong></span> <span class='ocrx_word' id='word_1_121' title='bbox 406 1491 558 1534; x_wconf 75' lang='lat' dir='ltr'><strong>pamm&#39;t.</strong></span> <span class='ocrx_word' id='word_1_122' title='bbox 572 1488 631 1524; x_wconf 86' lang='lat' dir='ltr'><strong>Sic</strong></span> <span class='ocrx_word' id='word_1_123' title='bbox 646 1501 771 1525; x_wconf 85' lang='lat' dir='ltr'><strong>omnes</strong></span> <span class='ocrx_word' id='word_1_124' title='bbox 780 1497 863 1525; x_wconf 86' lang='lat' dir='ltr'><strong>ante</strong></span> 
     </span>
     <span class='ocr_line' id='line_1_25' title="bbox 181 1538 864 1586; baseline 0.001 -10"><span class='ocrx_word' id='word_1_125' title='bbox 181 1539 308 1576; x_wconf 79' lang='lat' dir='ltr'><strong>Heins-</strong></span> <span class='ocrx_word' id='word_1_126' title='bbox 323 1538 416 1576; x_wconf 81' lang='lat' dir='ltr'><strong>Edd.</strong></span> <span class='ocrx_word' id='word_1_127' title='bbox 433 1539 495 1586; x_wconf 82' lang='lat' dir='ltr'><strong>qui</strong></span> <span class='ocrx_word' id='word_1_128' title='bbox 508 1540 626 1576; x_wconf 86' lang='lat' dir='ltr'><strong>locum</strong></span> <span class='ocrx_word' id='word_1_129' title='bbox 641 1540 739 1576; x_wconf 73' lang='lat' dir='ltr'><strong>hune</strong></span> <span class='ocrx_word' id='word_1_130' title='bbox 758 1554 864 1577; x_wconf 88' lang='lat' dir='ltr'><strong>men-</strong></span> 
     </span>
     <span class='ocr_line' id='line_1_26' title="bbox 179 1590 864 1636; baseline 0.003 -10"><span class='ocrx_word' id='word_1_131' title='bbox 179 1591 263 1626; x_wconf 76' lang='lat' dir='ltr'><strong>d·</strong></span> <span class='ocrx_word' id='word_1_132' title='bbox 348 1609 389 1623; x_wconf 70' lang='lat' dir='ltr'><strong>w·</strong></span> <span class='ocrx_word' id='word_1_133' title='bbox 407 1590 864 1636; x_wconf 83' lang='lat' dir='ltr'><strong>,itaconstituendumres-</strong></span> 
     </span>
     <span class='ocr_line' id='line_1_27' title="bbox 178 1644 307 1692; baseline 0 -12"><span class='ocrx_word' id='word_1_134' title='bbox 178 1644 307 1692; x_wconf 70' lang='grc' dir='ltr'><strong>ιιιιιίι.</strong></span> 
     </span>
     <span class='ocr_line' id='line_1_28' title="bbox 179 1704 829 1733; baseline -0.003 -1"><span class='ocrx_word' id='word_1_135' title='bbox 179 1705 259 1732; x_wconf 71' lang='lat' dir='ltr'><strong>Nune</strong></span> <span class='ocrx_word' id='word_1_136' title='bbox 269 1704 344 1731; x_wconf 66' lang='lat' dir='ltr'><strong>locu</strong></span> <span class='ocrx_word' id='word_1_137' title='bbox 354 1705 451 1732; x_wconf 65' lang='lat' dir='ltr'><strong>Cumae</strong></span> <span class='ocrx_word' id='word_1_138' title='bbox 460 1710 502 1731; x_wconf 77' lang='lat' dir='ltr'><strong>est</strong></span> <span class='ocrx_word' id='word_1_139' title='bbox 513 1714 521 1731; x_wconf 89' lang='lat'><strong>:</strong></span> <span class='ocrx_word' id='word_1_140' title='bbox 533 1714 603 1733; x_wconf 78' lang='lat' dir='ltr'><strong>nunc</strong></span> <span class='ocrx_word' id='word_1_141' title='bbox 618 1705 691 1731; x_wconf 67' lang='lat' dir='ltr'><strong>inam</strong></span> <span class='ocrx_word' id='word_1_142' title='bbox 702 1704 808 1731; x_wconf 72' lang='lat' dir='ltr'><strong>ostende</strong></span> <span class='ocrx_word' id='word_1_143' title='bbox 821 1713 829 1730; x_wconf 92' lang='lat'>:</span> 
     </span>
    </p>

    <p class='ocr_par' dir='ltr' id='par_1_9' title="bbox 266 1753 518 1789">
     <span class='ocr_line' id='line_1_29' title="bbox 266 1753 518 1789; baseline -0.004 -8"><span class='ocrx_word' id='word_1_144' title='bbox 266 1753 370 1789; x_wconf 69' lang='lat' dir='ltr'><strong>pubi·</strong></span> <span class='ocrx_word' id='word_1_145' title='bbox 512 1759 518 1764; x_wconf 91' lang='grc'>’</span> 
     </span>
    </p>

    <p class='ocr_par' dir='ltr' id='par_1_10' title="bbox 177 1796 866 2171">
     <span class='ocr_line' id='line_1_30' title="bbox 205 1796 729 1838; baseline 0 -8"><span class='ocrx_word' id='word_1_146' title='bbox 205 1803 274 1830; x_wconf 68' lang='lat' dir='ltr'><strong>mv·</strong></span> <span class='ocrx_word' id='word_1_147' title='bbox 288 1809 350 1831; x_wconf 70' lang='lat' dir='ltr'><strong>tum</strong></span> <span class='ocrx_word' id='word_1_148' title='bbox 359 1799 434 1838; x_wconf 66' lang='lat' dir='ltr'><strong>ignes</strong></span> <span class='ocrx_word' id='word_1_149' title='bbox 446 1803 545 1838; x_wconf 67' lang='lat' dir='ltr'><strong>pellem</strong></span> <span class='ocrx_word' id='word_1_150' title='bbox 553 1823 562 1836; x_wconf 91' lang='lat'><em>,</em></span> <span class='ocrx_word' id='word_1_151' title='bbox 582 1796 638 1831; x_wconf 69' lang='lat' dir='ltr'><strong>sive</strong></span> <span class='ocrx_word' id='word_1_152' title='bbox 648 1813 729 1831; x_wconf 68' lang='lat' dir='ltr'><strong>meos.</strong></span> 
     </span>
     <span class='ocr_line' id='line_1_31' title="bbox 177 1860 862 1907; baseline 0 -10"><span class='ocrx_word' id='word_1_153' title='bbox 177 1860 285 1906; x_wconf 74' lang='lat' dir='ltr'><strong>Nunc</strong></span> <span class='ocrx_word' id='word_1_154' title='bbox 306 1861 369 1900; x_wconf 79' lang='lat' dir='ltr'><strong>tibi</strong></span> <span class='ocrx_word' id='word_1_155' title='bbox 388 1861 486 1898; x_wconf 82' lang='lat' dir='ltr'><strong>locus</strong></span> <span class='ocrx_word' id='word_1_156' title='bbox 509 1868 581 1907; x_wconf 83' lang='lat' dir='ltr'><strong>est,</strong></span> <span class='ocrx_word' id='word_1_157' title='bbox 605 1875 702 1898; x_wconf 89' lang='lat' dir='ltr'><strong>nunc</strong></span> <span class='ocrx_word' id='word_1_158' title='bbox 717 1862 862 1898; x_wconf 85' lang='lat' dir='ltr'><strong>ostende</strong></span> 
     </span>
     <span class='ocr_line' id='line_1_32' title="bbox 177 1913 864 1962; baseline -0.003 -12"><span class='ocrx_word' id='word_1_159' title='bbox 177 1913 275 1950; x_wconf 80' lang='lat' dir='ltr'><strong>illam</strong></span> <span class='ocrx_word' id='word_1_160' title='bbox 296 1913 468 1952; x_wconf 86' lang='lat' dir='ltr'><strong>OEnonen</strong></span> <span class='ocrx_word' id='word_1_161' title='bbox 480 1941 491 1960; x_wconf 88' lang='lat'>,</span> <span class='ocrx_word' id='word_1_162' title='bbox 523 1928 631 1962; x_wconf 87' lang='lat' dir='ltr'><strong>quam</strong></span> <span class='ocrx_word' id='word_1_163' title='bbox 658 1914 767 1950; x_wconf 89' lang='lat' dir='ltr'><strong>modo</strong></span> <span class='ocrx_word' id='word_1_164' title='bbox 786 1914 864 1952; x_wconf 85' lang='lat' dir='ltr'><strong>dixi.</strong></span> 
     </span>
     <span class='ocr_line' id='line_1_33' title="bbox 179 1964 864 2014; baseline -0.001 -12"><span class='ocrx_word' id='word_1_165' title='bbox 179 1964 333 2002; x_wconf 79' lang='lat' dir='ltr'><strong>—lllam</strong></span> <span class='ocrx_word' id='word_1_166' title='bbox 342 1969 494 2010; x_wconf 70' lang='lat' dir='ltr'><strong>ostende,</strong></span> <span class='ocrx_word' id='word_1_167' title='bbox 510 1974 550 2002; x_wconf 86' lang='lat' dir='ltr'><strong>ut</strong></span> <span class='ocrx_word' id='word_1_168' title='bbox 563 1967 655 2014; x_wconf 92' lang='lat' dir='ltr'><strong>apud</strong></span> <span class='ocrx_word' id='word_1_169' title='bbox 669 1967 864 2003; x_wconf 86' lang='lat' dir='ltr'><strong>Auctorem</strong></span> 
     </span>
     <span class='ocr_line' id='line_1_34' title="bbox 180 2018 866 2067; baseline -0.003 -12"><span class='ocrx_word' id='word_1_170' title='bbox 180 2018 344 2055; x_wconf 72' lang='lat' dir='ltr'><strong>Herculis</strong></span> <span class='ocrx_word' id='word_1_171' title='bbox 361 2018 489 2064; x_wconf 78' lang='lat' dir='ltr'><strong>OEtaei‚</strong></span> <span class='ocrx_word' id='word_1_172' title='bbox 506 2033 568 2067; x_wconf 78' lang='lat'><strong>277</strong></span> <span class='ocrx_word' id='word_1_173' title='bbox 587 2033 595 2055; x_wconf 90' lang='lat'>:</span> <span class='ocrx_word' id='word_1_174' title='bbox 615 2019 799 2064; x_wconf 65' lang='lat' dir='ltr'><strong>Confugem</strong></span> <span class='ocrx_word' id='word_1_175' title='bbox 814 2032 866 2053; x_wconf 86' lang='lat' dir='ltr'><strong>os—</strong></span> 
     </span>
     <span class='ocr_line' id='line_1_35' title="bbox 181 2072 865 2117; baseline -0.003 -10"><span class='ocrx_word' id='word_1_176' title='bbox 181 2073 283 2107; x_wconf 70' lang='lat' dir='ltr'><strong>tende</strong></span> <span class='ocrx_word' id='word_1_177' title='bbox 303 2072 471 2108; x_wconf 74' lang='lat' dir='ltr'><strong>Iletculis.</strong></span> <span class='ocrx_word' id='word_1_178' title='bbox 490 2091 535 2098; x_wconf 92' lang='lat'><strong>—</strong></span> <span class='ocrx_word' id='word_1_179' title='bbox 556 2074 642 2107; x_wconf 86' lang='lat' dir='ltr'><strong>Illas</strong></span> <span class='ocrx_word' id='word_1_180' title='bbox 661 2073 777 2112; x_wconf 76' lang='lat' dir='ltr'><strong>lende,</strong></span> <span class='ocrx_word' id='word_1_181' title='bbox 800 2084 865 2117; x_wconf 89' lang='lat' dir='ltr'><strong>pro</strong></span> 
     </span>
     <span class='ocr_line' id='line_1_36' title="bbox 181 2124 866 2171; baseline -0.001 -12"><span class='ocrx_word' id='word_1_182' title='bbox 181 2125 277 2159; x_wconf 74' lang='lat' dir='ltr'><strong>illam</strong></span> <span class='ocrx_word' id='word_1_183' title='bbox 297 2126 448 2160; x_wconf 76' lang='lat' dir='ltr'><strong>ostende.</strong></span> <span class='ocrx_word' id='word_1_184' title='bbox 475 2124 534 2160; x_wconf 91' lang='lat' dir='ltr'><strong>Sic</strong></span> <span class='ocrx_word' id='word_1_185' title='bbox 556 2137 685 2171; x_wconf 86' lang='lat' dir='ltr'><strong>supra,</strong></span> <span class='ocrx_word' id='word_1_186' title='bbox 709 2124 866 2170; x_wconf 83' lang='lat' dir='ltr'><strong>Epistola</strong></span> 
     </span>
    </p>
   </div>
   <div class='ocr_carea' id='block_1_7' title="bbox 204 1604 400 1628">
    <p class='ocr_par' dir='ltr' id='par_1_11' title="bbox 204 1604 400 1628">
     <span class='ocr_line' id='line_1_37' title="bbox 204 1604 400 1628; baseline 0 1484"><span class='ocrx_word' id='word_1_187' title='bbox 204 1604 400 1628; x_wconf 95' lang='lat' dir='ltr'><strong> </strong></span> 
     </span>
    </p>
   </div>
   <div class='ocr_carea' id='block_1_8' title="bbox 115 2175 866 2223">
    <p class='ocr_par' dir='ltr' id='par_1_12' title="bbox 115 2175 866 2223">
     <span class='ocr_line' id='line_1_38' title="bbox 115 2175 866 2223; baseline -0.003 -11"><span class='ocrx_word' id='word_1_188' title='bbox 115 2191 117 2193; x_wconf 78' lang='grc'><strong>’</strong></span> <span class='ocrx_word' id='word_1_189' title='bbox 182 2175 308 2221; x_wconf 73' lang='lat' dir='ltr'><strong>Ulixis,</strong></span> <span class='ocrx_word' id='word_1_190' title='bbox 323 2189 432 2219; x_wconf 81' lang='lat' dir='ltr'><strong>cums,</strong></span> <span class='ocrx_word' id='word_1_191' title='bbox 449 2189 514 2223; x_wconf 88' lang='lat' dir='ltr'><strong>pro</strong></span> <span class='ocrx_word' id='word_1_192' title='bbox 529 2189 617 2212; x_wconf 84' lang='lat' dir='ltr'><strong>curoe</strong></span> <span class='ocrx_word' id='word_1_193' title='bbox 632 2181 695 2211; x_wconf 80' lang='lat' dir='ltr'><strong>est.</strong></span> <span class='ocrx_word' id='word_1_194' title='bbox 711 2176 866 2222; x_wconf 87' lang='lat' dir='ltr'><strong>Epistola</strong></span> 
     </span>
    </p>
   </div>
   <div class='ocr_carea' id='block_1_9' title="bbox 183 2227 867 2533">
    <p class='ocr_par' dir='ltr' id='par_1_13' title="bbox 183 2227 867 2533">
     <span class='ocr_line' id='line_1_39' title="bbox 183 2227 866 2274; baseline 0.001 -12"><span class='ocrx_word' id='word_1_195' title='bbox 183 2227 315 2263; x_wconf 78' lang='lat' dir='ltr'><strong>Didus·</strong></span> <span class='ocrx_word' id='word_1_196' title='bbox 305 2228 419 2274; x_wconf 71' lang='grc' dir='ltr'><strong>ιιιίὶίο,</strong></span> <span class='ocrx_word' id='word_1_197' title='bbox 431 2229 710 2274; x_wconf 68' lang='grc' dir='ltr'><strong>ΜεηΊσῙΔῙηαηι,</strong></span> <span class='ocrx_word' id='word_1_198' title='bbox 728 2241 792 2274; x_wconf 89' lang='lat' dir='ltr'><strong>pro</strong></span> <span class='ocrx_word' id='word_1_199' title='bbox 801 2242 866 2263; x_wconf 82' lang='lat' dir='ltr'><strong>me-</strong></span> 
     </span>
     <span class='ocr_line' id='line_1_40' title="bbox 183 2279 867 2327; baseline 0 -13"><span class='ocrx_word' id='word_1_200' title='bbox 183 2284 252 2314; x_wconf 80' lang='lat' dir='ltr'><strong>n&#39;ta</strong></span> <span class='ocrx_word' id='word_1_201' title='bbox 266 2279 451 2325; x_wconf 75' lang='lat' dir='ltr'><strong>etfamam.</strong></span> <span class='ocrx_word' id='word_1_202' title='bbox 478 2279 580 2327; x_wconf 76' lang='lat' dir='ltr'><strong>Soepe</strong></span> <span class='ocrx_word' id='word_1_203' title='bbox 597 2294 661 2327; x_wconf 87' lang='lat' dir='ltr'><strong>per</strong></span> <span class='ocrx_word' id='word_1_204' title='bbox 674 2280 775 2316; x_wconf 83' lang='lat' dir='ltr'><strong>hasce</strong></span> <span class='ocrx_word' id='word_1_205' title='bbox 790 2280 867 2315; x_wconf 91' lang='lat' dir='ltr'><strong>edi-</strong></span> 
     </span>
     <span class='ocr_line' id='line_1_41' title="bbox 183 2331 867 2379; baseline 0.001 -13"><span class='ocrx_word' id='word_1_206' title='bbox 183 2332 297 2367; x_wconf 83' lang='lat' dir='ltr'><strong>tiones</strong></span> <span class='ocrx_word' id='word_1_207' title='bbox 326 2344 347 2367; x_wconf 76' lang='grc' dir='ltr'><strong>ει</strong></span> <span class='ocrx_word' id='word_1_208' title='bbox 376 2331 522 2368; x_wconf 83' lang='lat' dir='ltr'><strong>librariis</strong></span> <span class='ocrx_word' id='word_1_209' title='bbox 543 2340 725 2379; x_wconf 88' lang='lat' dir='ltr'><strong>peccatum</strong></span> <span class='ocrx_word' id='word_1_210' title='bbox 739 2359 748 2377; x_wconf 93' lang='lat'>,</span> <span class='ocrx_word' id='word_1_211' title='bbox 772 2332 867 2378; x_wconf 90' lang='lat' dir='ltr'><strong>quod</strong></span> 
     </span>
     <span class='ocr_line' id='line_1_42' title="bbox 183 2383 867 2430; baseline 0 -11"><span class='ocrx_word' id='word_1_212' title='bbox 183 2383 380 2420; x_wconf 79' lang='lat' dir='ltr'><strong>innumeris</strong></span> <span class='ocrx_word' id='word_1_213' title='bbox 391 2384 555 2430; x_wconf 86' lang='lat' dir='ltr'><strong>exemplis</strong></span> <span class='ocrx_word' id='word_1_214' title='bbox 569 2384 666 2420; x_wconf 79' lang='lat' dir='ltr'><strong>facile</strong></span> <span class='ocrx_word' id='word_1_215' title='bbox 676 2385 867 2419; x_wconf 86' lang='lat' dir='ltr'><strong>confirma-</strong></span> 
     </span>
     <span class='ocr_line' id='line_1_43' title="bbox 183 2436 866 2482; baseline 0 -11"><span class='ocrx_word' id='word_1_216' title='bbox 183 2436 307 2471; x_wconf 82' lang='lat' dir='ltr'><strong>verim.</strong></span> <span class='ocrx_word' id='word_1_217' title='bbox 318 2455 363 2463; x_wconf 91' lang='lat'><strong>—·</strong></span> <span class='ocrx_word' id='word_1_218' title='bbox 378 2436 456 2471; x_wconf 88' lang='lat' dir='ltr'><strong>Viri</strong></span> <span class='ocrx_word' id='word_1_219' title='bbox 468 2436 689 2482; x_wconf 82' lang='lat' dir='ltr'><strong>sagacitatem</strong></span> <span class='ocrx_word' id='word_1_220' title='bbox 705 2436 781 2482; x_wconf 90' lang='lat' dir='ltr'><strong>quis</strong></span> <span class='ocrx_word' id='word_1_221' title='bbox 792 2449 866 2472; x_wconf 91' lang='lat' dir='ltr'><strong>non</strong></span> 
     </span>
     <span class='ocr_line' id='line_1_44' title="bbox 185 2488 822 2533; baseline 0.002 -9"><span class='ocrx_word' id='word_1_222' title='bbox 185 2488 258 2533; x_wconf 84' lang='lat' dir='ltr'><strong>hic,</strong></span> <span class='ocrx_word' id='word_1_223' title='bbox 275 2495 315 2524; x_wconf 89' lang='lat' dir='ltr'><strong>ut</strong></span> <span class='ocrx_word' id='word_1_224' title='bbox 331 2488 409 2524; x_wconf 89' lang='lat' dir='ltr'><strong>alibi</strong></span> <span class='ocrx_word' id='word_1_225' title='bbox 425 2488 556 2525; x_wconf 82' lang='lat' dir='ltr'><strong>centies</strong></span> <span class='ocrx_word' id='word_1_226' title='bbox 570 2515 579 2533; x_wconf 91' lang='lat'>,</span> <span class='ocrx_word' id='word_1_227' title='bbox 602 2488 822 2525; x_wconf 85' lang='lat' dir='ltr'><strong>demiretur?</strong></span> 
     </span>
    </p>
   </div>
   <div class='ocr_carea' id='block_1_10' title="bbox 431 2578 611 2592">
    <p class='ocr_par' dir='ltr' id='par_1_14' title="bbox 431 2578 611 2592">
     <span class='ocr_line' id='line_1_45' title="bbox 431 2578 611 2592; baseline 0 520"><span class='ocrx_word' id='word_1_228' title='bbox 431 2578 611 2592; x_wconf 95' lang='lat' dir='ltr'><strong> </strong></span> 
     </span>
    </p>
   </div>
   <div class='ocr_carea' id='block_1_11' title="bbox 187 2632 870 2741">
    <p class='ocr_par' dir='ltr' id='par_1_15' title="bbox 187 2632 870 2741">
     <span class='ocr_line' id='line_1_46' title="bbox 229 2632 867 2689; baseline 0.002 -13"><span class='ocrx_word' id='word_1_229' title='bbox 229 2640 246 2658; x_wconf 78' lang='lat'><em>*</em></span> <span class='ocrx_word' id='word_1_230' title='bbox 255 2641 454 2686; x_wconf 87' lang='lat' dir='ltr'><strong>Lectorem‚</strong></span> <span class='ocrx_word' id='word_1_231' title='bbox 465 2641 584 2686; x_wconf 82' lang='lat' dir='ltr'><strong>crede,</strong></span> <span class='ocrx_word' id='word_1_232' title='bbox 601 2632 681 2677; x_wconf 84' lang='lat' dir='ltr'><strong>satis</strong></span> <span class='ocrx_word' id='word_1_233' title='bbox 695 2655 867 2689; x_wconf 88' lang='lat' dir='ltr'><strong>superque</strong></span> 
     </span>
     <span class='ocr_line' id='line_1_47' title="bbox 187 2693 870 2741; baseline 0 -12"><span class='ocrx_word' id='word_1_234' title='bbox 187 2693 410 2732; x_wconf 80' lang='lat' dir='ltr'><strong>instruximus</strong></span> <span class='ocrx_word' id='word_1_235' title='bbox 424 2721 434 2739; x_wconf 89' lang='lat'>,</span> <span class='ocrx_word' id='word_1_236' title='bbox 452 2701 512 2739; x_wconf 91' lang='lat' dir='ltr'><strong>ut,</strong></span> <span class='ocrx_word' id='word_1_237' title='bbox 530 2694 708 2741; x_wconf 83' lang='lat' dir='ltr'><strong>perpensis</strong></span> <span class='ocrx_word' id='word_1_238' title='bbox 721 2694 870 2741; x_wconf 86' lang='lat' dir='ltr'><strong>diligen-</strong></span> 
     </span>
    </p>
   </div>
   <div class='ocr_carea' id='block_1_12' title="bbox 921 649 1657 2732">
    <p class='ocr_par' dir='ltr' id='par_1_16' title="bbox 921 649 1657 2732">
     <span class='ocr_line' id='line_1_48' title="bbox 921 649 1603 698; baseline -0.004 -10"><span class='ocrx_word' id='word_1_239' title='bbox 921 659 977 688; x_wconf 88' lang='lat' dir='ltr'><strong>ter</strong></span> <span class='ocrx_word' id='word_1_240' title='bbox 1010 652 1188 698; x_wconf 88' lang='lat' dir='ltr'><strong>utrimque</strong></span> <span class='ocrx_word' id='word_1_241' title='bbox 1227 651 1336 688; x_wconf 88' lang='lat' dir='ltr'><strong>causis</strong></span> <span class='ocrx_word' id='word_1_242' title='bbox 1351 678 1360 695; x_wconf 92' lang='lat'>‚</span> <span class='ocrx_word' id='word_1_243' title='bbox 1397 649 1603 698; x_wconf 88' lang='lat' dir='ltr'><strong>pronuntiet</strong></span> 
     </span>
     <span class='ocr_line' id='line_1_49' title="bbox 921 702 1606 749; baseline -0.003 -10"><span class='ocrx_word' id='word_1_244' title='bbox 921 717 1041 748; x_wconf 88' lang='lat' dir='ltr'><strong>nunc,</strong></span> <span class='ocrx_word' id='word_1_245' title='bbox 1066 703 1172 749; x_wconf 78' lang='lat' dir='ltr'><strong>judex</strong></span> <span class='ocrx_word' id='word_1_246' title='bbox 1199 703 1392 749; x_wconf 86' lang='lat' dir='ltr'><strong>legitimus,</strong></span> <span class='ocrx_word' id='word_1_247' title='bbox 1415 710 1535 738; x_wconf 79' lang='lat' dir='ltr'><strong>utrum</strong></span> <span class='ocrx_word' id='word_1_248' title='bbox 1549 702 1606 737; x_wconf 74' lang='lat' dir='ltr'><strong>hae</strong></span> 
     </span>
     <span class='ocr_line' id='line_1_50' title="bbox 923 755 1606 802; baseline -0.001 -12"><span class='ocrx_word' id='word_1_249' title='bbox 923 762 994 791; x_wconf 84' lang='lat' dir='ltr'><strong>tres</strong></span> <span class='ocrx_word' id='word_1_250' title='bbox 1007 755 1172 802; x_wconf 76' lang='lat' dir='ltr'><strong>Epistolae</strong></span> <span class='ocrx_word' id='word_1_251' title='bbox 1183 781 1193 800; x_wconf 92' lang='lat'>,</span> <span class='ocrx_word' id='word_1_252' title='bbox 1211 767 1288 800; x_wconf 80' lang='lat' dir='ltr'><strong>quae</strong></span> <span class='ocrx_word' id='word_1_253' title='bbox 1299 755 1463 790; x_wconf 89' lang='lat' dir='ltr'><strong>trecentis</strong></span> <span class='ocrx_word' id='word_1_254' title='bbox 1478 761 1514 789; x_wconf 88' lang='lat' dir='ltr'><strong>et</strong></span> <span class='ocrx_word' id='word_1_255' title='bbox 1529 767 1606 789; x_wconf 88' lang='lat' dir='ltr'><strong>am-</strong></span> 
     </span>
     <span class='ocr_line' id='line_1_51' title="bbox 922 806 1657 853; baseline -0.003 -11"><span class='ocrx_word' id='word_1_256' title='bbox 922 807 1011 853; x_wconf 90' lang='lat' dir='ltr'><strong>plius</strong></span> <span class='ocrx_word' id='word_1_257' title='bbox 1034 807 1160 843; x_wconf 86' lang='lat' dir='ltr'><strong>abhinc</strong></span> <span class='ocrx_word' id='word_1_258' title='bbox 1182 807 1305 851; x_wconf 87' lang='lat' dir='ltr'><strong>annis,</strong></span> <span class='ocrx_word' id='word_1_259' title='bbox 1328 807 1391 842; x_wconf 90' lang='lat' dir='ltr'><strong>sub</strong></span> <span class='ocrx_word' id='word_1_260' title='bbox 1417 806 1461 841; x_wconf 90' lang='lat' dir='ltr'><strong>A.</strong></span> <span class='ocrx_word' id='word_1_261' title='bbox 1484 806 1606 841; x_wconf 87' lang='lat' dir='ltr'><strong>Sabini</strong></span> <span class='ocrx_word' id='word_1_262' title='bbox 1653 847 1657 851; x_wconf 21' lang='grc' dir='ltr'>ι</span> 
     </span>
     <span class='ocr_line' id='line_1_52' title="bbox 924 858 1606 906; baseline -0.003 -12"><span class='ocrx_word' id='word_1_263' title='bbox 924 859 1070 894; x_wconf 76' lang='lat' dir='ltr'><strong>nomine</strong></span> <span class='ocrx_word' id='word_1_264' title='bbox 1085 859 1392 902; x_wconf 84' lang='lat' dir='ltr'><strong>circumferuntur,</strong></span> <span class='ocrx_word' id='word_1_265' title='bbox 1411 858 1606 906; x_wconf 87' lang='lat' dir='ltr'><strong>genuinum</strong></span> 
     </span>
     <span class='ocr_line' id='line_1_53' title="bbox 924 911 1607 956; baseline -0.001 -10"><span class='ocrx_word' id='word_1_266' title='bbox 924 911 996 947; x_wconf 87' lang='lat' dir='ltr'><strong>sint</strong></span> <span class='ocrx_word' id='word_1_267' title='bbox 1009 938 1020 956; x_wconf 88' lang='lat'><em>‚</em></span> <span class='ocrx_word' id='word_1_268' title='bbox 1044 924 1090 946; x_wconf 90' lang='lat' dir='ltr'><strong>an</strong></span> <span class='ocrx_word' id='word_1_269' title='bbox 1109 911 1347 947; x_wconf 89' lang='lat' dir='ltr'><strong>adulterinum</strong></span> <span class='ocrx_word' id='word_1_270' title='bbox 1368 911 1474 956; x_wconf 83' lang='lat' dir='ltr'><strong>hujus</strong></span> <span class='ocrx_word' id='word_1_271' title='bbox 1495 917 1607 956; x_wconf 74' lang='lat' dir='ltr'><strong>poetae</strong></span> 
     </span>
     <span class='ocr_line' id='line_1_54' title="bbox 925 962 1607 1010; baseline -0.003 -11"><span class='ocrx_word' id='word_1_272' title='bbox 925 976 1024 1010; x_wconf 90' lang='lat' dir='ltr'><strong>opus.</strong></span> <span class='ocrx_word' id='word_1_273' title='bbox 1038 963 1077 999; x_wconf 93' lang='lat' dir='ltr'><strong>Si</strong></span> <span class='ocrx_word' id='word_1_274' title='bbox 1089 963 1165 1010; x_wconf 88' lang='lat' dir='ltr'><strong>quis</strong></span> <span class='ocrx_word' id='word_1_275' title='bbox 1178 963 1290 999; x_wconf 90' lang='lat' dir='ltr'><strong>adhuc</strong></span> <span class='ocrx_word' id='word_1_276' title='bbox 1302 962 1484 998; x_wconf 88' lang='lat' dir='ltr'><strong>dubitandi</strong></span> <span class='ocrx_word' id='word_1_277' title='bbox 1498 963 1607 1007; x_wconf 88' lang='lat' dir='ltr'><strong>locus,</strong></span> 
     </span>
     <span class='ocr_line' id='line_1_55' title="bbox 923 1015 1608 1063; baseline -0.004 -11"><span class='ocrx_word' id='word_1_278' title='bbox 923 1016 1083 1063; x_wconf 88' lang='lat' dir='ltr'><strong>perlectis</strong></span> <span class='ocrx_word' id='word_1_279' title='bbox 1113 1015 1223 1053; x_wconf 86' lang='lat' dir='ltr'><strong>Ulixis</strong></span> <span class='ocrx_word' id='word_1_280' title='bbox 1256 1023 1293 1051; x_wconf 89' lang='lat' dir='ltr'><strong>et</strong></span> <span class='ocrx_word' id='word_1_281' title='bbox 1325 1015 1608 1062; x_wconf 85' lang='lat' dir='ltr'><strong>Demophoontis</strong></span> 
     </span>
     <span class='ocr_line' id='line_1_56' title="bbox 926 1067 1608 1115; baseline -0.004 -11"><span class='ocrx_word' id='word_1_282' title='bbox 926 1068 1242 1115; x_wconf 84' lang='lat' dir='ltr'><strong>Responsionibus,</strong></span> <span class='ocrx_word' id='word_1_283' title='bbox 1265 1068 1366 1114; x_wconf 85' lang='lat' dir='ltr'><strong>(ubi,</strong></span> <span class='ocrx_word' id='word_1_284' title='bbox 1389 1067 1469 1103; x_wconf 91' lang='lat' dir='ltr'><strong>licet</strong></span> <span class='ocrx_word' id='word_1_285' title='bbox 1487 1081 1608 1102; x_wconf 82' lang='lat' dir='ltr'><strong>rerum</strong></span> 
     </span>
     <span class='ocr_line' id='line_1_57' title="bbox 924 1121 1609 1168; baseline -0.003 -12"><span class='ocrx_word' id='word_1_286' title='bbox 924 1122 996 1157; x_wconf 90' lang='lat' dir='ltr'><strong>sint</strong></span> <span class='ocrx_word' id='word_1_287' title='bbox 1015 1121 1138 1168; x_wconf 88' lang='lat' dir='ltr'><strong>inopes</strong></span> <span class='ocrx_word' id='word_1_288' title='bbox 1152 1148 1161 1166; x_wconf 91' lang='lat'>,</span> <span class='ocrx_word' id='word_1_289' title='bbox 1179 1135 1246 1157; x_wconf 89' lang='lat' dir='ltr'><strong>nec</strong></span> <span class='ocrx_word' id='word_1_290' title='bbox 1270 1121 1342 1156; x_wconf 92' lang='lat' dir='ltr'><strong>ullo</strong></span> <span class='ocrx_word' id='word_1_291' title='bbox 1363 1121 1436 1155; x_wconf 88' lang='lat' dir='ltr'><strong>sere</strong></span> <span class='ocrx_word' id='word_1_292' title='bbox 1456 1126 1609 1155; x_wconf 86' lang='lat' dir='ltr'><strong>senten-</strong></span> 
     </span>
     <span class='ocr_line' id='line_1_58' title="bbox 925 1172 1610 1216; baseline -0.006 -6"><span class='ocrx_word' id='word_1_293' title='bbox 925 1174 1055 1210; x_wconf 86' lang='lat' dir='ltr'><strong>tiarum</strong></span> <span class='ocrx_word' id='word_1_294' title='bbox 1071 1174 1204 1209; x_wconf 88' lang='lat' dir='ltr'><strong>lumine</strong></span> <span class='ocrx_word' id='word_1_295' title='bbox 1220 1173 1455 1216; x_wconf 86' lang='lat' dir='ltr'><strong>illustrentur,</strong></span> <span class='ocrx_word' id='word_1_296' title='bbox 1473 1172 1610 1207; x_wconf 85' lang='lat' dir='ltr'><strong>enitent</strong></span> 
     </span>
     <span class='ocr_line' id='line_1_59' title="bbox 926 1224 1612 1286; baseline -0.007 -23"><span class='ocrx_word' id='word_1_297' title='bbox 926 1234 1048 1263; x_wconf 86' lang='lat' dir='ltr'><strong>tamen</strong></span> <span class='ocrx_word' id='word_1_298' title='bbox 1070 1226 1240 1267; x_wconf 88' lang='lat' dir='ltr'><strong>nonnulla</strong></span> <span class='ocrx_word' id='word_1_299' title='bbox 1250 1253 1263 1286; x_wconf 87' lang='lat'><strong>.’</strong></span> <span class='ocrx_word' id='word_1_300' title='bbox 1295 1237 1373 1272; x_wconf 84' lang='lat' dir='ltr'><strong>quae</strong></span> <span class='ocrx_word' id='word_1_301' title='bbox 1391 1224 1522 1260; x_wconf 79' lang='lat' dir='ltr'><strong>Ovidio</strong></span> <span class='ocrx_word' id='word_1_302' title='bbox 1546 1224 1612 1259; x_wconf 83' lang='lat' dir='ltr'><strong>tri-</strong></span> 
     </span>
     <span class='ocr_line' id='line_1_60' title="bbox 926 1276 1610 1326; baseline -0.007 -11"><span class='ocrx_word' id='word_1_303' title='bbox 926 1280 1012 1315; x_wconf 81' lang='lat' dir='ltr'><strong>buas</strong></span> <span class='ocrx_word' id='word_1_304' title='bbox 1039 1292 1115 1315; x_wconf 91' lang='lat' dir='ltr'><strong>non</strong></span> <span class='ocrx_word' id='word_1_305' title='bbox 1150 1278 1319 1326; x_wconf 87' lang='lat' dir='ltr'><strong>injuriose</strong></span> <span class='ocrx_word' id='word_1_306' title='bbox 1337 1278 1351 1323; x_wconf 96' lang='lat'>)</span> <span class='ocrx_word' id='word_1_307' title='bbox 1383 1277 1527 1313; x_wconf 84' lang='lat' dir='ltr'><strong>solvitur</strong></span> <span class='ocrx_word' id='word_1_308' title='bbox 1554 1276 1610 1311; x_wconf 91' lang='lat' dir='ltr'><strong>hic</strong></span> 
     </span>
     <span class='ocr_line' id='line_1_61' title="bbox 928 1322 1609 1374; baseline -0.007 -7"><span class='ocrx_word' id='word_1_309' title='bbox 928 1332 1077 1367; x_wconf 90' lang='lat' dir='ltr'><strong>omnino</strong></span> <span class='ocrx_word' id='word_1_310' title='bbox 1104 1330 1314 1367; x_wconf 83' lang='lat' dir='ltr'><strong>difficultatis</strong></span> <span class='ocrx_word' id='word_1_311' title='bbox 1339 1329 1465 1365; x_wconf 86' lang='lat' dir='ltr'><strong>nodus.</strong></span> <span class='ocrx_word' id='word_1_312' title='bbox 1482 1322 1609 1374; x_wconf 86' lang='lat' dir='ltr'><strong>Quid</strong></span> 
     </span>
     <span class='ocr_line' id='line_1_62' title="bbox 927 1380 1610 1428; baseline -0.007 -8"><span class='ocrx_word' id='word_1_313' title='bbox 927 1384 1026 1420; x_wconf 88' lang='lat' dir='ltr'><strong>enim</strong></span> <span class='ocrx_word' id='word_1_314' title='bbox 1049 1384 1087 1420; x_wconf 92' lang='lat' dir='ltr'><strong>in</strong></span> <span class='ocrx_word' id='word_1_315' title='bbox 1113 1383 1179 1420; x_wconf 89' lang='lat' dir='ltr'><strong>hac</strong></span> <span class='ocrx_word' id='word_1_316' title='bbox 1201 1383 1327 1419; x_wconf 86' lang='lat' dir='ltr'><strong>ultima</strong></span> <span class='ocrx_word' id='word_1_317' title='bbox 1347 1380 1588 1428; x_wconf 85' lang='lat' dir='ltr'><strong>deprehendas</strong></span> <span class='ocrx_word' id='word_1_318' title='bbox 1601 1406 1610 1424; x_wconf 88' lang='lat'><strong>‚</strong></span> 
     </span>
     <span class='ocr_line' id='line_1_63' title="bbox 928 1433 1610 1483; baseline -0.009 -10"><span class='ocrx_word' id='word_1_319' title='bbox 928 1436 1025 1483; x_wconf 85' lang='lat' dir='ltr'><strong>quod</strong></span> <span class='ocrx_word' id='word_1_320' title='bbox 1050 1435 1242 1480; x_wconf 85' lang='lat' dir='ltr'><strong>Ovidium,</strong></span> <span class='ocrx_word' id='word_1_321' title='bbox 1269 1435 1324 1470; x_wconf 85' lang='lat' dir='ltr'><strong>vel</strong></span> <span class='ocrx_word' id='word_1_322' title='bbox 1345 1447 1366 1470; x_wconf 86' lang='lat' dir='ltr'><strong>a</strong></span> <span class='ocrx_word' id='word_1_323' title='bbox 1388 1433 1582 1480; x_wconf 84' lang='lat' dir='ltr'><strong>longinquo</strong></span> <span class='ocrx_word' id='word_1_324' title='bbox 1599 1459 1610 1477; x_wconf 89' lang='lat'>‚</span> 
     </span>
     <span class='ocr_line' id='line_1_64' title="bbox 928 1486 1614 1533; baseline -0.009 -8"><span class='ocrx_word' id='word_1_325' title='bbox 928 1490 1081 1532; x_wconf 73' lang='lat' dir='ltr'><strong>reserat3</strong></span> <span class='ocrx_word' id='word_1_326' title='bbox 1105 1488 1175 1524; x_wconf 85' lang='lat' dir='ltr'><strong>sive</strong></span> <span class='ocrx_word' id='word_1_327' title='bbox 1198 1501 1254 1523; x_wconf 91' lang='lat' dir='ltr'><strong>res</strong></span> <span class='ocrx_word' id='word_1_328' title='bbox 1277 1488 1388 1533; x_wconf 85' lang='lat' dir='ltr'><strong>ipsas,</strong></span> <span class='ocrx_word' id='word_1_329' title='bbox 1418 1486 1488 1522; x_wconf 85' lang='lat' dir='ltr'><strong>sive</strong></span> <span class='ocrx_word' id='word_1_330' title='bbox 1502 1513 1512 1530; x_wconf 90' lang='lat'>,</span> <span class='ocrx_word' id='word_1_331' title='bbox 1544 1497 1614 1531; x_wconf 89' lang='lat' dir='ltr'><strong>qua</strong></span> 
     </span>
     <span class='ocr_line' id='line_1_65' title="bbox 927 1540 1614 1586; baseline -0.004 -10"><span class='ocrx_word' id='word_1_332' title='bbox 927 1542 1128 1577; x_wconf 76' lang='lat' dir='ltr'><strong>efferuntur</strong></span> <span class='ocrx_word' id='word_1_333' title='bbox 1143 1567 1153 1586; x_wconf 91' lang='lat'>,</span> <span class='ocrx_word' id='word_1_334' title='bbox 1175 1540 1365 1576; x_wconf 87' lang='lat' dir='ltr'><strong>verborum</strong></span> <span class='ocrx_word' id='word_1_335' title='bbox 1388 1540 1459 1574; x_wconf 87' lang='lat' dir='ltr'><strong>vim</strong></span> <span class='ocrx_word' id='word_1_336' title='bbox 1481 1545 1614 1585; x_wconf 89' lang='lat' dir='ltr'><strong>spectes</strong></span> 
     </span>
     <span class='ocr_line' id='line_1_66' title="bbox 927 1591 1613 1639; baseline -0.004 -11"><span class='ocrx_word' id='word_1_337' title='bbox 927 1600 965 1628; x_wconf 90' lang='lat' dir='ltr'><strong>et</strong></span> <span class='ocrx_word' id='word_1_338' title='bbox 976 1591 1186 1639; x_wconf 79' lang='lat' dir='ltr'><strong>elegantiam</strong></span> <span class='ocrx_word' id='word_1_339' title='bbox 1195 1593 1212 1628; x_wconf 87' lang='lat'>?</span> <span class='ocrx_word' id='word_1_340' title='bbox 1222 1592 1446 1630; x_wconf 84' lang='lat' dir='ltr'><strong>Scribentem</strong></span> <span class='ocrx_word' id='word_1_341' title='bbox 1454 1592 1529 1627; x_wconf 70' lang='lat' dir='ltr'><strong>hac</strong></span> <span class='ocrx_word' id='word_1_342' title='bbox 1538 1603 1613 1626; x_wconf 90' lang='lat' dir='ltr'><strong>non</strong></span> 
     </span>
     <span class='ocr_line' id='line_1_67' title="bbox 926 1645 1612 1690; baseline -0.004 -9"><span class='ocrx_word' id='word_1_343' title='bbox 926 1645 1031 1688; x_wconf 77' lang='lat' dir='ltr'><strong>fallit,</strong></span> <span class='ocrx_word' id='word_1_344' title='bbox 1048 1646 1141 1683; x_wconf 82' lang='lat' dir='ltr'><strong>viros</strong></span> <span class='ocrx_word' id='word_1_345' title='bbox 1156 1659 1229 1682; x_wconf 86' lang='lat' dir='ltr'><strong>esse</strong></span> <span class='ocrx_word' id='word_1_346' title='bbox 1243 1645 1432 1689; x_wconf 87' lang='lat' dir='ltr'><strong>litteratos,</strong></span> <span class='ocrx_word' id='word_1_347' title='bbox 1457 1656 1612 1690; x_wconf 88' lang='lat' dir='ltr'><strong>quorum</strong></span> 
     </span>
     <span class='ocr_line' id='line_1_68' title="bbox 927 1696 1610 1745; baseline -0.003 -12"><span class='ocrx_word' id='word_1_348' title='bbox 927 1711 1032 1744; x_wconf 85' lang='lat' dir='ltr'><strong>grave</strong></span> <span class='ocrx_word' id='word_1_349' title='bbox 1039 1698 1127 1734; x_wconf 87' lang='lat' dir='ltr'><strong>mihi</strong></span> <span class='ocrx_word' id='word_1_350' title='bbox 1137 1705 1174 1734; x_wconf 89' lang='lat' dir='ltr'><strong>et</strong></span> <span class='ocrx_word' id='word_1_351' title='bbox 1180 1697 1420 1745; x_wconf 89' lang='lat' dir='ltr'><strong>appetendum</strong></span> <span class='ocrx_word' id='word_1_352' title='bbox 1427 1696 1610 1743; x_wconf 78' lang='lat' dir='ltr'><strong>judicium,</strong></span> 
     </span>
     <span class='ocr_line' id='line_1_69' title="bbox 928 1749 1612 1796; baseline -0.004 -10"><span class='ocrx_word' id='word_1_353' title='bbox 928 1750 989 1796; x_wconf 86' lang='lat' dir='ltr'><strong>qui</strong></span> <span class='ocrx_word' id='word_1_354' title='bbox 1005 1763 1079 1786; x_wconf 89' lang='lat' dir='ltr'><strong>non</strong></span> <span class='ocrx_word' id='word_1_355' title='bbox 1092 1751 1142 1787; x_wconf 90' lang='lat' dir='ltr'><strong>sic</strong></span> <span class='ocrx_word' id='word_1_356' title='bbox 1155 1751 1372 1793; x_wconf 83' lang='lat' dir='ltr'><strong>existiment;</strong></span> <span class='ocrx_word' id='word_1_357' title='bbox 1391 1756 1427 1785; x_wconf 85' lang='lat' dir='ltr'><strong>et</strong></span> <span class='ocrx_word' id='word_1_358' title='bbox 1438 1749 1612 1784; x_wconf 90' lang='lat' dir='ltr'><strong>nonnullo</strong></span> 
     </span>
     <span class='ocr_line' id='line_1_70' title="bbox 926 1803 1612 1850; baseline -0.003 -12"><span class='ocrx_word' id='word_1_359' title='bbox 926 1803 964 1838; x_wconf 80' lang='lat' dir='ltr'><strong>in</strong></span> <span class='ocrx_word' id='word_1_360' title='bbox 975 1803 1089 1850; x_wconf 89' lang='lat' dir='ltr'><strong>pretio</strong></span> <span class='ocrx_word' id='word_1_361' title='bbox 1099 1804 1306 1838; x_wconf 77' lang='lat' dir='ltr'><strong>Sabinianus</strong></span> <span class='ocrx_word' id='word_1_362' title='bbox 1320 1804 1420 1848; x_wconf 85' lang='lat' dir='ltr'><strong>(quas</strong></span> <span class='ocrx_word' id='word_1_363' title='bbox 1427 1814 1493 1848; x_wconf 86' lang='lat' dir='ltr'><strong>ego</strong></span> <span class='ocrx_word' id='word_1_364' title='bbox 1501 1803 1612 1837; x_wconf 66' lang='lat' dir='ltr'><strong>Ile-in-</strong></span> 
     </span>
     <span class='ocr_line' id='line_1_71' title="bbox 927 1854 1614 1901; baseline -0.003 -11"><span class='ocrx_word' id='word_1_365' title='bbox 927 1859 1047 1890; x_wconf 76' lang='lat' dir='ltr'><strong>sianas</strong></span> <span class='ocrx_word' id='word_1_366' title='bbox 1057 1855 1182 1891; x_wconf 80' lang='lat' dir='ltr'><strong>melius</strong></span> <span class='ocrx_word' id='word_1_367' title='bbox 1193 1855 1355 1899; x_wconf 85' lang='lat' dir='ltr'><strong>dixerim)</strong></span> <span class='ocrx_word' id='word_1_368' title='bbox 1373 1854 1543 1901; x_wconf 88' lang='lat' dir='ltr'><strong>Epistolas</strong></span> <span class='ocrx_word' id='word_1_369' title='bbox 1556 1854 1614 1888; x_wconf 92' lang='lat' dir='ltr'><strong>ha-</strong></span> 
     </span>
     <span class='ocr_line' id='line_1_72' title="bbox 928 1906 1616 1954; baseline -0.004 -11"><span class='ocrx_word' id='word_1_370' title='bbox 928 1908 1058 1951; x_wconf 86' lang='lat' dir='ltr'><strong>beant;</strong></span> <span class='ocrx_word' id='word_1_371' title='bbox 1079 1921 1147 1943; x_wconf 88' lang='lat' dir='ltr'><strong>nec</strong></span> <span class='ocrx_word' id='word_1_372' title='bbox 1157 1908 1205 1943; x_wconf 90' lang='lat' dir='ltr'><strong>ita</strong></span> <span class='ocrx_word' id='word_1_373' title='bbox 1224 1908 1322 1954; x_wconf 87' lang='lat' dir='ltr'><strong>parvi</strong></span> <span class='ocrx_word' id='word_1_374' title='bbox 1336 1906 1467 1942; x_wconf 89' lang='lat' dir='ltr'><strong>ducant</strong></span> <span class='ocrx_word' id='word_1_375' title='bbox 1482 1906 1616 1941; x_wconf 86' lang='lat' dir='ltr'><strong>facien—</strong></span> 
     </span>
     <span class='ocr_line' id='line_1_73' title="bbox 929 1957 1616 2006; baseline -0.003 -12"><span class='ocrx_word' id='word_1_376' title='bbox 929 1959 1003 2004; x_wconf 83' lang='lat' dir='ltr'><strong>das,</strong></span> <span class='ocrx_word' id='word_1_377' title='bbox 1019 1973 1097 2006; x_wconf 80' lang='lat' dir='ltr'><strong>quae</strong></span> <span class='ocrx_word' id='word_1_378' title='bbox 1109 1960 1300 1995; x_wconf 84' lang='lat' dir='ltr'><strong>Heinsium</strong></span> <span class='ocrx_word' id='word_1_379' title='bbox 1309 1959 1458 1994; x_wconf 81' lang='lat' dir='ltr'><strong>vicissim</strong></span> <span class='ocrx_word' id='word_1_380' title='bbox 1470 1965 1506 1993; x_wconf 90' lang='lat' dir='ltr'><strong>et</strong></span> <span class='ocrx_word' id='word_1_381' title='bbox 1520 1957 1616 1992; x_wconf 90' lang='lat' dir='ltr'><strong>Bur-</strong></span> 
     </span>
     <span class='ocr_line' id='line_1_74' title="bbox 930 2010 1613 2057; baseline -0.003 -10"><span class='ocrx_word' id='word_1_382' title='bbox 930 2025 1104 2047; x_wconf 89' lang='lat' dir='ltr'><strong>mannum</strong></span> <span class='ocrx_word' id='word_1_383' title='bbox 1120 2038 1131 2056; x_wconf 82' lang='lat'>‚</span> <span class='ocrx_word' id='word_1_384' title='bbox 1155 2012 1430 2057; x_wconf 86' lang='lat' dir='ltr'><strong>nuperrimeque</strong></span> <span class='ocrx_word' id='word_1_385' title='bbox 1461 2010 1613 2045; x_wconf 87' lang='lat' dir='ltr'><strong>Lenne—</strong></span> 
     </span>
     <span class='ocr_line' id='line_1_75' title="bbox 930 2062 1614 2110; baseline -0.003 -11"><span class='ocrx_word' id='word_1_386' title='bbox 930 2065 1028 2110; x_wconf 88' lang='lat' dir='ltr'><strong>pium</strong></span> <span class='ocrx_word' id='word_1_387' title='bbox 1052 2063 1282 2099; x_wconf 86' lang='lat' dir='ltr'><strong>exercuerint.</strong></span> <span class='ocrx_word' id='word_1_388' title='bbox 1327 2063 1399 2099; x_wconf 86' lang='lat' dir='ltr'><strong>Sed</strong></span> <span class='ocrx_word' id='word_1_389' title='bbox 1424 2062 1492 2098; x_wconf 91' lang='lat' dir='ltr'><strong>hoc</strong></span> <span class='ocrx_word' id='word_1_390' title='bbox 1512 2063 1588 2109; x_wconf 91' lang='lat' dir='ltr'><strong>ipso</strong></span> <span class='ocrx_word' id='word_1_391' title='bbox 1603 2088 1614 2106; x_wconf 84' lang='lat'>,</span> 
     </span>
     <span class='ocr_line' id='line_1_76' title="bbox 932 2115 1614 2163; baseline -0.004 -11"><span class='ocrx_word' id='word_1_392' title='bbox 932 2130 1015 2152; x_wconf 89' lang='lat' dir='ltr'><strong>meo</strong></span> <span class='ocrx_word' id='word_1_393' title='bbox 1031 2115 1176 2163; x_wconf 86' lang='lat' dir='ltr'><strong>quidem</strong></span> <span class='ocrx_word' id='word_1_394' title='bbox 1195 2128 1318 2160; x_wconf 88' lang='lat' dir='ltr'><strong>sensu,</strong></span> <span class='ocrx_word' id='word_1_395' title='bbox 1342 2115 1591 2162; x_wconf 89' lang='lat' dir='ltr'><strong>comprobatur</strong></span> <span class='ocrx_word' id='word_1_396' title='bbox 1604 2141 1614 2159; x_wconf 94' lang='lat'>,</span> 
     </span>
     <span class='ocr_line' id='line_1_77' title="bbox 930 2167 1617 2219; baseline -0.004 -15"><span class='ocrx_word' id='word_1_397' title='bbox 930 2168 1155 2219; x_wconf 26' lang='lat' dir='ltr'><strong>quamqsoedae</strong></span> <span class='ocrx_word' id='word_1_398' title='bbox 1170 2195 1180 2213; x_wconf 87' lang='lat'>‚</span> <span class='ocrx_word' id='word_1_399' title='bbox 1213 2181 1320 2214; x_wconf 88' lang='lat' dir='ltr'><strong>quam</strong></span> <span class='ocrx_word' id='word_1_400' title='bbox 1336 2180 1452 2215; x_wconf 81' lang='lat' dir='ltr'><strong>pravae</strong></span> <span class='ocrx_word' id='word_1_401' title='bbox 1475 2181 1494 2203; x_wconf 87' lang='lat' dir='ltr'><strong>e</strong></span> <span class='ocrx_word' id='word_1_402' title='bbox 1518 2167 1617 2213; x_wconf 87' lang='lat' dir='ltr'><strong>prelo</strong></span> 
     </span>
     <span class='ocr_line' id='line_1_78' title="bbox 930 2220 1617 2269; baseline -0.004 -13"><span class='ocrx_word' id='word_1_403' title='bbox 930 2222 1086 2269; x_wconf 89' lang='lat' dir='ltr'><strong>primum</strong></span> <span class='ocrx_word' id='word_1_404' title='bbox 1101 2220 1248 2256; x_wconf 72' lang='lat' dir='ltr'><strong>exierint</strong></span> <span class='ocrx_word' id='word_1_405' title='bbox 1262 2247 1272 2266; x_wconf 89' lang='lat'>‚</span> <span class='ocrx_word' id='word_1_406' title='bbox 1297 2233 1408 2267; x_wconf 88' lang='lat' dir='ltr'><strong>quum</strong></span> <span class='ocrx_word' id='word_1_407' title='bbox 1421 2220 1477 2254; x_wconf 85' lang='lat' dir='ltr'><strong>vix</strong></span> <span class='ocrx_word' id='word_1_408' title='bbox 1497 2226 1617 2254; x_wconf 86' lang='lat' dir='ltr'><strong>tanto-</strong></span> 
     </span>
     <span class='ocr_line' id='line_1_79' title="bbox 930 2273 1617 2321; baseline -0.004 -12"><span class='ocrx_word' id='word_1_409' title='bbox 930 2288 1012 2310; x_wconf 83' lang='lat' dir='ltr'><strong>rum</strong></span> <span class='ocrx_word' id='word_1_410' title='bbox 1034 2273 1259 2310; x_wconf 90' lang='lat' dir='ltr'><strong>Medicorum</strong></span> <span class='ocrx_word' id='word_1_411' title='bbox 1283 2285 1350 2321; x_wconf 88' lang='lat' dir='ltr'><strong>ope</strong></span> <span class='ocrx_word' id='word_1_412' title='bbox 1375 2273 1497 2309; x_wconf 89' lang='lat' dir='ltr'><strong>collata</strong></span> <span class='ocrx_word' id='word_1_413' title='bbox 1519 2285 1617 2307; x_wconf 89' lang='lat' dir='ltr'><strong>resa-</strong></span> 
     </span>
     <span class='ocr_line' id='line_1_80' title="bbox 930 2324 1616 2371; baseline -0.004 -8"><span class='ocrx_word' id='word_1_414' title='bbox 930 2327 1086 2363; x_wconf 89' lang='lat' dir='ltr'><strong>nuerint.</strong></span> <span class='ocrx_word' id='word_1_415' title='bbox 1113 2328 1181 2362; x_wconf 66' lang='lat' dir='ltr'><strong>Vis</strong></span> <span class='ocrx_word' id='word_1_416' title='bbox 1196 2325 1273 2362; x_wconf 90' lang='lat' dir='ltr'><strong>dico</strong></span> <span class='ocrx_word' id='word_1_417' title='bbox 1283 2352 1293 2371; x_wconf 85' lang='lat'><strong>,</strong></span> <span class='ocrx_word' id='word_1_418' title='bbox 1310 2332 1346 2363; x_wconf 87' lang='lat' dir='ltr'><strong>et</strong></span> <span class='ocrx_word' id='word_1_419' title='bbox 1361 2326 1439 2371; x_wconf 77' lang='lat' dir='ltr'><strong>jure</strong></span> <span class='ocrx_word' id='word_1_420' title='bbox 1453 2324 1616 2371; x_wconf 88' lang='lat' dir='ltr'><strong>quidem:</strong></span> 
     </span>
     <span class='ocr_line' id='line_1_81' title="bbox 931 2378 1614 2426; baseline -0.004 -12"><span class='ocrx_word' id='word_1_421' title='bbox 931 2386 1018 2426; x_wconf 89' lang='lat' dir='ltr'><strong>quot</strong></span> <span class='ocrx_word' id='word_1_422' title='bbox 1033 2379 1150 2424; x_wconf 86' lang='lat' dir='ltr'><strong>enim,</strong></span> <span class='ocrx_word' id='word_1_423' title='bbox 1169 2385 1222 2414; x_wconf 89' lang='lat' dir='ltr'><strong>tot</strong></span> <span class='ocrx_word' id='word_1_424' title='bbox 1236 2379 1309 2424; x_wconf 82' lang='lat' dir='ltr'><strong>jam</strong></span> <span class='ocrx_word' id='word_1_425' title='bbox 1331 2378 1479 2414; x_wconf 78' lang='lat' dir='ltr'><strong>feliciter</strong></span> <span class='ocrx_word' id='word_1_426' title='bbox 1495 2390 1614 2412; x_wconf 88' lang='lat' dir='ltr'><strong>emen-</strong></span> 
     </span>
     <span class='ocr_line' id='line_1_82' title="bbox 931 2427 1615 2478; baseline -0.006 -11"><span class='ocrx_word' id='word_1_427' title='bbox 931 2432 1020 2467; x_wconf 87' lang='lat' dir='ltr'><strong>datis</strong></span> <span class='ocrx_word' id='word_1_428' title='bbox 1033 2459 1042 2475; x_wconf 93' lang='lat'>,</span> <span class='ocrx_word' id='word_1_429' title='bbox 1059 2438 1247 2478; x_wconf 86' lang='lat' dir='ltr'><strong>supersunt</strong></span> <span class='ocrx_word' id='word_1_430' title='bbox 1258 2429 1480 2466; x_wconf 89' lang='lat' dir='ltr'><strong>emendanda</strong></span> <span class='ocrx_word' id='word_1_431' title='bbox 1490 2455 1500 2473; x_wconf 93' lang='lat'>,</span> <span class='ocrx_word' id='word_1_432' title='bbox 1519 2436 1557 2463; x_wconf 87' lang='lat' dir='ltr'><strong>ut</strong></span> <span class='ocrx_word' id='word_1_433' title='bbox 1571 2427 1615 2463; x_wconf 91' lang='lat' dir='ltr'><strong>ad</strong></span> 
     </span>
     <span class='ocr_line' id='line_1_83' title="bbox 932 2481 1617 2530; baseline -0.007 -10"><span class='ocrx_word' id='word_1_434' title='bbox 932 2485 1103 2521; x_wconf 87' lang='lat' dir='ltr'><strong>Ovidium</strong></span> <span class='ocrx_word' id='word_1_435' title='bbox 1117 2510 1127 2528; x_wconf 92' lang='lat'><em>,</em></span> <span class='ocrx_word' id='word_1_436' title='bbox 1152 2484 1244 2530; x_wconf 84' lang='lat' dir='ltr'><strong>justo</strong></span> <span class='ocrx_word' id='word_1_437' title='bbox 1259 2495 1399 2530; x_wconf 89' lang='lat' dir='ltr'><strong>semper</strong></span> <span class='ocrx_word' id='word_1_438' title='bbox 1411 2481 1594 2517; x_wconf 86' lang='lat' dir='ltr'><strong>intervallo</strong></span> <span class='ocrx_word' id='word_1_439' title='bbox 1607 2507 1617 2524; x_wconf 91' lang='lat'>‚</span> 
     </span>
     <span class='ocr_line' id='line_1_84' title="bbox 932 2532 1619 2583; baseline -0.007 -11"><span class='ocrx_word' id='word_1_440' title='bbox 932 2535 1122 2583; x_wconf 85' lang='lat' dir='ltr'><strong>aliquando</strong></span> <span class='ocrx_word' id='word_1_441' title='bbox 1131 2534 1312 2572; x_wconf 85' lang='lat' dir='ltr'><strong>accedant!</strong></span> <span class='ocrx_word' id='word_1_442' title='bbox 1330 2534 1522 2578; x_wconf 76' lang='lat' dir='ltr'><strong>Caeterum,</strong></span> <span class='ocrx_word' id='word_1_443' title='bbox 1534 2532 1619 2579; x_wconf 82' lang='lat' dir='ltr'><strong>quid</strong></span> 
     </span>
     <span class='ocr_line' id='line_1_85' title="bbox 931 2586 1616 2631; baseline -0.006 -7"><span class='ocrx_word' id='word_1_444' title='bbox 931 2603 972 2625; x_wconf 86' lang='lat' dir='ltr'><strong>ea</strong></span> <span class='ocrx_word' id='word_1_445' title='bbox 988 2589 1031 2624; x_wconf 91' lang='lat' dir='ltr'><strong>de</strong></span> <span class='ocrx_word' id='word_1_446' title='bbox 1046 2602 1084 2623; x_wconf 91' lang='lat' dir='ltr'><strong>re</strong></span> <span class='ocrx_word' id='word_1_447' title='bbox 1098 2588 1261 2631; x_wconf 86' lang='lat' dir='ltr'><strong>sentiam,</strong></span> <span class='ocrx_word' id='word_1_448' title='bbox 1272 2587 1380 2622; x_wconf 86' lang='lat' dir='ltr'><strong>libere</strong></span> <span class='ocrx_word' id='word_1_449' title='bbox 1392 2593 1428 2621; x_wconf 86' lang='lat' dir='ltr'><strong>et</strong></span> <span class='ocrx_word' id='word_1_450' title='bbox 1439 2599 1480 2621; x_wconf 83' lang='lat' dir='ltr'><strong>ex</strong></span> <span class='ocrx_word' id='word_1_451' title='bbox 1497 2586 1616 2621; x_wconf 89' lang='lat' dir='ltr'><strong>animo</strong></span> 
     </span>
     <span class='ocr_line' id='line_1_86' title="bbox 932 2638 1619 2688; baseline -0.004 -12"><span class='ocrx_word' id='word_1_452' title='bbox 932 2641 1060 2688; x_wconf 91' lang='lat' dir='ltr'><strong>protuli</strong></span> <span class='ocrx_word' id='word_1_453' title='bbox 1077 2667 1086 2685; x_wconf 87' lang='lat'><strong>,</strong></span> <span class='ocrx_word' id='word_1_454' title='bbox 1114 2653 1274 2676; x_wconf 86' lang='lat' dir='ltr'><strong>concessa</strong></span> <span class='ocrx_word' id='word_1_455' title='bbox 1285 2666 1295 2685; x_wconf 89' lang='lat'>‚</span> <span class='ocrx_word' id='word_1_456' title='bbox 1328 2646 1368 2675; x_wconf 80' lang='lat' dir='ltr'><strong>ut</strong></span> <span class='ocrx_word' id='word_1_457' title='bbox 1394 2638 1494 2676; x_wconf 85' lang='lat' dir='ltr'><strong>decet</strong></span> <span class='ocrx_word' id='word_1_458' title='bbox 1507 2665 1517 2685; x_wconf 89' lang='lat'><strong>,</strong></span> <span class='ocrx_word' id='word_1_459' title='bbox 1546 2638 1619 2674; x_wconf 82' lang='lat' dir='ltr'><strong>aliis</strong></span> 
     </span>
     <span class='ocr_line' id='line_1_87' title="bbox 933 2692 1418 2732; baseline -0.002 -3"><span class='ocrx_word' id='word_1_460' title='bbox 933 2694 1032 2729; x_wconf 87' lang='lat' dir='ltr'><strong>aliter</strong></span> <span class='ocrx_word' id='word_1_461' title='bbox 1058 2693 1232 2732; x_wconf 80' lang='lat' dir='ltr'><strong>sentiendi</strong></span> <span class='ocrx_word' id='word_1_462' title='bbox 1249 2692 1418 2729; x_wconf 82' lang='lat' dir='ltr'><strong>facultate.</strong></span> 
     </span>
    </p>
   </div>
  </div>
 </body>
</html>
