1884 3112
314 239 341 294 4
803 237 1156 282 EPISTOLA
1187 239 1227 283 1.

374 331 461 388 Vix
484 330 682 378 Priamus
707 329 838 385 tanti,
866 341 1042 394 totaque
1066 330 1201 394 Troja
1228 329 1326 378 suit.

311 410 353 456 Ο
374 407 541 456 utinam
561 418 686 462 tunc,
711 423 810 452 cum
828 405 1142 453 Lacedaemona
1163 405 1297 454 classe
1320 408 1516 473 petebat,
1701 426 1722 459 5

374 484 577 532 Obrutus
596 480 760 528 insanis
783 492 896 528 esset
914 480 1086 529 adulter
1106 482 1231 547 aquis
1250 483 1259 529 !

306 562 410 610 Non
432 578 513 621 ego
536 557 704 605 deserto
720 556 952 622 jacuissem
973 556 1133 619 frigida
1155 557 1268 605 lecto
1286 595 1298 616 ‚

369 638 460 685 Nec
485 652 687 700 quererer
711 632 860 681 tardos
881 633 943 681 ire
964 633 1115 682 relicta
1136 635 1228 682 dies
1245 655 1254 682 :

304 714 396 762 Nec
416 711 547 768 mihi,
573 710 787 776 quaerenti
806 711 1045 776 spatiosam
1067 709 1214 758 fallere
1237 722 1432 767 noctem,

367 790 569 838 Lassaret
587 786 739 835 viduas
759 786 951 852 pendula
973 786 1059 835 tela
1080 807 1248 835 manus.
1681 814 1719 836 ιο

303 865 494 928 Quando
517 882 599 926 ego
620 882 713 911 non
731 863 858 910 timui
880 864 1076 925 graviora
1096 862 1289 930 pericula
1312 864 1457 912 veris?

367 943 456 989 Res
479 952 546 988 est
567 939 744 988 solliciti
765 939 895 1006 plena
918 940 1088 987 timoris
1112 958 1244 988 amor.

301 1021 354 1067 In
376 1030 417 1066 te
438 1017 658 1080 fingebam
678 1017 897 1065 violentos
918 1018 1058 1064 Troas
1078 1015 1246 1063 ituros:

363 1095 554 1144 Nomine
574 1096 622 1142 in
643 1096 863 1143 Hectoreo
885 1093 1048 1160 pallida
1070 1111 1241 1159 semper
1263 1110 1391 1140 cram.

301 1172 400 1219 Sive
423 1171 522 1236 quis
542 1169 831 1219 Antilochum
851 1171 1057 1218 narrabat
1077 1171 1132 1218 ab
1159 1171 1348 1218 Hectore
1370 1169 1532 1216 victum
1545 1206 1556 1226 ,
1675 1185 1712 1218 15

364 1247 629 1298 Antilochus
651 1248 795 1295 nostri
816 1266 945 1295 causa
964 1247 1134 1295 timoris
1154 1259 1257 1296 erat.

300 1366 373 1403 cet,
408 1362 467 1408 qui
482 1361 550 1396 hoc
564 1362 634 1407 ipse
656 1361 785 1407 optime
802 1361 929 1395 sciebat
947 1375 976 1395 ».

302 1413 413 1459 Quod
442 1419 659 1459 postremum
693 1413 859 1458 arripiens
882 1412 979 1446 Bur-

299 1479 451 1500 mannus
464 1492 473 1509 ,
493 1478 557 1510 pro
570 1469 675 1504 cede,
694 1463 882 1509 legendum
895 1477 975 1498 con-

298 1518 379 1562 iecit
388 1531 455 1563 pet
464 1522 507 1551 te.
524 1516 600 1562 Ego
614 1516 791 1562 vulgarem
811 1524 850 1551 ut
862 1516 975 1551 lectio-

299 1581 402 1612 nem,
425 1569 474 1603 ita
490 1568 750 1602 distinctionem
767 1567 974 1602 servandam

299 1627 392 1666 puto.
419 1620 548 1654 Sensus
571 1624 622 1652 est
645 1630 652 1652 :
679 1619 745 1650 hoc
774 1624 862 1652 cerie
887 1619 973 1653 mihi

299 1685 372 1706 non
390 1671 528 1716 objicies
553 1670 701 1714 Troiam
726 1668 838 1703 adhuc
863 1675 972 1711 stare;

299 1724 446 1769 Troiam
467 1722 571 1757 etiam
589 1733 677 1755 num
698 1720 735 1754 in
754 1733 854 1754 causa
876 1733 947 1754 esse
961 1746 971 1763 ,

298 1789 362 1811 cur
371 1775 500 1810 reverti
516 1774 559 1808 ad
570 1786 626 1808 me
638 1785 711 1806 non
724 1772 827 1817 possis
841 1785 849 1807 ε
872 1772 974 1816 Troja

297 1829 394 1863 iacet
413 1830 512 1861 cede.
533 1844 576 1852 -·
595 1826 732 1859 Danais
755 1827 865 1858 inm‘m
880 1825 973 1868 puel-

298 1882 343 1913 It‘s
358 1906 367 1919 ‚
409 1879 454 1912 ob
487 1877 689 1911 diuturnam
728 1876 935 1910 maritorum
959 1901 969 1919 ‚

299 1931 386 1965 dum
398 1930 493 1964 illam
508 1927 724 1971 obsiderent,
749 1927 950 1962 absentiam.

342 1983 374 2026 4.
403 1983 470 2016 Vt‘x
482 1982 635 2014 Priamus
647 1982 810 2013 tantc‘etc.
825 1979 877 2013 Ut
892 1987 971 2014 tan-

299 2033 359 2067 diu
370 2032 455 2066 absis
465 2058 474 2076 ,
483 2031 661 2066 nimirum.
669 2031 810 2065 Frustra
823 2031 927 2076 igitur
933 2044 969 2065 se

299 2090 460 2118 exercent
473 2083 511 2117 in
525 2083 591 2117 hoc
604 2082 680 2116 loco
696 2082 759 2117 viri
775 2081 876 2117 docti.
889 2083 970 2117 Fuit

298 2148 380 2170 cum
394 2141 429 2169 et
451 2147 516 2179 ego
529 2146 668 2168 versum
684 2146 796 2167 unum
809 2134 969 2169 alterum-

300 2200 367 2232 que
382 2186 540 2221 excidisse
553 2186 758 2231 suspicarer;
781 2185 840 2221 sed
854 2186 967 2221 nullus

299 2239 432 2274 excidit.
451 2239 583 2273 Hmns.

343 2293 373 2325 5.
400 2292 431 2324 0
441 2293 567 2324 utinam
579 2296 642 2325 etc.
655 2291 678 2324 J
682 2303 741 2325 ure
756 2292 791 2325 in
804 2289 967 2325 Paridem

297 2342 492 2385 invehitur,
509 2341 567 2386 qui
581 2368 590 2385 ‚
611 2355 691 2376 cum
708 2343 884 2377 Helenam
903 2354 967 2375 ra·-

298 2394 412 2440 puerit
424 2420 434 2437 ‚
461 2400 639 2428 tantorum
667 2407 766 2428 causa
794 2394 966 2427 malorum

298 2445 433 2480 exstitit.
450 2445 518 2479 Vel
534 2444 734 2490 incogitanti
756 2445 792 2480 in
809 2452 966 2479 mentem

298 2497 388 2531 redit
421 2497 685 2532 celeberrimum
719 2496 857 2532 Horatii
884 2509 966 2532 car—

299 2561 382 2583 men
396 2575 405 2591 ,
425 2549 441 2582 I
456 2574 465 2592 ‚
485 2548 554 2583 Od.
573 2549 621 2582 13.

392 2601 481 2625 Pastor
494 2610 553 2624 cum
566 2601 675 2625 traheret
686 2606 734 2626 etc.

342 2662 373 2695 9.
395 2648 582 2691 *spatiosam
585 2649 713 2692 fallere
723 2653 860 2683 noctem.
873 2647 965 2683 Oxo-

297 2700 426 2734 niensis
449 2707 484 2734 et
511 2700 780 2743 Lincolniensis,
797 2703 967 2744 spatiosas

299 2757 439 2788 noctes:
460 2751 569 2796 Quod
598 2751 684 2786 mihi
710 2751 966 2796 praeferendum

1041 1360 1179 1396 videtur
1191 1387 1200 1404 ,
1229 1360 1318 1406 quia
1344 1366 1589 1406 praecesserunt
1623 1362 1718 1395 tandi

1040 1415 1138 1456 dt‘es3
1156 1427 1271 1458 neque
1285 1413 1401 1447 nescio
1415 1412 1524 1458 poetis
1537 1424 1625 1458 saepe
1638 1413 1712 1447 sin-

1041 1465 1196 1510 gularem
1211 1477 1401 1499 numerum
1415 1463 1551 1509 probari
1562 1477 1572 1504 ;
1582 1463 1643 1499 sed
1655 1463 1712 1498 hie

1040 1516 1208 1561 pluralem
1222 1514 1461 1561 recipiendum
1475 1527 1599 1549 censeo
1608 1540 1618 1559 ,
1631 1515 1712 1561 quia

1040 1567 1083 1602 de
1098 1568 1199 1612 longa
1215 1567 1367 1601 absentia
1381 1567 1547 1611 queritur.

1083 1619 1135 1652 lta
1147 1619 1383 1658 Burmannus3
1396 1617 1456 1651 sed
1468 1623 1590 1651 contra
1601 1618 1711 1652 Hein-

1037 1667 1077 1702 sii
1087 1668 1296 1703 sententiam
1306 1694 1316 1712 ‚
1329 1668 1371 1702 ad
1382 1681 1414 1702 v.
1426 1670 1487 1711 243
1501 1668 1560 1713 qui
1573 1668 1625 1702 vir
1635 1681 1708 1704 non

1038 1719 1232 1753 eruditione
1245 1719 1452 1753 Burmanno
1463 1719 1591 1763 minor,
1604 1732 1710 1765 praes-

1038 1777 1087 1805 tat
1108 1770 1218 1805 multo
1231 1797 1241 1814 ,
1257 1778 1334 1805 tum
1349 1770 1518 1815 elegantia
1531 1796 1540 1814 ,
1555 1778 1632 1806 tum
1651 1771 1710 1806 in-

1038 1823 1131 1868 genii
1149 1823 1326 1866 acumine,
1342 1829 1376 1856 et
1390 1835 1463 1856 non
1483 1834 1560 1857 rara
1584 1836 1708 1859 emen-

1037 1874 1218 1908 dationum
1242 1874 1411 1909 selicitate.
1440 1873 1647 1910 Adsentitur
1671 1883 1708 1910 et

1036 1925 1193 1971 Lennep.

1083 1979 1132 2011 15.
1155 1978 1229 2011 Sive
1242 1980 1315 2021 quis
1328 1977 1541 2012 Antilochum
1554 1984 1618 2013 etc.
1633 1977 1706 2013 An-

1033 2027 1200 2063 tilochum
1223 2041 1296 2062 non
1321 2028 1363 2062 ab
1385 2028 1539 2063 Hectore
1553 2054 1562 2072 ‚
1577 2028 1638 2063 sed
1660 2029 1704 2064 ab

1034 2080 1181 2115 Aurorae
1210 2080 1280 2114 filio
1310 2080 1506 2113 Memnone
1539 2080 1705 2116 intersec-

1032 2139 1109 2167 tum
1131 2139 1251 2166 auctor
1271 2138 1323 2166 est
1346 2131 1524 2165 Homerus
1538 2156 1548 2175 ,
1569 2130 1638 2166 Od.
1654 2137 1678 2166 Δ
1692 2158 1703 2175 ‚

1037 2185 1119 2228 187;
1146 2196 1251 2228 quem
1273 2182 1380 2217 secuti
1405 2181 1576 2217 Pindarus
1591 2209 1600 2226 ,
1623 2183 1703 2230 Py-

1032 2234 1114 2269 thie.
1124 2246 1163 2269 v1
1173 2261 1182 2278 ‚
1195 2235 1255 2277 28,
1269 2234 1392 2278 aliique
1404 2233 1585 2279 scriptores
1594 2261 1604 2278 ,
1617 2247 1702 2280 quos

1030 2287 1123 2321 inter
1136 2285 1407 2333 mythographus
1417 2312 1426 2329 ‚
1446 2293 1566 2321 auctor
1580 2286 1702 2321 fabulae

1029 2338 1067 2372 in
1078 2338 1276 2373 collectione
1291 2364 1301 2380 ,
1319 2349 1395 2382 quae
1411 2338 1474 2372 sub
1488 2338 1621 2385 Hygini
1635 2350 1703 2372 no-

1030 2390 1126 2424 mine
1149 2389 1400 2424 circumfertur.
1417 2389 1523 2424 Unde
1546 2402 1609 2434 pro
1625 2389 1702 2424 vul-

1031 2448 1107 2487 gata
1127 2441 1273 2475 lectione
1288 2467 1297 2484 ,
1313 2441 1526 2476 Munckerus
1547 2441 1702 2476 Anchia-

1028 2496 1096 2528 lum
1118 2506 1287 2538 reponere
1305 2493 1459 2527 tentabat
1470 2519 1480 2536 ,
1496 2506 1537 2527 ex
1553 2493 1700 2527 Homer.

1031 2545 1071 2579 Il.
1082 2553 1108 2580 N
1119 2571 1128 2587 ,
1146 2546 1223 2585 1853
1240 2546 1529 2589 Amphimachum,
1547 2543 1697 2590 Scoppa,

1030 2609 1049 2630 e
1065 2596 1195 2630 Darete
1213 2597 1365 2644 Phrygio
1378 2622 1387 2639 ,
1403 2608 1474 2640 cap.
1489 2607 1541 2629 ao.

1077 2648 1125 2682 16.
1151 2650 1263 2683 Causa
1284 2651 1410 2682 tt‘mom·
1426 2651 1509 2681 erat.
1533 2647 1698 2682 Francius

1028 2699 1064 2733 in
1082 2712 1143 2733 ora
1160 2699 1284 2734 codicis
1298 2699 1350 2734 sui
1365 2698 1579 2743 conjecerat,
1593 2711 1698 2732 causa

1029 2755 1187 2787 tremotis.
1207 2751 1290 2787 Non
1310 2750 1398 2786 male
1414 2767 1423 2794 i
1439 2762 1515 2795 quae
1528 2763 1592 2786 vox
1607 2762 1694 2795 saepe
