1884 3112
650 223 1127 305 οοΝεοιΑ-Τιοζ

180 381 181 384 =
217 375 220 379 ·
240 346 409 399 Ultima
432 348 492 398 sit
512 348 592 399 fati
613 350 707 400 haec
728 370 899 401 summa
916 352 1095 419 querela
1118 352 1198 402 tui.

174 426 267 478 Iste
287 440 438 496 potest
458 428 642 496 implere
666 428 798 478 dolor
818 429 887 479 vel
909 429 1057 480 secula
1079 442 1201 490 tota,
1230 452 1233 455 ·

241 507 304 555 Et
319 507 474 571 magni
497 506 645 557 luctus
670 507 919 557 obtinuisse
942 507 1103 557 locum.

175 583 315 633 Multi
330 585 377 633 in
402 596 445 635 te
468 586 648 635 amissi:
668 605 774 645 nec,
799 586 872 635 cui
896 597 965 642 tot
987 587 1121 635 turba
1138 586 1388 648 bonorum,

243 662 406 712 Omnis
429 663 502 712 cui
517 664 660 713 virtus
683 663 896 728 contigit,
921 683 1040 713 unus
1059 682 1168 713 eras.
1565 682 1609 715 80

175 739 270 789 Nec
293 741 512 804 genetrice
538 753 616 791 tua
636 741 871 790 fecundior
892 741 985 790 ulla
1007 753 1243 811 parentum
1258 779 1271 801 ‚

237 819 330 867 Tot
347 818 466 868 bona
485 838 568 887 per
588 832 744 887 partus
766 837 864 887 quae
889 819 1012 869 dedit
1034 837 1125 867 una
1146 818 1275 868 duos.

173 896 300 946 Heu!
322 916 404 964 par
421 896 536 946 illud.
557 898 640 946 nbi
658 909 748 957 est,
772 894 960 948 totidem
983 897 1230 948 virtutibus
1255 917 1431 966 aequum
1449 900 1468 947 Ρ

236 975 298 1022 Et
319 993 506 1024 concors
528 974 692 1042 pietas,
717 994 799 1024 nec
818 975 1054 1025 dubitatus
1078 977 1238 1025 amor?

172 1051 402 1112 Vidimus,
427 1053 671 1102 attonitum
693 1053 888 1103 fraterna
911 1066 1080 1113 morte,
1104 1056 1329 1104 Neronem
1567 1071 1611 1107 85

235 1128 410 1180 Pallida
430 1131 653 1198 promissa
671 1130 775 1181 flere
796 1150 879 1199 per
901 1151 980 1181 ora
1003 1124 1155 1191 coina,

174 1207 536 1276 Dissimilemque
563 1209 656 1268 sui,
681 1209 810 1259 vultu
834 1210 1299 1278 profitente‘dolorem
1320 1231 1331 1260 :

240 1285 328 1335 Hei
350 1286 485 1335 mihi!
511 1305 644 1354 quam
667 1298 766 1336 toto
792 1287 941 1338 luctus
965 1288 1013 1336 in
1035 1307 1110 1337 ore
1132 1288 1252 1337 fuit?

173 1363 247 1412 Tu
271 1375 419 1413 tamen
442 1376 639 1414 extremo
656 1366 927 1415 moriturum
952 1377 1152 1432 tempore
1174 1365 1356 1415 fratrem

239 1440 431 1500 Vidisti;
456 1440 657 1491 lacrimas
680 1443 794 1491 vidit
815 1455 861 1492 et
882 1442 957 1492 ille
983 1455 1109 1502 tuas3
1570 1471 1614 1504 90

174 1518 416 1588 Adfigique
441 1521 535 1570 suis
554 1521 752 1571 moriens
776 1534 852 1571 tua
876 1533 1058 1589 pectora
1080 1522 1242 1581 sensit,
1364 1521 1365 1524 '

238 1597 301 1647 Et
323 1598 469 1648 tenuit
489 1597 618 1648 vultu
640 1598 810 1649 lumina
831 1599 920 1649 fixa
942 1612 1021 1649 tuo
1042 1619 1054 1659 ;

172 1675 388 1736 Lumina,
413 1675 599 1726 caerulea
616 1676 707 1743 jam
727 1678 906 1745 jamque
925 1678 1124 1727 natantia
1140 1689 1315 1736 morte3

237 1755 448 1815 Lumina,
473 1754 689 1806 statemas
709 1756 800 1822 jam
824 1756 1031 1807 subitura
1049 1775 1221 1806 manus.

171 1872 244 1906 quo
265 1866 426 1900 mortuos
449 1859 588 1895 ciebant
603 1887 612 1903 ,
635 1860 779 1907 proprio
799 1873 859 1896 eos

170 1912 319 1950 nomine
333 1919 496 1949 vocantes
506 1928 515 1956 ;
526 1913 622 1948 unde
635 1914 861 1949 vocanturle-

172 1965 331 2014 gendum
338 1965 436 2011 sbrie
445 1965 618 2002 censebat.
629 1965 795 2013 Micyllus
805 1979 861 2001 ve-

173 2031 215 2053 ro
228 2044 238 2062 ,
256 2017 300 2053 de
317 2018 424 2053 titulis
442 2025 478 2054 et
493 2017 697 2053 nominibus
716 2017 862 2064 magni-

173 2069 249 2106 ficis
272 2082 350 2117 quae
377 2070 449 2117 jam
475 2069 540 2104 sibi
564 2069 703 2105 Drusus
733 2069 863 2104 virtute

173 2128 366 2170 paraverat.
381 2123 512 2157 Ultima
521 2122 725 2168 sitsatihoec
733 2134 864 2156 summa

174 2177 310 2221 querela
325 2178 386 2210 tui.
400 2174 513 2220 Optat
528 2181 631 2221 poeta
644 2201 653 2218 ,
668 2180 708 2209 ut
727 2176 864 2219 querela

175 2229 247 2262 hec
257 2226 388 2273 desolo
398 2227 508 2263 Drusi
519 2226 562 2262 sit
573 2225 718 2262 tandem
728 2228 860 2268 ultima,

177 2292 291 2325 quum
317 2286 370 2315 tot
396 2292 516 2315 secum
546 2280 640 2314 bona
673 2278 862 2314 abstulerit.

177 2329 394 2367 Tentaverat
403 2330 488 2366 olim
501 2330 669 2366 Heinsius
683 2357 693 2375 ,
710 2330 770 2366 sed
787 2343 862 2365 non

176 2397 257 2429 sua,
277 2391 317 2419 ut
331 2383 419 2419 mihi
434 2383 593 2427 videtur,
609 2384 775 2418 fortuna:

177 2444 267 2477 Cedis,
276 2445 442 2470 minctum
449 2449 495 2470 tua
501 2444 617 2476 nomina,
627 2445 723 2475 Druse,
729 2443 861 2479 legantur.

209 2493 314 2519 Ultima
325 2494 447 2531 sit-factis
456 2493 544 2519 laeaecce
555 2493 661 2528 querela
672 2494 723 2519 tuis
734 2494 746 2518 !

224 2557 276 2590 77.
297 2544 370 2578 Isie
380 2546 499 2588 potest
518 2545 657 2588 implere
679 2544 779 2578 dolor
796 2550 861 2579 etc.

179 2593 302 2642 Friget
325 2594 520 2630 admodum
545 2595 657 2630 oratio
680 2595 723 2630 ad
741 2609 773 2630 v.
794 2596 836 2631 83
850 2623 860 2641 ,

180 2649 261 2695 quia
284 2648 422 2696 longius
446 2649 540 2684 Naso
563 2649 774 2685 immoratur
787 2676 797 2694 ‚
824 2650 862 2685 in

179 2701 374 2737 evolvenda
386 2715 458 2737 una
469 2701 663 2748 eademque
678 2696 863 2738 sententia.

225 2768 277 2804 79.
303 2757 371 2790 Cui
383 2759 434 2789 lot
451 2756 548 2789 turba
569 2756 726 2790 bonorum
745 2758 863 2790 conti-

177 2809 232 2851 git
245 2814 309 2844 etc.
326 2808 397 2843 Tot
412 2807 468 2844 cui
484 2806 628 2843 virtutes
646 2807 859 2855 obtigerant:

927 1874 970 1896 ex
1005 1860 1256 1896 emendatione
1294 1860 1462 1906 scaligeri
1483 1874 1493 1903 ς
1530 1874 1613 1896 nam

926 1911 1022 1957 prius
1036 1911 1238 1957 legebatur,
1259 1915 1312 1945 tot
1326 1912 1431 1946 verba
1444 1914 1615 1948 bonorum.

928 1963 1000 1999 Sed
1028 1963 1286 1998 correctionem
1311 1964 1355 1999 N.
1381 1964 1549 1999 Heinsius
1575 1964 1613 2002 in

929 2023 1065 2051 textum
1082 2015 1238 2063 recipere
1254 2015 1403 2051 minime
1420 2015 1612 2061 dubitavit,

930 2075 966 2103 et
978 2067 1155 2103 transtulit
1168 2094 1177 2111 ‚
1195 2074 1236 2102 ut
1246 2067 1397 2104 vidimus
1409 2094 1420 2113 ‚
1439 2069 1489 2103 le
1501 2071 1614 2111 Cloe,

929 2120 973 2155 ad
992 2133 1135 2156 versum
1158 2120 1212 2164 43.

973 2173 1026 2208 83.
1048 2174 1126 2207 Heu
1144 2171 1154 2206 ,⁷
1175 2185 1246 2216 par
1269 2173 1362 2206 illud
1383 2174 1445 2207 ubi
1466 2176 1524 2207 est
1551 2180 1618 2209 etc.

928 2218 1096 2260 Fratrum
1112 2223 1241 2259 scilicet
1253 2250 1263 2268 ,
1286 2223 1420 2260 Tiberii
1435 2230 1471 2260 et
1484 2223 1612 2267 Drusi,

929 2291 1016 2325 quos
1042 2277 1177 2314 eaedem
1202 2277 1420 2312 exornabant
1442 2277 1588 2313 virtutes
1606 2304 1615 2321 ‚

928 2339 965 2367 et
992 2331 1208 2367 indubitatus
1245 2344 1347 2366 amor
1374 2330 1489 2366 adhue
1520 2344 1614 2367 con-

929 2385 1103 2430 junxerat.

972 2437 1024 2485 89.
1054 2438 1106 2472 Tu
1124 2440 1237 2471 tamen
1260 2440 1410 2472 extremo
1424 2439 1616 2471 moriturum

929 2494 1075 2535 tempoae
1084 2489 1233 2534 fratrem
1257 2496 1321 2524 etc.
1356 2489 1538 2524 Tibullum
1559 2489 1615 2524 hic

930 2556 1093 2589 agnoscas
1106 2570 1115 2587 ,
1142 2542 1198 2578 vel
1218 2543 1333 2588 ipsum
1355 2541 1528 2578 Ovidium
1551 2542 1617 2577 Ti-

927 2597 1011 2632 bulli
1029 2597 1081 2632 sui
1097 2596 1290 2632 deflentem
1303 2597 1498 2632 interitum.
1516 2597 1613 2632 Vere

928 2650 1003 2686 haec
1012 2651 1133 2698 Elegia
1144 2657 1196 2686 est
1205 2678 1214 2696 ,
1230 2664 1374 2686 carmen
1382 2664 1463 2686 vere
1475 2649 1590 2686 flebile
1603 2678 1612 2694 ‚

929 2703 1024 2749 quod
1056 2702 1186 2749 legenti
1224 2702 1328 2738 fletus
1361 2715 1487 2749 parum
1521 2703 1616 2738 abest

929 2755 1015 2802 quin
1034 2755 1156 2790 eliciat.
1455 2755 1457 2757 ’

973 2823 993 2855 9
1000 2810 1027 2853 4.
1046 2810 1191 2846 Lumina
1191 2809 1372 2855 smlemas
1374 2810 1454 2855 jam
1465 2822 1503 2845 su
1507 2812 1575 2844 bitu
1579 2823 1616 2842 ra
