1884 3112
342 256 430 300 306

771 254 1124 300 EPISTOLA
1160 256 1304 302 XVI.

401 351 454 398 I'n
480 348 642 416 quibus
664 346 858 396 Ilioneus
873 384 885 405 ‚
911 346 1264 414 Deiphobusque
1287 347 1384 396 fuit.

1681 365 1746 400 360

340 428 456 476 Neve
480 437 628 492 putes,
653 443 745 471 non
767 442 859 481 me,
886 422 973 471 nisi
998 422 1220 481 cominus,
1246 441 1338 473 esse
1362 424 1627 474 timendum:

404 503 576 565 Figitur
597 502 644 549 in
665 501 788 567 jusso
811 511 964 548 nostra
986 501 1145 563 sagitta
1166 499 1279 549 loco.

338 581 456 629 Num
477 590 603 645 potes
626 578 717 626 haee
739 576 805 624 illi
827 577 978 643 primae
1002 577 1102 625 dare
1120 576 1233 625 faeta
1250 578 1473 643 juventae?

404 657 622 704 Instruere
644 654 829 702 Atriden
852 653 1110 720 num'potes
1129 666 1219 702 arte
1236 656 1362 704 mea?

342 733 503 783 Omnia
526 732 563 781 si
587 731 777 790 dederis,
803 731 1019 797 numquid
1043 731 1169 779 dabis
1193 732 1384 780 Hectora
1401 732 1606 782 fratrem?

1679 749 1744 784 365

403 811 531 859 Unus
555 809 592 857 is
615 807 834 857 innumeri
856 807 1010 856 militis
1034 807 1173 856 instar
1195 808 1341 857 habet.

334 949 404 971 rum
418 949 552 979 genere,
584 937 793 970 contenderit
806 946 819 978 ,·
844 936 904 971 ubi
920 935 1008 970 nihil

335 995 386 1023 est
401 987 484 1022 illud
505 991 626 1022 natura
642 998 654 1029 ,·
673 987 816 1033 legerim
828 1014 837 1031 ,
866 990 1009 1022 omnium

335 1043 490 1074 vidulum
504 1044 571 1074 tam
586 1043 728 1081 mulum,
742 1046 781 1074 ut
792 1039 886 1074 idem
899 1039 988 1074 dicat
997 1065 1006 1083 ,

337 1091 432 1136 quod
447 1092 586 1135 Noster,
599 1104 694 1135 poene
703 1104 806 1135 puer:
818 1091 864 1125 ita
878 1091 934 1125 lib.
949 1102 1006 1135 VI,

337 1141 409 1190 cap.
430 1146 449 1178 5
467 1156 475 1179 :
491 1145 674 1188 Numquam
694 1147 775 1177 unte
798 1156 870 1177 eum
897 1137 1008 1178 Athe'-

334 1199 466 1229 aienses
479 1198 570 1230 inter
579 1199 630 1230 tot
638 1198 812 1240 tantosque
824 1197 936 1235 duces,
948 1198 1011 1229 aut

333 1250 410 1291 spei
421 1247 558 1292 majoris
569 1273 578 1288 ,
599 1251 661 1280 aut
674 1249 799 1281 indolis
819 1249 1008 1281 maturioris

332 1302 562 1343 imperatorem
568 1300 760 1332 babuerunt.
781 1300 882 1333 Vario
894 1297 1007 1343 legen-

336 1350 423 1386 dum
434 1363 571 1396 quoque
588 1349 739 1385 ostendit
754 1350 900 1384 imitatio
919 1350 1007 1384 Pin-

338 1402 412 1437 dari
431 1403 546 1438 nescio
561 1403 678 1447 cujus,
698 1402 734 1436 in
757 1401 849 1447 Epit.
867 1402 905 1436 Il.
923 1402 1009 1436 260:

468 1479 500 1488 0..
515 1462 571 1488 Ubi
581 1471 649 1487 nunc
660 1463 729 1487 vires
736 1480 744 1492 ,
757 1461 802 1486 ubi
810 1462 911 1494 cognita
920 1461 994 1486 nohis

336 1512 471 1538 Ludorum
482 1510 612 1545 quondam
623 1512 697 1536 vario
708 1510 845 1535 certamine
857 1510 897 1536 vis
908 1510 965 1534 est?
974 1510 1006 1535 B.

378 1561 453 1595 360.
475 1562 517 1594 In
532 1561 648 1605 quibus
661 1561 827 1600 Ilioneus,
849 1561 1008 1603 Deipho-

335 1614 457 1657 busque
471 1611 556 1656 suit.
582 1610 707 1656 Agitur
727 1610 784 1645 hic
808 1611 851 1645 de
876 1611 1008 1645 Ilioneo

334 1662 544 1699 Phorbantis
555 1667 721 1706 πολυμήλου
735 1662 819 1706 filio,
834 1662 892 1707 qui
907 1675 926 1696 a
939 1663 1010 1698 Pe-

335 1715 436 1751 neleo
449 1742 458 1759 ,
479 1714 564 1749 dum
580 1714 725 1758 Troiam
740 1713 852 1748 Graeci
866 1713 1008 1749 obside—

336 1774 438 1811 rent,
454 1767 582 1801 occisus
597 1765 678 1807 suit;
702 1765 741 1800 Il.
758 1768 783 1801 Ξ
795 1792 805 1810 ,
830 1766 894 1813 489
905 1791 914 1808 ,
935 1778 1009 1810 sqq.

337 1819 420 1855 Fuit
444 1825 479 1853 et
503 1819 588 1853 alter
614 1818 764 1852 Ilioneus
786 1843 795 1860 ,
835 1817 1008 1862 Troianus

337 1871 434 1905 idem
446 1896 456 1914 ,
478 1870 537 1915 qui
559 1869 691 1904 socium
708 1882 742 1903 se
760 1869 883 1904 AEneae
903 1868 1009 1903 addi-

338 1922 454 1966 derat,
467 1934 533 1956 nec
543 1921 748 1966 eloquentiae
758 1921 872 1955 minus
883 1946 891 1964 ,
905 1933 1009 1965 quam

338 1973 466 2008 bellicae
480 1972 616 2007 virtutis
627 1972 728 2007 laude
739 1973 847 2007 clarus
859 1987 867 2013 ;
885 1972 968 2006 AEn.
981 1983 1008 2016 1,

340 2027 404 2060 525
419 2038 427 2066 ;
445 2035 520 2068 vn,
540 2037 622 2065 2125
640 2035 695 2064 lx,
715 2024 789 2071 569.
804 2025 1011 2068 —Deipbo-

340 2079 402 2111 bus
424 2076 556 2111 Priami
578 2088 618 2110 ex
642 2075 787 2110 Hecuba
812 2075 901 2110 filius
913 2101 922 2119 ,
952 2076 1010 2120 qui

340 2130 516 2164 Helenam
527 2154 539 2172 ‚
564 2127 729 2163 exstincto
746 2128 870 2162 Paride
882 2154 891 2168 ,
916 2127 1011 2174 duxit

340 2189 505 2216 uxorem:
518 2192 626 2226 quum
641 2192 723 2214 vero
737 2180 883 2224 Troiam
897 2179 1011 2214 Danai

345 2233 426 2272 dolo
452 2238 674 2276 occupassent
688 2257 697 2275 ,
723 2231 836 2276 ipsum
859 2235 989 2275 egregia
999 2257 1008 2271 ,

340 2291 381 2319 ut
391 2291 490 2319 vocat
499 2310 508 2327 ,
521 2283 661 2327 conjux,
676 2283 839 2318 Menelao
851 2282 991 2317 tradidit
999 2308 1009 2326 ,

342 2335 431 2370 curis
438 2336 634 2369 consectum
642 2341 677 2369 et
687 2341 864 2380 gravatum
872 2345 1008 2377 somno,

341 2387 466 2422 emotis
488 2386 580 2432 prius
603 2386 705 2420 armis
719 2411 728 2428 ,
762 2393 797 2420 et
819 2384 1008 2427 subducto,

343 2440 402 2485 qui
417 2439 619 2474 dormientis
636 2439 736 2484 capiti
753 2438 900 2484 supponi
913 2438 1009 2473 sole-

340 2491 419 2535 bat,
437 2503 537 2534 ense;
556 2492 637 2526 AEn.
649 2502 687 2526 v1
698 2517 707 2534 ,
722 2491 785 2525 526
799 2504 807 2526 :

341 2551 443 2576 Scilicet
453 2550 479 2575 id
486 2559 607 2583 magnum
612 2559 715 2584 sperans
724 2550 777 2575 fore
784 2558 878 2575 munus
886 2550 992 2580 amanti,

343 2600 376 2623 Et
385 2599 478 2624 samam
487 2600 604 2632 extingui
615 2605 730 2624 veterum
740 2599 776 2623 sic
788 2607 862 2632 posse
869 2599 1008 2623 malorum!

346 2647 452 2682 Videt
476 2646 592 2691 hunc,
617 2654 653 2682 et
671 2647 726 2681 vix
747 2647 898 2692 agnoscit
920 2646 1011 2691 apud

347 2698 479 2734 Inseros
495 2700 635 2734 AEneas.
652 2699 738 2733 Ibid.
754 2700 836 2746 495:

629 2760 756 2786 Lucerum
769 2758 905 2784 crudeliter
915 2766 958 2783 oin
970 2767 978 2790 ς

1073 946 1125 971 Ora
1134 964 1143 977 ,
1154 954 1296 980 manusque
1307 945 1394 971 ambas
1404 964 1413 977 ,
1431 947 1602 982 populat-que
1615 953 1728 982 tempora

1171 995 1251 1028 raptis

1072 1042 1205 1075 Auribus,
1224 1050 1250 1068 et
1263 1050 1366 1070 truncas
1378 1044 1510 1072 inhonesto
1523 1047 1630 1072 vulnere
1643 1055 1724 1072 mres.

1073 1091 1217 1127 Fortem
1232 1105 1267 1142 se
1285 1093 1375 1127 bello
1389 1101 1424 1128 et
1444 1101 1627 1129 strenuum
1647 1095 1743 1130 Dei-

1073 1143 1205 1188 phobus
1232 1152 1377 1190 gesserat
1393 1156 1401 1177 :
1428 1146 1522 1181 Iliad.
1546 1154 1578 1183 M
1589 1174 1599 1191 ,
1623 1148 1675 1195 94.
1698 1166 1744 1174 —-

1072 1203 1098 1231 N
1110 1222 1119 1239 ,
1142 1198 1212 1243 ¹59·
1227 1215 1271 1222 —·
1287 1198 1361 1240 402.
1372 1216 1416 1223 —
1431 1200 1503 1242 455.

1115 1248 1189 1283 362.
1202 1250 1243 1282 In
1248 1249 1358 1292 jusso.
1372 1249 1553 1285 claudian.
1568 1262 1620 1296 xv,
1634 1250 1731 1286 Cons

1073 1300 1168 1335 Hon.
1185 1302 1248 1349 529
1266 1313 1275 1336 :

1460 1361 1580 1394 Gertique
1592 1361 1687 1394 petitor

1074 1405 1195 1430 Vulneris
1205 1425 1213 1436 ,
1225 1411 1250 1430 et
1258 1409 1356 1439 jussum
1367 1406 1470 1431 mentiri
1480 1406 1582 1432 nescius
1595 1406 1686 1432 ictum.

1076 1453 1149 1500 Qui
1175 1454 1269 1489 locus
1284 1454 1373 1489 male
1398 1468 1417 1489 a
1439 1455 1562 1490 Delrio
1578 1462 1742 1492 tentatur.

1073 1506 1239 1540 Francius
1248 1506 1393 1552 legebat,
1404 1507 1577 1551 injussum
1584 1508 1741 1543 locumB.

1116 1557 1190 1592 363.
1203 1559 1290 1593 Num
1292 1562 1390 1601 poles
1399 1560 1470 1593 hac
1481 1561 1608 1594 illietc·
1619 1558 1746 1595 Dices«

1072 1622 1117 1644 ne
1147 1610 1350 1645 Menelaum
1367 1611 1415 1646 sic
1430 1625 1450 1646 a
1469 1611 1580 1657 prima
1595 1612 1744 1656 ‘juventa

1072 1662 1266 1698 inclaruisse
1281 1678 1290 1705 ;
1305 1665 1491 1709 poteris-ne
1503 1671 1543 1698 tu
1556 1663 1653 1698 illum
1668 1670 1741 1698 arte

1073 1714 1203 1750 donare
1218 1728 1285 1760 qua
1299 1728 1362 1761 ego
1373 1716 1620 1761 praecellebam,
1632 1715 1743 1750 comi-

1073 1779 1139 1801 nus
1152 1792 1161 1810 ,
1184 1767 1383 1802 eminus—ve
1399 1767 1550 1812 jaculum
1566 1766 1647 1801 dato
1667 1767 1742 1801 loco

1074 1817 1223 1864 figendi?
1231 1818 1323 1863 Quae
1331 1826 1448 1853 tamen
1456 1818 1574 1853 omnia
1582 1818 1610 1853 si
1616 1831 1743 1863 sponso

1073 1870 1290 1913 concesseris,
1301 1883 1374 1904 non
1387 1870 1482 1905 dabis
1495 1877 1588 1905 certe
1599 1871 1742 1905 fratrem

1075 1920 1228 1956 Hectora
1241 1935 1249 1962 ς
1269 1922 1422 1956 Hectora
1432 1947 1441 1964 ,
1459 1922 1520 1966 qui
1533 1934 1624 1956 unus
1636 1921 1742 1956 instar

1075 1973 1261 2017 exercitus,
1286 1980 1320 2008 et
1342 1972 1484 2018 quidem
1498 1973 1685 2008 innumeri.
1698 1992 1743 2000 —

1074 2027 1256 2070 Numquam
1282 2027 1380 2059 dabis
1403 2027 1549 2060 Hectora
1571 2026 1715 2070 fratrem
1729 2026 1741 2061 .'

1074 2096 1118 2104 -
1133 2078 1313 2122 Numquid,
1333 2078 1531 2111 Puteaneus
1545 2082 1580 2112 et
1595 2084 1663 2112 tres
1676 2077 1741 2112 alii.

1075 2128 1182 2173 Epist.
1199 2132 1260 2162 xvi
1276 2155 1286 2172 ,
1307 2142 1320 2162 1
1340 2141 1349 2162 :
1363 2130 1531 2173 Numquid
1540 2133 1580 2162 ut
1590 2132 1742 2174 inspecta

1074 2185 1129 2214 est
1142 2187 1205 2215 etc.
1221 2180 1339 2225 Elegia
1353 2179 1396 2215 de
1410 2180 1507 2215 Nuce
1521 2206 1530 2224 ,
1548 2181 1609 2215 33:

1074 2240 1135 2266 Non
1146 2240 1267 2273 equidem
1285 2239 1388 2266 invideo
1406 2248 1415 2266 ε
1433 2240 1564 2274 numquid
1582 2245 1669 2265 tamon
1688 2240 1741 2265 uun

1171 2289 1262 2314 feritur
1273 2289 1288 2313 ?

1075 2337 1105 2372 F
1106 2344 1166 2372 ast.
1181 2333 1240 2381 Ivi,
1256 2337 1355 2372 initio
1365 2364 1374 2381 ,
1395 2352 1411 2384 7
1426 2350 1435 2371 ε

1073 2395 1180 2421 saucius
1189 2403 1222 2419 an
1236 2403 1312 2420 sannis
1321 2413 1330 2425 ,
1349 2394 1476 2428 numquid
1488 2400 1533 2420 tun
1543 2394 1615 2427 signa
1626 2394 1719 2428 reliqui
1727 2394 1741 2419 ἶ)

1076 2445 1129 2479 Ita
1156 2444 1252 2479 enim
1276 2451 1424 2488 utroque
1448 2443 1524 2478 loco
1548 2456 1589 2478 ex
1603 2441 1741 2488 optimis

1074 2496 1167 2530 libris
1182 2495 1435 2540 reponendum.
1467 2495 1600 2530 HEINS.
1629 2493 1682 2528 Ita
1705 2500 1741 2527 et

1074 2548 1262 2582 Bernensis
1281 2546 1397 2582 codex.

1118 2599 1191 2634 366.
1204 2600 1297 2633 Unus
1302 2602 1334 2632 is
1339 2601 1504 2632 innumeri
1507 2599 1626 2631 militis·
1634 2599 1746 2630 instar

1074 2654 1148 2685 en‘l.
1171 2650 1289 2696 Longe
1302 2649 1489 2695 elegantius
1512 2648 1549 2682 in
1562 2660 1619 2682 sex
1637 2647 1741 2681 codi-

1074 2702 1169 2736 cibus
1182 2728 1191 2745 ‚
1208 2705 1319 2736 instar
1336 2702 1445 2735 babet.
1475 2699 1539 2744 Ep.
1553 2697 1719 2745 Phyllidis
1730 2711 1741 2733 :

1106 2756 1156 2782 Sed
1165 2756 1247 2782 scelus
1257 2755 1303 2780 ho·
1316 2755 1400 2780 meriti
1414 2753 1513 2787 pondus
1524 2758 1550 2779 et
1561 2753 1641 2780 instar
1654 2751 1739 2778 babet.
