1884 3112
321 231 409 292 464

695 239 747 281 Ρ.
787 238 1023 283 OVIDII
1053 237 1354 284 NASONIS

385 330 528 378 Causa
548 327 739 386 habeor,
767 348 901 394 quare
927 329 986 377 sit
1007 328 1235 395 lapidosus
1258 349 1373 393 ager.

321 407 527 472 Dumque
548 416 758 472 repurgat
780 405 987 468 humum,
1013 406 1282 473 collectaque
1308 426 1409 456 saxa
1430 407 1631 468 remittit,
1669 425 1730 460 125

386 485 566 550 Semper
587 483 754 531 habent
774 482 822 530 in
843 502 911 531 me
936 482 1020 532 tela
1043 496 1195 550 parata
1214 484 1305 532 viae.

320 563 441 624 Ergo
465 561 604 609 invisa
624 559 740 618 aliis,
765 560 843 608 uni
865 561 975 608 mihi
999 561 1164 623 frigora
1186 573 1404 628 prosunt:

385 638 469 686 Illo
493 657 561 686 me
586 649 726 686 tutam
749 648 946 704 tempore
970 650 1148 704 praestat
1170 639 1322 687 hiems.

320 715 451 765 Nuda
475 715 651 781 quidem
669 727 775 763 tunc
799 734 923 774 sum;
948 715 1113 768 nudam
1131 728 1275 765 tamen
1299 715 1476 783 expedit
1497 734 1589 764 esse
1608 734 1620 775 ;

384 794 475 841 Nec
499 791 692 858 spolium
716 792 769 841 de
792 811 884 851 me,
911 793 1032 859 quod
1053 804 1195 859 petat,
1220 794 1363 842 hostis
1379 794 1528 843 habet.
1673 806 1733 840 130

320 871 383 919 At
403 869 534 919 simul
556 869 781 918 induimus
799 870 966 918 nostris
988 890 1067 919 sua
1090 890 1271 922 munera
1291 871 1445 930 ramis,

386 946 497 995 Saxa
520 966 662 995 novos
687 947 856 996 fructus
883 947 1092 1010 grandine
1117 948 1245 1015 plura
1267 961 1437 1015 petunt.

322 1023 525 1071 Forsitan
550 1024 623 1072 hic
646 1024 805 1090 aliquis
829 1024 945 1073 dicat
967 1045 976 1073 :
1004 1045 1100 1091 quae
1120 1026 1299 1092 publica
1320 1036 1528 1089 tangunt,

390 1101 578 1166 Carpere
602 1120 862 1150 concessum
884 1114 951 1150 est
974 1122 984 1150 :
1004 1102 1091 1151 hoc
1113 1104 1182 1151 via
1197 1103 1308 1168 juris
1326 1103 1473 1151 habet.

325 1176 373 1225 Si
397 1177 499 1226 licet
521 1178 627 1236 hoc,
655 1177 771 1227 oleas
796 1178 1043 1242 distringite
1065 1199 1074 1227 :
1096 1180 1245 1228 caedite
1268 1199 1452 1239 messes,
1681 1192 1753 1244 ¹³⁵,

389 1255 620 1322 Improbe!
645 1256 838 1304 vicinum
861 1275 1010 1323 carpe,
1035 1257 1200 1316 viator,
1226 1257 1336 1306 olus.

375 1392 445 1435 124.
472 1392 585 1425 Causa
599 1393 730 1426 habeor.
749 1391 876 1426 Tibull.
894 1391 951 1426 lib.
967 1403 982 1427 1
993 1418 1004 1437 ,

329 1442 426 1488 Eleg.
443 1452 488 1476 111
499 1468 508 1486 ‚
531 1457 567 1490 ¹7
582 1456 589 1478 :

329 1502 384 1527 Aut
396 1511 442 1535 ego
453 1511 511 1527 sum
523 1509 660 1536 causatus,
671 1513 731 1529 aves
742 1503 804 1529 dant
818 1504 902 1529 omina
912 1505 968 1530 dira
979 1524 989 1537 ‚

364 1551 469 1576 Saturni
481 1556 525 1576 aut
539 1560 637 1576 sacram
650 1561 691 1576 me
703 1552 818 1578 tenuisse
829 1554 910 1579 diem.

332 1600 499 1635 Francius
520 1600 692 1645 malebat,
717 1615 823 1636 causa
834 1603 940 1647 seror.
964 1622 1009 1630 —-

332 1655 447 1688 Causa
479 1656 606 1688 habeor
629 1667 731 1699 quare
759 1659 809 1688 sit
834 1658 1008 1700 lapidosus

330 1718 418 1750 ager.
442 1705 472 1739 E
489 1706 653 1750 conjectis
669 1707 705 1740 in
721 1720 850 1742 nucem
867 1709 962 1743 saxis.

378 1758 448 1792 125.
472 1760 612 1793 Habent
618 1762 656 1793 in
666 1772 728 1793 me.
744 1761 885 1794 Habent
894 1763 1010 1795 media·

331 1811 502 1857 cogitabat
534 1811 720 1856 aliquando
759 1813 936 1848 Heinsius.
966 1833 1011 1840 -—

333 1865 469 1908 Semper
483 1865 610 1897 babent
623 1867 660 1898 ιἰι
674 1878 726 1899 me
746 1871 810 1899 etc.
837 1864 925 1899 Saxa
941 1865 1009 1900 scil.

334 1927 411 1959 quae
428 1913 592 1949 dominus
607 1915 701 1960 agri,
726 1915 811 1950 dum
833 1921 1008 1961 repurgat,

334 1966 371 2000 in
392 1965 483 2000 viam
498 1966 654 2001 remittit.

380 2017 450 2051 128.
472 2019 539 2051 Illo
559 2031 611 2052 me
628 2022 744 2053 tutam.
767 2019 809 2053 In
833 2019 1012 2055 nonnullis

335 2069 528 2115 impressis,
546 2073 607 2104 illo
629 2084 672 2105 ne
692 2076 838 2107 metuam
859 2076 1012 2116 tempore.

336 2123 366 2157 F
366 2131 449 2157 ABR.
470 2123 598 2169 Scripti
613 2125 796 2169 nonnulli,
814 2127 880 2160 Illo
892 2130 932 2159 ut
947 2139 1012 2160 non

337 2180 490 2210 metuam.
507 2176 612 2210 Forte
625 2203 635 2220 ,
648 2178 714 2211 Illo
723 2203 732 2217 ‚
752 2190 794 2211 ne
804 2181 957 2212 metuam.

383 2228 455 2262 131.
477 2229 545 2262 Sua
562 2231 697 2263 vellera.
718 2229 761 2263 In
778 2230 941 2264 omnibus
957 2229 1013 2264 ad-

336 2278 406 2314 huc
426 2279 600 2324 impressis
622 2281 873 2326 exemplaribus
888 2281 1014 2328 legitur

338 2338 398 2365 aut
417 2333 543 2365 vellem
556 2358 566 2375 ‚
598 2338 657 2365 aut
684 2335 844 2377 vulnera‚·
864 2332 924 2367 sed
950 2332 1006 2367 de-

338 2390 477 2428 pravata
495 2390 547 2417 est
571 2382 675 2418 dictio
691 2393 699 2415 τ
716 2383 903 2430 legendum
918 2384 1014 2419 enim

338 2443 390 2470 est
403 2463 412 2480 ‚
443 2450 482 2471 ex
511 2436 829 2482 manuscriptorum
855 2437 1013 2473 codicum

340 2489 542 2523 auctoritate
562 2515 572 2532 ,
609 2502 673 2523 sua
699 2502 837 2523 munera
851 2500 862 2531 ‚·
897 2489 930 2523 id
963 2497 1015 2524 est

339 2540 488 2584 fructus,
504 2548 544 2576 ut
562 2541 667 2576 etiam
683 2554 724 2575 ex
742 2542 902 2586 sequenti
926 2555 1016 2587 pen-

341 2598 491 2627 tametro
507 2594 612 2629 cuivis
624 2601 781 2629 constare
797 2602 917 2640 potest.
934 2596 986 2630 M.

389 2645 459 2679 132.
479 2648 653 2680 Grandine
658 2650 770 2691 plura.
783 2648 1015 2695 Hyperbolice

345 2695 426 2730 dicit
442 2711 450 2739 ;
468 2698 560 2743 quod
579 2698 690 2735 Graeci
707 2705 893 2745 χαλαζηδὲν.

391 2748 461 2783 133.
497 2752 653 2786 Forsitan
679 2754 736 2787 hic
765 2755 887 2798 aliquis·
913 2755 1015 2788 dicat.

1073 1393 1180 1439 Quod
1208 1394 1271 1428 sibi
1302 1392 1403 1438 objici
1430 1397 1563 1438 posset,
1587 1390 1743 1427 confutat

1071 1446 1244 1492 exemplis.
1271 1446 1364 1491 Quae
1379 1445 1584 1491 cujusquam
1601 1442 1744 1479 civitatis

1071 1500 1205 1545 publica
1226 1506 1330 1542 sunt,
1358 1497 1539 1533 communi
1560 1496 1719 1530 omnium
1733 1521 1744 1539 ‚

1073 1552 1131 1598 qui
1157 1565 1197 1586 ex
1226 1550 1350 1585 eadem
1373 1557 1454 1585 sunt
1479 1549 1614 1584 civitate
1631 1573 1640 1592 ‚
1669 1547 1745 1582 usui

1073 1604 1282 1639 deserviunt.
1318 1603 1398 1637 Nux
1420 1602 1526 1648 igitur
1549 1600 1586 1635 in
1612 1599 1747 1646 publica

1073 1657 1127 1691 via
1155 1657 1219 1691 sita
1251 1655 1447 1690 communis
1479 1661 1531 1689 est
1551 1680 1561 1698 ,
1603 1665 1644 1688 ex
1679 1665 1747 1698 qua

1074 1720 1196 1741 omnes
1217 1708 1291 1752 ejus
1311 1706 1454 1740 civitatis
1474 1705 1641 1739 homiues·
1653 1704 1749 1738 sruc-

1074 1767 1128 1794 tus
1151 1771 1271 1804 capere
1296 1764 1449 1804 possunt.
1482 1755 1620 1790 Eodem
1643 1768 1748 1790 sensu

1074 1810 1219 1847 suntilla
1234 1809 1413 1844 Ciceronis
1429 1808 1516 1842 libro
1531 1818 1545 1841 1
1555 1833 1565 1850 ‚
1582 1807 1625 1842 de
1642 1805 1749 1842 offic.

1077 1877 1094 1893 ιι
1111 1862 1227 1897 Multa
1239 1887 1248 1904 ‚
1273 1864 1398 1906 inquit,
1416 1866 1498 1894 sunt
1514 1859 1642 1893 civibus
1656 1858 1750 1893 inter

1075 1930 1110 1952 se
1131 1915 1331 1951 communia
1351 1914 1514 1957 :sorum‚
1538 1913 1618 1948 sana
1632 1939 1641 1956 ,
1666 1925 1750 1958 por—

1077 1969 1162 2003 ticus
1176 1994 1185 2011 ,
1213 1968 1277 2002 viae
1290 1993 1300 2011 ,
1329 1967 1441 2012 leges,
1469 1973 1533 2000 etc.
1550 1980 1568 1996 »
1606 1967 1751 2000 Publica

1079 2028 1195 2055 autem
1211 2026 1246 2053 et
1260 2021 1446 2053 communia
1462 2016 1642 2052 interdum
1659 2015 1750 2062 apud

1078 2073 1102 2107 J
1105 2071 1348 2107 urisconsultos
1355 2069 1628 2104 confunduntur.
1646 2067 1750 2104 C101'.

1125 2125 1196 2167 134.
1219 2123 1408 2170 Hocjurt's.
1434 2122 1492 2157 Sic
1515 2122 1612 2168 Eleg.
1627 2131 1664 2166 1,
1692 2121 1749 2156 lib.

1077 2187 1092 2210 1
1104 2203 1113 2220 ‚
1133 2176 1253 2210 Amor.
1269 2189 1301 2209 v.
1317 2177 1357 2209 5:
1752 2176 1755 2179 ’

1078 2231 1209 2263 Quistibi‚
1221 2239 1287 2255 saeve
1296 2239 1368 2263 puer,
1375 2229 1446 2255 dedit
1457 2229 1538 2254 hocin
1545 2228 1752 2262 mminajuris?

1079 2279 1120 2314 ld
1144 2287 1194 2314 est
1207 2306 1216 2323 ‚
1238 2279 1306 2314 hoc
1326 2279 1381 2323 jus
1395 2305 1404 2322 ,
1427 2278 1518 2314 hanc
1541 2278 1751 2314 facultatem.

1126 2332 1197 2366 135.
1212 2333 1340 2366 St‘lz‘cet
1347 2333 1419 2365 hoc.
1436 2330 1562 2376 Scripti
1576 2330 1731 2376 plerique
1740 2358 1749 2370 ,

1079 2386 1217 2420 Scilicet
1225 2397 1238 2428 ;
1267 2390 1302 2418 et
1323 2395 1387 2428 pro
1408 2385 1489 2423 hoc,
1515 2383 1626 2428 prima
1645 2382 1752 2417 editio

1079 2444 1114 2471 et
1130 2436 1283 2482 quinque
1295 2448 1403 2470 manu
1415 2435 1560 2478 exarati,
1570 2437 1648 2469 bas:
1661 2435 1731 2469 duo
1741 2461 1750 2478 ,

1079 2492 1157 2532 hic-‚¹
1174 2501 1284 2531 unus,
1306 2490 1381 2522 huc.
1406 2486 1545 2533 Opinor
1566 2486 1753 2531 retingen—

1080 2542 1166 2576 dum
1178 2569 1187 2585 ,
1207 2543 1345 2576 Scilicet
1360 2543 1408 2574 ite
1419 2568 1427 2580 ,
1443 2542 1537 2574 oleas
1552 2541 1751 2583 dtstringt'te.

1082 2594 1275 2640 Quomodo
1289 2592 1483 2629 Columella
1493 2593 1581 2627 libro
1592 2603 1631 2626 xt
1642 2619 1651 2636 ,
1668 2606 1695 2627 c.
1711 2602 1752 2625 υ.

1087 2651 1177 2684 Tum*
1185 2653 1221 2683 et
1232 2650 1307 2682 olea
1318 2647 1550 2691 distringenda
1560 2649 1624 2688 est,
1636 2657 1681 2678 ex
1689 2656 1754 2688 qua

1080 2703 1166 2735 velis
1174 2702 1280 2735 viride
1293 2701 1400 2733 oleum
1409 2698 1549 2745 efficere.
1559 2697 1605 2731 H.
1614 2715 1657 2722 —
1665 2694 1751 2739 Cap-

1081 2752 1166 2788 tiosa
1174 2751 1315 2797 quidem
1324 2750 1490 2796 exempla,
1499 2749 1558 2785 sed
1567 2746 1750 2793 ingeniosa.
