1884 3112
336 284 423 340 244

762 284 1120 329 EPISTOLA
1161 287 1314 330 XIII.

397 376 687 442 Eiicipietque
712 393 793 423 suo
817 388 996 442 pectora
1018 376 1131 424 lassa
1153 377 1266 425 sinu.

336 454 431 502 Nos
457 470 607 500 sumus
629 451 804 498 incertae
821 471 831 499 ε
849 471 932 500 nos
957 453 1111 521 anxius
1136 454 1282 501 omnia
1305 454 1448 516 cogit,
1474 482 1476 484 v

404 530 516 592 Quae
540 539 731 594 possunt
753 527 870 586 fieri,
897 529 1009 577 facta
1031 542 1208 596 putare,
1236 531 1378 578 timor.

1693 547 1754 582 150

336 606 456 653 Dum
481 617 624 653 tamen
649 624 767 653 arma
791 625 913 668 geres
939 606 1111 655 diverso
1134 605 1259 654 miles
1283 606 1331 654 in
1354 607 1483 665 orbe,

401 683 512 746 Quae
533 681 691 731 referat
712 682 859 732 vultus
879 694 945 731 est
967 683 1075 730 mihi
1100 702 1197 731 cera
1221 694 1333 732 tuos.

333 759 407 809 Illi
428 753 689 817 blanditias,
716 759 783 806 illi
804 760 897 808 tibi*
913 759 1061 808 debita
1081 760 1216 808 verba

398 838 597 886 Dicimus
618 857 627 885 :
655 836 880 903 amplexus
904 837 1063 903 accipit
1086 836 1161 884 illa
1182 855 1318 884 meos.

333 914 473 964 Crede
496 914 606 962 mihi
628 933 636 962 :
662 912 765 979 plus
787 925 872 971 est,
899 932 1030 979 quam
1056 913 1178 979 quod
1199 913 1420 971 videatur,
1446 913 1603 975 imago.

1691 928 1752 962 155

398 991 524 1040 Adde
550 1009 709 1038 sonum
732 1009 838 1039 cerae
858 1011 867 1038 :
889 990 1160 1038 Protesilaus
1184 991 1279 1039 erit.

332 1070 460 1117 Hanc
482 1079 654 1134 spect0,
680 1080 897 1133 teneoque
921 1067 1041 1125 sinu,
1067 1085 1151 1133 pro
1175 1067 1362 1131 conjuge
1385 1072 1488 1115 Vero
1514 1086 1524 1114 :

397 1148 476 1202 Et,
501 1157 710 1211 tanquam
732 1146 874 1211 possit
897 1145 1029 1192 verba
1045 1143 1226 1200 referre,
1254 1162 1427 1209 queror.

333 1223 419 1271 Per
441 1221 632 1280 reditus,
660 1238 910 1288 corpusque
934 1233 1084 1278 tuum,
1110 1239 1207 1268 mea
1228 1212 1431 1283 numina,
1453 1220 1580 1286 juro;
1626 1248 1630 1255 »

399 1304 568 1365 Perque
590 1317 717 1364 pares
740 1297 874 1345 animi
897 1297 1179 1363 conjugiique
1203 1295 1343 1356 faces3

1691 1312 1751 1345 160

336 1375 533 1441 Perque,
561 1373 683 1440 quod
702 1385 754 1422 ut
775 1372 943 1421 videam
968 1373 1086 1421 canis
1111 1373 1256 1422 albere
1277 1355 1470 1440 capillis,

330 1517 490 1550 peumque
501 1516 511 1538 :
523 1502 583 1539 sed
594 1502 721 1537 rectius
729 1504 861 1546 galeam
871 1515 951 1536 cum
969 1508 1011 1550 τῷ

335 1559 479 1591 νειοΙιιεί
493 1555 649 1601 proximo
667 1554 742 1589 loco
764 1554 916 1600 jungunt
933 1566 941 1587 ε
956 1553 1020 1588 illa

336 1609 433 1643 enim
469 1608 686 1653 aperiebatur
712 1613 747 1641 et
763 1655 766 1657 Β
780 1605 1011 1641 claudebatur.

337 1660 423 1695 Stat.
438 1670 508 1695 vlu
520 1685 529 1702 ‚
559 1659 639 1693 163:

482 1713 541 1745 'Qui
551 1712 629 1737 fletus
644 1712 723 1745 galeis
735 1711 849 1736 cecidere
860 1711 955 1737 solutis.
979 1701 984 1713 Ι

335 1763 432 1798 Hinc
453 1761 631 1807 Antigone
657 1760 769 1795 fratri
785 1772 848 1794 suo
878 1756 1020 1793 armato*

336 1814 428 1860 apud
444 1812 635 1856 eumdem,
655 1811 712 1846 lib.
729 1820 785 1856 x1,
807 1811 895 1858 372:
968 1842 971 1846 .

603 1872 700 1898 ,salte
687 1880 756 1896 cmo
741 1876 828 1896 marti
854 1879 933 1904 esque
966 1854 983 1872 Α

336 1922 410 1948 Sooel
396 1921 561 1955 e,icgena=l
563 1925 604 1945 ent
617 1919 746 1945 vultus->so
748 1918 850 1943 nasses
838 1911 959 1952 nipremu
961 1928 987 1944 m

337 1971 451 1997 Noscere
463 1970 581 1995 dilectos.
736 1963 739 1969 ¹
821 1968 920 1993 Βυιιιι.
957 1970 960 1975 ’

384 2033 397 2053 1
404 2020 422 2053 5
429 2032 455 2052 1.
462 2019 552 2052 Dum
562 2021 673 2052 lamen
680 2030 776 2051 arma
780 2029 876 2060 geres
884 2022 947 2050 etc.
953 2015 1014 2049 Vi-

338 2071 462 2105 deatur
476 2069 550 2104 haec
571 2068 744 2112 Ovidius,
766 2068 1011 2114 inprimisque,

336 2125 510 2166 amplexus
522 2124 650 2170 accipit
664 2122 727 2154 illa
743 2132 849 2160 meos,
871 2133 911 2153 ex
931 2118 1013 2153 Eu—

338 2173 456 2219 ripidis
472 2173 571 2215 loco,
600 2163 724 2207 Alcest.
752 2171 816 2218 349
831 2197 858 2214 ,
866 2170 1013 2204 desum-

336 2227 430 2269 sisse,
445 2226 503 2259 ubi
520 2232 593 2259 tam
608 2237 690 2260 vere
706 2223 877 2279 Admetus
889 2220 1015 2268 conjux

339 2277 383 2312 ad
406 2277 593 2312 Alcesten:

338 2336 416 2379 Σσᾳῇ
436 2332 468 2363 δὲ
484 2334 566 2378 χειρὶ
582 2330 722 2363 τεκτόνων
741 2329 835 2372 δέμας
848 2329 881 2362 τὲ
897 2342 931 2362 σε
918 2329 947 2360 ἂν

339 2381 512 2416 Εἰκασθέν’
500 2395 528 2414 εν
546 2381 708 2429 λέκτροισιν
724 2381 917 2419 ε’κταθὴσεται
928 2402 940 2420 ,
985 2375 989 2385 <

339 2435 719 2488 Ωιπροσπεσοῦμαι,καὶπ
723 2433 903 2493 εμπ-τόσσων
912 2431 1012 2478 χέρες,

336 2493 443 2529 Ουομοι
460 2488 556 2518 καλῶν
573 2499 640 2526 σον,
658 2488 712 2524 τὴν
730 2483 842 2527 τίλην’
830 2496 857 2515 εν
874 2481 1016 2525 ἀγκάλαις

341 2539 428 2580 Διξω
442 2540 588 2580 γυναῖκα,
607 2539 710 2583 καίπερ
725 2543 773 2568 οὔκ
786 2536 883 2577 ἴχων,
901 2535 994 2575 ἴχζειν

340 2586 442 2621 Tales
471 2593 570 2620 erant
582 2612 591 2629 ,
628 2597 736 2620 cereae
761 2584 886 2618 scilicet
899 2609 909 2625 ,
939 2595 1017 2616 ma-

339 2638 459 2682 jorum
476 2637 642 2682 imagines
654 2663 663 2680 ,
689 2647 791 2681 quas,
816 2641 854 2668 ut
876 2634 921 2668 ait
938 2633 1015 2667 val.

340 2689 532 2734 Maximus,
543 2689 599 2724 lib.
610 2700 647 2732 v,
658 2701 730 2733 cap.
743 2688 781 2731 8,
803 2686 832 2731 §-
847 2686 866 2719 3
880 2699 887 2719 z
900 2699 917 2714 «
934 2697 1013 2719 cum

341 2741 447 2774 titulis
463 2741 531 2774 suis
553 2740 680 2774 idcirco
700 2739 737 2773 in
754 2738 866 2783 prima
888 2735 1015 2771 aedium

342 2799 439 2837 parte
467 2798 598 2837 ponere
620 2791 796 2833 solebant,
822 2795 861 2822 ut
891 2800 1015 2822 eorum

1076 1503 1220 1538 virtutes
1231 1503 1360 1549 posteri
1372 1514 1445 1537 non
1456 1501 1578 1538 solum
1581 1500 1752 1548 legerent,

1075 1555 1135 1589 sed
1159 1555 1263 1590 etiam
1287 1554 1559 1616 imitarentur.»
1581 1552 1757 1617 Describit

1077 1607 1231 1650 Plinius,
1250 1617 1365 1649 xxxv,
1384 1620 1413 1639 2.

1123 1659 1193 1692 155.
1218 1658 1321 1692 Crede
1342 1659 1449 1691 mih:
1459 1659 1540 1701 plus
1562 1660 1631 1697 est,
1657 1668 1755 1702 quam

1074 1711 1165 1754 quod
1185 1710 1342 1742 vtdeatur
1351 1734 1361 1749 ,
1392 1711 1512 1751 imago.
1545 1707 1753 1741 Amantium

1075 1767 1167 1795 certe
1183 1759 1288 1794 oculis
1298 1785 1308 1802 ,
1326 1758 1450 1804 quibus
1463 1763 1536 1792 non
1552 1757 1668 1792 vultus
1678 1769 1753 1794 moe-

1077 1812 1122 1847 do
1156 1811 1304 1846 absentis
1315 1838 1324 1855 ,
1351 1817 1386 1845 et
1413 1814 1568 1856 expressa
1591 1810 1755 1844 ‘referunt

1077 1861 1332 1903 delineamenta
1342 1877 1350 1905 ;
1363 1861 1424 1897 sed
1433 1869 1468 1897 et
1475 1862 1587 1908 ipsum
1596 1861 1755 1896 animum

1077 1916 1304 1962 mentemque
1319 1928 1328 1956 ς
1353 1914 1399 1948 ita
1414 1919 1455 1948 ut
1472 1926 1537 1947 vox
1553 1924 1624 1947 una
1645 1910 1753 1956 desit,

1078 1980 1154 2013 quae
1163 1978 1321 2001 errorem
1327 1965 1499 2010 compleat
1506 1963 1754 1999 dulcissimum.

1125 2018 1196 2052 156.
1212 2018 1312 2052 Adde
1326 2029 1441 2051 sonum
1453 2029 1543 2050 cem.
1559 2015 1629 2050 Fac
1638 2021 1677 2049 ut
1688 2014 1754 2049 col-

1076 2070 1248 2115 loquatur.
1264 2088 1309 2094 —
1323 2069 1530 2103 Protesilaus
1545 2070 1618 2102 erit.
1633 2064 1754 2112 Quam

1077 2128 1238 2161 venuste,
1253 2133 1358 2166 quam
1370 2119 1481 2154 vivide
1494 2119 1698 2162 Anacreon,
1716 2117 1754 2151 in

1077 2172 1285 2219 lepidissimo
1299 2171 1466 2219 carmine,
1481 2171 1524 2206 de
1536 2170 1689 2212 domina&
1703 2170 1756 2204 es-

1078 2224 1183 2270 figie,
1205 2223 1430 2268 Od.xxv111,
1444 2223 1507 2268 33,
1522 2221 1690 2257 artificem
1701 2219 1758 2255 al-

1078 2276 1248 2334 loquens.

1165 2321 1293 2372 Απέχει·
1309 2328 1409 2371 βλέπω
1425 2328 1483 2376 γὰρ
1497 2328 1603 2366 αυτ-ἧν

1166 2380 1277 2423 Τάχα,
1295 2382 1384 2428 κηρέ,
1401 2383 1454 2413 καὶ
1467 2381 1617 2418 λαλήσεις.

1127 2431 1272 2465 158.Et
1282 2434 1448 2474 tamquam
1459 2431 1582 2474 possit.
1595 2426 1693 2464 Malo
1704 2439 1755 2460 re·

1079 2481 1208 2516 scribi:

1080 2539 1136 2564 Hui
1137 2543 1255 2571 e‚tamqu
1257 2537 1432 2570 amposivest
1419 2530 1705 2568 embrefmqueror.
1716 2534 1753 2559 H.

1129 2582 1199 2615 161.
1208 2583 1334 2626 Perque
1344 2582 1435 2626 quod
1439 2584 1485 2614 ut
1497 2579 1665 2623 Excerpta
1675 2576 1756 2611 Gal-

1080 2633 1190 2668 licana
1204 2646 1212 2675 ;
1224 2645 1346 2677 perque
1364 2633 1456 2677 quod
1464 2631 1597 2665 videam
1616 2642 1629 2670 ,ὴ
1642 2629 1732 2663 sorte
1743 2655 1754 2669 ‚

1075 2698 1195 2730 pemque
1204 2686 1317 2730 quoda
1329 2683 1475 2718 υίᾶεαήι.
1483 2681 1547 2727 Ep.
1556 2680 1736 2725 Deianirae
1745 2691 1755 2716 τ

1112 2740 1212 2772 Virque
1220 2758 1228 2770 ,
1243 2739 1287 2763 sed
1297 2748 1311 2764 ο
1322 2738 1418 2770 possis!
1433 2741 1458 2761 et
1466 2734 1622 2769 puer'lffylle
1632 2752 1640 2764 ,
1652 2734 1730 2760 vale.-

1081 2787 1162 2823 vid.
1179 2786 1221 2822 ad
1238 2786 1344 2831 Epist.
1364 2796 1399 2828 1,
1421 2797 1492 2819 ιοι.
1509 2784 1640 2818 Hnms.
