1884 3112
346 245 431 287 228

794 248 1139 295 EPISTOLA
1179 254 1300 298 XII.

408 335 574 385 Utilior
596 339 753 396 cuivis,
782 359 912 405 quam
935 342 1065 401 mihi,
1092 363 1195 393 cura
1217 364 1312 394 mea
1330 350 1412 395 esti

342 409 468 473 Quos
493 432 574 474 ego
600 415 783 473 servavi,
808 415 951 481 pellex
975 417 1252 484 amplectitur
1273 432 1414 480 artus;

402 489 462 535 Et
484 490 627 537 nostri
651 491 820 540 fructus
843 492 918 542 illa
939 493 1103 544 laboris
1126 496 1274 545 habet.

336 565 540 614 Forsitan
564 579 628 626 et,
654 568 798 618 stultae
822 570 927 619 dum
952 583 994 620 te
1015 573 1174 638 jactare
1197 575 1363 624 maritae
1688 605 1700 635 ι

1706 608 1723 641 sd

1729 596 1748 629 ι’(
1734 545 1737 549 “

400 643 594 705 Quaeris,
621 657 665 694 et
684 646 861 712 injustis
886 649 1068 698 auribus
1092 663 1194 718 apta
1216 650 1359 718 loqui,

331 719 384 765 In
408 719 560 767 faciem
581 739 812 788 moresque
835 741 956 773 meos
976 745 1090 775 nova
1113 728 1295 777 crimina
1316 729 1460 792 fingis.
1496 777 1501 781 ,

397 798 580 855 Rideat,
607 810 650 847 et
672 800 789 848 vitiis
813 800 910 849 laeta
933 803 991 851 sit
1013 803 1089 852 illa
1110 808 1239 863 meis;

327 874 507 933 Rideat,
534 887 577 924 et
599 877 733 942 Tyrio
751 877 891 942 jaceat
914 879 1115 928 sublimis
1139 881 1186 928 in
1212 893 1361 940 ostro;

392 950 559 1009 Flebit,
586 964 628 1000 et
653 953 830 1003 ardores
854 956 1000 1005 vincet
1023 957 1178 1006 adusta
1199 977 1332 1007 meos.
1683 980 1743 1013 180

330 1028 448 1076 Dum
473 1029 637 1078 ferrum
659 1031 927 1098 flammaeque
953 1034 1158 1094 aderunt,
1181 1054 1423 1103 succusque
1444 1040 1619 1097 veneni,

393 1107 550 1154 Hostis
573 1108 742 1157 Medeae
759 1109 909 1158 nullus
930 1110 1100 1159 inultus
1121 1112 1216 1160 erit.

326 1183 463 1247 Quod
485 1184 522 1231 si
543 1184 657 1233 forte
681 1203 831 1251 preces
855 1187 1096 1253 praecordia
1113 1188 1252 1237 ferrea
1275 1200 1492 1252 tangunt3

389 1262 517 1310 Nunc
542 1262 697 1311 animis
723 1264 825 1311 audi
848 1266 979 1314 verba
1002 1266 1175 1315 minora
1197 1267 1319 1315 meis.

322 1338 432 1388 Tam
456 1340 539 1387 tibi
563 1341 893 1408 sumsupplex,
922 1362 1050 1409 quam
1075 1355 1124 1391 tu
1146 1344 1257 1392 mihi
1275 1363 1387 1411 saepe
1410 1344 1534 1394 fuisti
1555 1367 1566 1395 :
1679 1363 1739 1398 185

389 1417 481 1465 Nec
505 1436 652 1465 moror
675 1430 775 1467 ante
799 1431 901 1467 tuos
925 1421 1216 1486 procubuisse
1235 1421 1382 1487 pedes.

323 1493 370 1541 Si
395 1493 479 1541 tibi
503 1512 600 1541 sum
623 1494 743 1552 vilis,
769 1515 1024 1544 communes
1047 1498 1213 1564 respice
1235 1510 1394 1546 natos:

385 1571 543 1620 Saeviet
566 1573 612 1620 in
636 1585 790 1639 partus
815 1573 909 1621 dira
931 1593 1117 1622 noverca
1138 1592 1273 1622 meos.

318 1649 377 1695 Et
398 1648 582 1696 nimium
608 1649 770 1698 similes
795 1651 879 1699 tibi
903 1663 1031 1710 sunt,
1055 1663 1099 1700 et
1122 1651 1310 1714 imagine
1336 1664 1497 1715 tangor
1519 1672 1531 1711 ;

384 1726 466 1784 Et,
487 1726 662 1792 quoties
684 1726 835 1786 video,
860 1726 1027 1775 lumina
1049 1740 1202 1776 nostra
1222 1728 1413 1777 madent.
1675 1755 1735 1792 190

318 1801 403 1850 Per
426 1821 609 1869 superos
635 1823 738 1862 oro,
764 1823 843 1870 per
864 1805 987 1854 avitae
1010 1805 1176 1855 lumina
1198 1806 1401 1865 ssammae,
1451 1836 1455 1840 ,

361 1946 432 1979 177.
458 1934 583 1978 Fi'ngtlr.
609 1933 707 1968 Bene
715 1936 835 1981 fingas
852 1933 990 1970 Putea-

315 1996 402 2019 neus
414 1997 421 2019 ε
433 1985 614 2029 sequentia
625 1998 688 2020 con
694 1985 847 2021 firmant.
858 1987 990 2022 Hssms.

317 2036 396 2071 Vid.
413 2037 456 2071 ad
474 2036 581 2083 Epist.
597 2048 649 2082 lv,
668 2038 719 2072 53.

361 2103 430 2137 ¹79·
446 2092 581 2124 Jaceat.
608 2091 756 2126 variant
777 2090 885 2126 MSS.
902 2091 989 2126 Lei-

316 2139 429 2175 densis
445 2145 554 2176 niteat
560 2155 571 2186 ,·
593 2141 755 2177 Scriverii
775 2143 988 2177 membranae

314 2195 433 2227 sedeat
444 2193 521 2228 :sed
535 2194 671 2240 vulgata
682 2208 755 2229 non
767 2194 989 2230 sollicitanda.

314 2244 438 2280 Senec.
455 2245 578 2292 Agam.
595 2246 656 2293 877
674 2259 682 2282 z

513 2322 543 2330 ...
561 2306 640 2332 Ostro
653 2307 733 2331 lectus
746 2307 825 2331 Iliaco
837 2307 903 2331 nitet
913 2326 923 2340 ,

313 2353 469 2387 Merumque
483 2354 508 2378 in
521 2361 585 2379 auro
596 2355 689 2379 veteris
699 2355 820 2379 Ass-mci
831 2354 935 2379 trahunt
943 2372 953 2385 ,

312 2402 345 2426 Et
359 2402 414 2435 ipse
424 2403 494 2435 picta
507 2407 578 2427 veste
594 2403 712 2427 sublimis
719 2405 801 2436 jacet.
847 2404 951 2428 limus.

314 2450 422 2485 Recte
446 2464 454 2485 z
479 2464 562 2485 nam
587 2452 704 2497 inepte
731 2451 788 2486 hic
807 2450 986 2496 Crispinus

310 2503 452 2548 explicat
468 2503 504 2537 in
518 2504 602 2538 solio
613 2503 736 2538 sedens
747 2517 755 2538 ε
766 2504 879 2549 agitur
890 2502 985 2537 enim

313 2554 355 2588 de
365 2555 491 2600 epulis:
503 2556 577 2600 quis
587 2557 682 2590 enim
693 2557 782 2601 jacet
790 2556 824 2590 in
833 2555 935 2590 solio?
943 2555 984 2590 B.

359 2607 428 2640 183.
450 2607 550 2649 Quod
563 2607 709 2652 st’fotle.
733 2608 899 2642 Francius
914 2620 984 2641 vo-

308 2656 399 2691 lebat
413 2684 422 2701 ,
447 2660 500 2692 At
510 2662 546 2692 si
545 2659 650 2703 forle.

356 2723 367 2742 1
375 2710 426 2752 84.
434 2710 568 2744 Animis
577 2714 680 2745 verba
689 2715 826 2745 minora.
844 2712 925 2746 Hoc
933 2719 983 2746 est

310 2760 413 2794 verba
431 2759 574 2796 humilia
587 2788 596 2805 ,
622 2770 658 2797 et
679 2763 790 2807 qualia
816 2764 982 2809 supplices

1056 1937 1168 1971 facere
1185 1936 1316 1980 solent,
1334 1948 1479 1982 quaeque
1496 1936 1655 1971 animum
1671 1948 1733 1982 ge-

1054 2000 1221 2022 nerosum
1239 1994 1274 2022 et
1294 1987 1445 2033 regalem
1462 1987 1664 2023 dedeceant.

1101 2040 1171 2074 188.
1187 2041 1276 2074 Dira
1293 2053 1432 2075 noverca
1455 2052 1556 2074 meos.
1580 2041 1733 2075 Nouerca

1052 2104 1190 2131 manus,
1219 2091 1417 2126 Puteaneus
1436 2092 1547 2126 :forte
1563 2092 1730 2138 scriptum

1052 2143 1165 2177 suerat
1183 2142 1297 2188 primo
1312 2155 1321 2176 t

1085 2199 1176 2224 Saeviet
1190 2199 1216 2223 in
1229 2208 1326 2233 parcas
1338 2199 1395 2224 dira
1412 2207 1521 2224 noverea
1533 2207 1633 2224 mannes.
1657 2199 1694 2224 H.

1099 2260 1111 2281 1
1118 2247 1170 2294 89.
1178 2249 1228 2281 Et
1236 2251 1380 2281 ninu'um.
1393 2248 1560 2283 Francius
1573 2248 1710 2283 volebat
1721 2258 1730 2280 ε

1051 2302 1091 2327 Ut
1100 2303 1211 2327 nimium
1220 2302 1317 2327 similes
1325 2302 1373 2327 tibi
1386 2309 1458 2334 suut,
1470 2309 1498 2327 ut
1511 2303 1726 2336 imaginem-gor.

1051 2352 1092 2384 In
1105 2354 1249 2396 imagine
1264 2356 1398 2396 langor,
1421 2350 1644 2393 Lovaniens.;
1665 2351 1725 2386 sed

1050 2403 1135 2437 illud
1164 2408 1201 2438 et
1221 2405 1399 2449 eleganter
1419 2404 1598 2450 repetitur.
1621 2403 1723 2449 Supr.

1050 2468 1135 2489 vers.
1152 2456 1193 2490 35
1207 2468 1215 2490 :

1049 2509 1082 2533 Et
1093 2509 1220 2535 sonmosus
1231 2518 1287 2534 eras
1296 2529 1304 2541 ,
1316 2515 1342 2534 et
1352 2518 1394 2535 me
1406 2516 1463 2535 mea
1474 2510 1527 2536 suh
1539 2510 1682 2535 tnhelxmt.

1097 2571 1167 2605 ¹9¹·
1189 2559 1340 2592 Lumina.
1357 2558 1469 2593 Modo
1485 2557 1653 2604 praecessit
1667 2560 1722 2592 lu-

1048 2613 1140 2644 mina
1152 2623 1162 2644 .·
1172 2623 1278 2655 quare
1288 2611 1377 2645 sorte
1385 2622 1404 2644 a
1411 2611 1548 2646 Nasone
1555 2610 1721 2655 scriptum

1047 2661 1152 2695 suerit
1169 2688 1178 2705 ,
1211 2661 1304 2706 quod
1329 2662 1365 2696 in
1391 2661 1536 2696 Venetis
1550 2687 1559 2703 ,
1593 2660 1720 2696 Aldina

1048 2714 1162 2758 priore
1191 2721 1224 2748 et
1251 2713 1459 2748 Bersmanni
1486 2712 1694 2748 editionibus
1706 2738 1716 2757 ,

1047 2771 1081 2799 ct
1097 2766 1133 2799 in
1151 2778 1223 2799 uno
1239 2766 1349 2811 Regio
1364 2772 1433 2809 est,
1450 2768 1592 2799 numina.
