1884 3112
310 242 394 286 318

725 245 1078 289 EPISTOLA
1125 248 1297 294 XVII.

369 336 481 383 Nam
502 353 597 384 mea
619 354 702 383 vox
727 356 879 402 quare,
905 338 1025 403 quod
1045 339 1186 405 cupit,
1212 359 1305 389 esse
1325 344 1488 405 neget?

303 411 394 459 Nec
418 422 467 459 tu
488 430 712 470 succense,
737 405 922 462 nimium
944 415 1054 462 mihi
1074 415 1266 465 creditus
1283 436 1416 480 aegre3

369 487 511 534 Tarda
533 487 644 536 solet
663 490 834 552 magnis
855 491 988 539 rebus
1012 491 1152 540 inesse
1175 491 1296 541 fides.

1644 513 1703 547 130

304 565 450 613 Prima
469 584 563 613 mea
584 577 650 614 est
671 567 808 630 igitur
827 569 987 617 Veneri
1010 568 1225 636 placuisse
1248 569 1476 637 x'roluptas:
1530 627 1535 631 ‚

366 642 591 700 Proxima,
617 662 685 692 me
709 644 844 693 visam
866 646 1043 712 praemia
1064 665 1231 696 summa
1254 648 1366 707 tibi;

300 719 390 768 Nec
414 731 455 767 te
479 718 717 779 Palladios,
743 740 822 770 nec
847 734 888 771 te
910 724 1102 771 Junonis
1125 724 1317 774 honores

364 796 542 844 Auditis
567 796 744 845 Helenae
765 800 1056 865 praeposuisse
1079 801 1224 850 bonis.

300 873 421 934 Ergo
444 891 525 935 ego
551 891 648 920 sum
670 872 838 923 virtus?
858 894 940 938 ego
960 895 1058 924 sum
1079 877 1163 925 tibi
1185 876 1335 926 nobile
1357 881 1575 941 regnum?
1643 896 1704 932 135

363 950 519 998 Ferrea
542 950 644 1008 sim,
671 950 708 998 si
730 970 823 999 non
845 952 931 1001 hoc
955 972 1038 1015 ego
1062 965 1216 1020 pectus
1240 974 1390 1003 amem.

296 1027 476 1084 Ferrea,
501 1027 625 1075 crede
648 1026 776 1085 mihi,
802 1047 895 1076 non
917 1047 1036 1087 sun13
1063 1030 1140 1078 sed
1162 1050 1303 1079 amare
1324 1050 1479 1081 recuso

360 1102 512 1161 Illum,
539 1122 668 1170 quem
690 1103 784 1152 fieri
804 1105 876 1152 vix
901 1117 1012 1171 puto
1035 1125 1166 1172 posse
1189 1126 1348 1156 meum.

295 1178 419 1243 Quid
441 1179 646 1228 bibulum
669 1200 802 1228 curvo
826 1182 1107 1247 proscindere
1130 1182 1237 1231 litus
1257 1197 1424 1243 aratro,

358 1256 578 1323 Spemque
600 1258 725 1323 sequi
748 1277 902 1318 coner,
930 1278 1061 1325 quam
1083 1258 1208 1309 locus
1229 1261 1323 1327 ipse
1347 1265 1510 1325 negat?

292 1403 423 1438 ticanus
454 1415 535 1437 cum
568 1402 752 1438 Hasniensi
766 1429 776 1447 ,
806 1405 939 1450 inficior
951 1417 962 1438 .·

291 1454 397 1488 etiam
411 1454 591 1488 concinne.
606 1455 652 1488 H.
666 1456 735 1488 Sed
739 1468 805 1489 non
817 1458 958 1496 irascor,

290 1505 422 1540 Douzae
442 1505 557 1539 codex.
583 1505 655 1540 Sed
671 1506 759 1541 nihil
780 1507 960 1541 immutari

289 1557 494 1603 praestiterit.
519 1556 630 1591 Cicer.
659 1557 775 1592 Divin.
803 1571 874 1604 cap.
898 1570 937 1593 1x
952 1570 960 1594 :

287 1611 360 1644 Nec
371 1621 414 1649 ea
432 1610 523 1650 dico,
542 1622 615 1653 qua·
635 1611 671 1642 si
689 1611 817 1650 dicam,
848 1614 959 1644 lamen

287 1663 452 1707 infirmare
476 1674 542 1695 non
559 1664 683 1705 possis.
709 1662 797 1696 vell.
823 1662 958 1697 Patere.

284 1713 389 1756 lib.11,
399 1723 523 1758 cap.11:
540 1714 692 1747 Tt'berius
707 1714 879 1747 Gracchus
883 1727 958 1758 gra-

286 1765 491 1810 vderserens
505 1767 637 1810 aliquid
648 1778 672 1799 a
686 1779 723 1800 se
725 1765 860 1810 factum
871 1768 958 1811 infir-

284 1821 389 1860 mari‚·
401 1817 467 1851 hoc
483 1824 554 1860 est,
571 1820 732 1858 convelli,
750 1817 899 1862 znfiingi.
914 1818 955 1852 Β.

331 1883 343 1902 1
350 1869 402 1903 35.
411 1870 502 1912 Ergo
511 1882 572 1913 ego
582 1882 654 1903 sum
664 1872 772 1903 virtus
783 1872 802 1905 Ρ
813 1876 876 1904 etc.
888 1869 956 1903 Vix

282 1919 392 1955 credit
409 1933 444 1954 se
470 1933 488 1954 a
511 1920 636 1956 Paride
649 1947 659 1964 ‚
683 1927 723 1954 ut
738 1920 839 1964 dicit,
858 1934 954 1966 prae—

282 1972 387 2006 latam
416 1985 527 2018 regno
539 1998 548 2016 ,
579 1971 672 2017 quod
696 1972 760 2018 ipsi
776 1973 873 2007 Juno
888 1987 896 2014 3
919 1980 954 2008 et

279 2024 413 2068 virtuti,
426 2037 531 2069 quam
543 2024 653 2059 Pallas
668 2025 844 2059 offerebat.
864 2024 955 2059 Cre-

280 2075 331 2111 dit
347 2083 464 2110 tamen
475 2101 485 2120 ,
499 2083 535 2111 et
542 2076 688 2121 ferream
704 2089 739 2111 se
757 2077 903 2120 fatetur,
925 2078 953 2112 si

279 2140 352 2162 non
370 2141 453 2163 eum
468 2133 568 2170 amet,
587 2128 647 2173 qui
662 2135 842 2174 tantopere
857 2129 953 2174 prior

280 2179 462 2214 adamavit.

323 2232 395 2266 135.
405 2234 525 2266 Ferrea
534 2235 606 2266 sim.
618 2233 711 2274 Sum,
724 2231 824 2267 multi
835 2233 951 2278 scripti

276 2289 313 2318 et
328 2283 430 2325 editi;
447 2283 507 2318 sed
519 2284 609 2318 male
626 2297 634 2318 :
652 2297 692 2318 ex
707 2283 877 2319 Cicerone
890 2298 951 2318 ex-

274 2347 431 2380 pressum
446 2335 595 2379 videtur,
615 2336 673 2380 qui
690 2336 744 2370 lib.
762 2347 809 2371 xv
826 2336 868 2370 ad
880 2337 910 2371 F
910 2349 948 2370 a-

273 2387 343 2421 mil.
362 2387 471 2432 Epist.
486 2387 547 2422 ult.
559 2400 566 2421 :
578 2389 716 2421 Ferreus
729 2400 850 2429 essem,
869 2391 947 2423 site

274 2451 341 2472 non
358 2452 514 2473 amarem.
531 2438 658 2473 Tibull.
675 2450 689 2473 1
703 2465 712 2483 ,
730 2449 744 2472 1
757 2465 767 2483 ‚
785 2439 824 2486 67
840 2452 848 2473 :

272 2498 382 2522 Ferreus
396 2498 438 2522 ille
449 2497 499 2522 fuit
506 2516 515 2528 ,
534 2499 579 2531 qui
590 2504 615 2523 te
628 2507 711 2532 quum
720 2499 801 2531 possit
810 2498 901 2524 habere
908 2517 918 2531 ‚

303 2546 429 2570 Maluerit
438 2547 535 2579 proedns
547 2547 644 2572 stultus
655 2553 681 2572 et
691 2557 760 2572 arm·
771 2548 854 2581 sequi.

271 2594 359 2627 Arno
374 2593 478 2628 habet
494 2594 692 2630 Bernensis.
713 2597 844 2630 Bunm.

317 2645 387 2690 137.
398 2647 467 2679 Sed
478 2659 592 2680 amare
607 2660 729 2682 recuso.
742 2649 941 2683 Puteaneus

267 2701 303 2729 et
319 2696 442 2741 reliqui
458 2698 583 2742 majori
600 2712 639 2732 ex
654 2706 771 2744 parte,
789 2713 939 2744 repugno.

269 2746 470 2792 Spartianus
483 2749 518 2782 in
539 2748 712 2786 Caracalla
723 2763 731 2785 :
743 2752 881 2786 Severus
890 2754 940 2786 di-

1637 1280 1699 1325 ¹4⁰

1026 1408 1116 1439 citur
1124 1407 1236 1440 animo
1255 1407 1428 1441 volutasse
1438 1410 1479 1441 ut
1489 1410 1527 1442 et
1538 1408 1628 1442 banc
1638 1419 1698 1442 oc-
1707 1446 1710 1450 μ

1024 1458 1151 1491 cidere!
1159 1484 1167 1498 ‚
1194 1460 1266 1491 ηιίη·
1281 1463 1522 1503 repugnassent
1543 1459 1703 1504 pru-ficti

1024 1509 1098 1553 ejus
1110 1513 1148 1543 et
1157 1512 1226 1544 viri
1232 1523 1359 1554 graves.
1372 1510 1480 1556 Epist.
1496 1522 1544 1546 xx
1556 1537 1566 1556 ,
1593 1524 1650 1546 121
1665 1523 1675 1546 ε

1023 1566 1152 1590 Hostibus
1161 1575 1175 1590 e
1186 1567 1208 1590 si
1217 1567 1276 1600 quis
1286 1585 1295 1598 ,
1311 1575 1344 1591 ne
1353 1567 1398 1592 flas
1413 1573 1514 1599 nostra,
1527 1574 1663 1602 repugnat.

1023 1607 1151 1642 Similis
1169 1607 1344 1644 diversitas
1359 1608 1519 1644 codicum
1533 1615 1594 1645 est.
1607 1610 1697 1646 Met.

1022 1669 1070 1693 111
1084 1686 1094 1703 ,
1110 1660 1196 1705 376:

1314 1719 1417 1745 Natura
1430 1725 1554 1754 repugnat
1565 1739 1575 1752 ,

1019 1767 1075 1793 Nec
1085 1768 1147 1793 sinit
1160 1767 1275 1802 incipiat.

1019 1813 1077 1849 Sic
1089 1820 1207 1849 contra
1222 1841 1232 1859 ,
1261 1817 1377 1851 Vivere
1383 1828 1500 1861 pugna
1509 1843 1519 1858 ‚
1538 1814 1692 1863 Epistola

1017 1865 1223 1902 Laodamiae.
1255 1867 1346 1902 Fast.
1365 1878 1394 1901 n
1407 1893 1416 1911 ,
1442 1868 1527 1912 648:

1049 1924 1082 1947 Et
1092 1923 1174 1948 solida
1186 1931 1270 1948 ramos
1285 1923 1378 1956 fingere
1390 1930 1487 1957 pugnat
1498 1925 1588 1951 humo.
1607 1925 1647 1950 Π.

1063 1972 1133 2007 138.
1168 1973 1271 2015 Quem
1290 1974 1375 2019 fieri
1400 1976 1460 2007 viz·
1485 1978 1570 2018 puto
1585 1986 1689 2019 posse

1015 2036 1131 2058 meum.
1154 2024 1178 2058 J
1181 2037 1237 2058 am
1260 2037 1334 2058 non
1357 2037 1376 2058 a
1404 2037 1440 2059 se
1464 2025 1555 2071 ipsa,
1582 2039 1644 2061 seu
1668 2039 1688 2061 a

1016 2074 1181 2120 dignitate
1192 2075 1399 2111 conditionis
1411 2076 1562 2112 rationes
1577 2077 1662 2123 petit
1674 2104 1684 2122 ,

1014 2140 1076 2161 cur
1102 2126 1230 2162 diutius
1250 2134 1440 2174 repugnet;
1457 2128 1518 2163 sed
1544 2137 1686 2165 externa

1013 2178 1311 2223 objicstmmnium
1323 2182 1446 2222 oculos,
1459 2187 1495 2215 et
1504 2184 1685 2226 vulgirnur-

1010 2244 1128 2275 mura‚·
1153 2232 1237 2277 quin
1251 2233 1361 2266 immo
1388 2245 1487 2267 voces
1502 2236 1681 2278 quasdam,

1010 2297 1093 2329 quas
1103 2284 1229 2318 AEthra
1236 2287 1420 2320 retulitetc.
1428 2285 1553 2331 Sicque
1566 2287 1684 2322 Paridi

1009 2336 1155 2371 vicissim
1162 2349 1259 2382 spem
1269 2336 1544 2383 dat,adimitque;
1553 2339 1682 2373 etsrau-

1008 2389 1057 2435 git
1068 2390 1237 2432 animum,
1245 2402 1313 2434 quo
1320 2389 1446 2424 certius
1452 2402 1532 2424 mox
1542 2390 1680 2426 relevet.

1054 2442 1124 2489 139.
1139 2443 1364 2476 Pmscindem.
1378 2441 1485 2476 MSS.
1496 2441 1678 2476 oxonien-

1005 2493 1049 2527 sis
1066 2501 1101 2527 et
1118 2493 1233 2539 plures
1257 2494 1335 2536 alii,
1352 2495 1554 2538 profindere,
1572 2500 1675 2528 recte.

1005 2544 1063 2580 Sic
1078 2545 1208 2580 Statius
1224 2545 1336 2579 Theb.
1348 2556 1370 2579 x
1382 2571 1391 2588 ,
1411 2547 1473 2580 512
1487 2571 1496 2588 ,
1512 2558 1553 2580 ex
1569 2544 1676 2580 MSS.

1004 2596 1142 2631 Behotii
1156 2623 1165 2641 ,
1192 2597 1250 2642 qui
1260 2596 1470 2642 profundunt
1478 2597 1607 2631 habent
1623 2609 1632 2631 :

1002 2654 1153 2679 Prolindunt
1167 2655 1265 2680 inarata
1280 2654 1328 2679 diu
1338 2655 1443 2686 Pange:
1455 2653 1571 2687 juvenci.
1603 2653 1642 2678 H.
1651 2665 1659 2673 -

1050 2704 1120 2746 140.
1146 2704 1252 2746 Quam
1266 2705 1359 2737 locus
1370 2706 1443 2746 epse
1457 2703 1584 2746 negat?
1601 2702 1674 2736 Bi·-

1003 2755 1112 2787 bulum
1128 2754 1196 2789 scil.
1211 2754 1291 2789 litus
1307 2761 1342 2788 et
1357 2752 1480 2789 sterile.
