1884 3112
327 260 412 306 300

755 264 1109 311 EPISTOLA
1139 268 1280 315 XVI.

324 354 488 402 Nostra
508 371 587 420 per
607 354 686 403 has
708 353 826 418 leges
850 357 1027 406 audacia
1048 358 1222 408 fortiter
1243 351 1348 408 isset
1367 379 1379 408 :

384 431 534 496 Teque
557 431 641 479 mei
664 432 794 481 scires
818 451 910 483 esse
933 433 1099 483 laboris
1123 454 1247 502 opus.

324 509 453 556 Nunc
476 508 584 556 mihi
605 508 669 556 nil
692 523 910 577 superest,
935 511 1020 560 nisi
1044 523 1108 569 te,
1132 511 1349 569 formosa,
1374 512 1561 577 precari;

389 583 694 652 Amplectique
718 599 838 646 tuos,
865 588 903 635 si
925 589 1112 654 patiare,
1137 588 1284 654 pedes.
1335 601 1338 604 ’

1660 613 1724 647 270

326 662 369 709 O
396 661 550 720 decus,
579 682 606 710 o
628 682 820 729 praesens
845 666 1117 727 geminorum
1140 664 1279 729 gloria
1302 663 1514 724 fratrum;

391 738 434 785 O
457 739 567 787 Jove
594 739 726 801 digna
746 741 862 798 viru,
887 741 934 789 ni
954 743 1063 790 Jove
1086 753 1188 790 nata
1209 740 1347 789 fores!

327 813 421 861 Aut
443 832 524 875 ego
549 814 705 877 Sigeos
729 828 921 882 repetam
944 829 986 865 te
1011 818 1195 883 conjuge
1220 828 1409 882 portus:

389 890 483 938 Aut
506 909 587 952 ego
607 892 805 941 Taenaria
827 906 1032 956 contegar
1055 893 1177 943 exsul
1200 894 1351 941 humo.

325 968 429 1016 Non
451 985 546 1015 mea
569 980 672 1016 sunt
694 988 862 1018 summa
883 970 1036 1019 leviter
1059 970 1263 1018 destricta
1285 969 1445 1031 sagitta

1668 982 1732 1029 275

390 1044 572 1091 Pectora
592 1064 602 1091 :
625 1045 849 1093 descendit
870 1044 1030 1093 vulnus
1054 1045 1109 1092 ad
1133 1063 1233 1093 ossa
1253 1063 1411 1093 meum.

327 1121 427 1168 Hoc
450 1120 579 1178 mihi,
603 1139 704 1169 nam
726 1133 899 1188 repeto,
925 1121 1020 1169 fore
1043 1132 1094 1168 ut
1116 1139 1141 1169 a
1163 1120 1328 1169 caeleste
1353 1120 1511 1182 sagitta

391 1197 544 1259 Figar‚
571 1209 663 1245 erat
684 1217 811 1246 verax
832 1198 1065 1246 vaticinata
1086 1216 1223 1245 soror.

329 1273 461 1321 Parce
481 1273 630 1321 datum
654 1273 776 1332 fatis,
800 1274 991 1332 Helene,
1016 1285 1294 1322 contemnere
1318 1290 1508 1320 amorem
1528 1290 1539 1320 :

395 1350 467 1397 Sic
490 1350 653 1398 habeas
676 1350 824 1400 faciles
843 1351 890 1398 in
914 1363 989 1399 tua
1011 1362 1112 1398 vota
1135 1351 1269 1399 Deos.

1671 1365 1735 1399 280

329 1424 475 1473 Multa
499 1425 675 1491 quidem
700 1426 893 1474 subeunt
913 1447 922 1474 ε
945 1426 1022 1474 sed
1045 1445 1190 1475 coram
1214 1437 1266 1474 ut
1287 1424 1414 1491 plura
1435 1423 1690 1492 loquamur,

392 1503 556 1568 Excipe
577 1521 645 1551 me
668 1502 802 1561 lecto,
827 1515 955 1551 nocte
979 1502 1158 1561 silente,
1186 1514 1276 1551 tuo.
1355 1553 1358 1555 a

332 1579 403 1627 An
426 1580 583 1645 pudet,
609 1591 653 1627 et
674 1579 832 1628 metuis
855 1581 1070 1628 Venerem
1092 1591 1299 1627 temerare
1320 1578 1542 1636 maritam,

375 1725 450 1771 257.
472 1725 630 1759 Audacia
633 1725 774 1770 som'let
784 1727 876 1759 tlt-sel.
892 1760 895 1761 ⁷
910 1724 999 1765 Alii,

332 1779 483 1811 victoria.
496 1776 695 1819 Vossianus,
707 1778 852 1810 audacia
857 1776 1001 1820 fortior:

333 1827 453 1872 placet.
466 1828 514 1861 H.
524 1828 577 1861 lta
585 1827 648 1872 Ep.
661 1838 770 1870 xv111,
781 1828 834 1870 84;
845 1826 1001 1871 quidam:

366 1883 469 1909 Fortior
481 1883 508 1908 in
520 1892 632 1908 summas
643 1883 727 1916 erigor
738 1884 806 1908 altus
818 1892 906 1916 aquas.

334 1931 405 1966 Ubi
427 1932 531 1966 etiam
552 1931 694 1976 sortiter
710 1932 823 1977 vulgo.
855 1934 1003 1966 Victoria

333 1984 453 2026 etiam,
463 1983 557 2027 quod
572 1983 673 2017 multi
689 1983 766 2017 libri
780 1995 844 2027 pro
859 1985 1005 2016 audacia

334 2033 482 2077 habent,
500 2047 574 2069 non
591 2041 722 2070 temere
734 2034 1006 2079 repudiandum:

333 2085 382 2119 ita
396 2090 443 2120 im
458 2088 638 2130 tn'umphus
652 2085 796 2130 dicitur,
809 2085 917 2130 Epist.
928 2097 981 2121 vu
994 2110 1004 2129 ,

340 2138 402 2180 154
415 2162 424 2180 ,
448 2143 484 2171 et
499 2137 586 2171 alibi.

380 2202 398 2221 2
405 2190 455 2233 75.
465 2189 648 2223 Destn'cla.
655 2188 712 2223 Sic
721 2188 920 2234 legendum;
932 2201 1005 2222 non

335 2240 499 2273 d1lrln'cta.
525 2239 615 2274 Vide
631 2241 828 2285 amplissimi
848 2240 997 2285 Cuperi‚

338 2290 484 2325 Observ.
513 2290 570 2324 lib.
595 2301 634 2324 1v
649 2317 658 2335 ,
693 2292 763 2326 obs.
789 2294 818 2326 5.
851 2291 936 2326 Stat.
966 2302 980 2325 1
994 2317 1004 2335 ,

340 2341 423 2377 silv.
440 2351 470 2375 11
479 2367 489 2385 ,
515 2355 555 2389 79
570 2354 578 2376 :

340 2401 391 2426 Ast
401 2401 477 2425 illum
491 2409 590 2425 summu
601 2401 703 2433 leviter,
717 2402 753 2426 sie
765 2411 874 2435 namque
885 2401 991 2435 jubebas
999 2419 1008 2432 ‚

339 2449 480 2481 Lampetie,
491 2454 623 2482 parcentes
636 2454 661 2474 et
675 2450 765 2474 inermi
774 2450 925 2476 strinximus
935 2458 1005 2474 arcu.

340 2497 388 2531 Et
404 2508 474 2531 vm
486 2523 496 2541 ,
519 2497 630 2532 Theb.
648 2497 710 2532 532
724 2510 732 2531 :

341 2555 432 2586 Qualis
445 2554 577 2587 setigerum
590 2555 694 2579 Lucana
704 2554 810 2587 cuspide
820 2552 929 2579 frontem

340 2603 449 2628 Ser-ictus
461 2611 531 2635 aper.

342 2649 531 2695 Adscripsit
538 2650 658 2685 Douza
665 2650 780 2685 locum
787 2650 908 2685 Senec.
917 2648 1009 2684 Con-

342 2707 406 2735 tro.
418 2711 472 2736 vn
488 2714 496 2735 2
517 2703 565 2735 Ilt
572 2701 731 2736 destricta
740 2704 946 2736 levivulnere
957 2705 1012 2734 est

342 2755 443 2796 cutzlr,
460 2765 525 2787 non
540 2755 656 2788 credas
661 2753 796 2797 sactum
815 2766 914 2788 manu
930 2756 1010 2797 pri-

1065 1725 1158 1768 vtjgni
1166 1733 1179 1765 ,·
1203 1722 1322 1757 credas
1336 1723 1506 1755 amatonlr.
1531 1709 1737 1754 BmthNN'

1107 1789 1180 1820 277.
1197 1775 1284 1808 Nam
1299 1777 1419 1817 repeto.
1435 1774 1562 1807 Recolo
1578 1771 1678 1806 multi
1694 1782 1736 1804 ex

1064 1825 1205 1870 scriptis.
1221 1825 1306 1859 Mox
1321 1825 1410 1859 sorte
1425 1822 1632 1868 legendum:

1257 1902 1287 1910 ...
1303 1885 1369 1910 Fore
1384 1889 1412 1908 ut
1425 1892 1440 1908 a
1450 1882 1549 1907 caeleste
1567 1881 1659 1914 etgith

1065 1933 1170 1967 Eget-er
1179 1952 1190 1966 ,
1207 1938 1245 1958 est
1256 1941 1334 1958 ver-x
1344 1931 1483 1957 vaticinata
1499 1938 1579 1955 soror.
1599 1929 1705 1955 unm..

1067 1999 1111 2006 —
1127 1981 1162 2015 A
1177 1983 1308 2015 coeleste
1322 1982 1460 2023 sagitta.
1478 1979 1616 2012 Caeleste
1633 1976 1739 2020 dixit,

1068 2046 1167 2067 more
1186 2040 1345 2068 veterum
1358 2058 1368 2076 ,
1392 2031 1451 2076 qui
1475 2029 1619 2064 nomina
1629 2055 1639 2074 ‚
1663 2041 1740 2074 quae

1069 2084 1248 2118 auferendi
1272 2096 1352 2119 casu
1376 2082 1608 2117 enunciantur
1628 2106 1638 2125 ,
1663 2080 1701 2114 in
1720 2092 1740 2114 e

1069 2137 1259 2170 efferebant
1271 2161 1280 2179 ,
1310 2141 1349 2169 ut
1363 2137 1451 2168 mari
1461 2140 1496 2168 et
1509 2142 1609 2168 mme-
1624 2133 1739 2167 Varro

1072 2188 1240 2222 Atacinus
1253 2213 1262 2231 ‚
1282 2187 1319 2221 in
1338 2185 1597 2232 Argonauticis:

1070 2243 1186 2274 Cingitur
1196 2242 1315 2273 Oceano,
1330 2241 1431 2279 Libyco
1444 2249 1533 2274 maro,
1543 2239 1650 2266 flumine
1666 2239 1738 2265 Nilo-

1113 2305 1186 2338 279.
1203 2292 1309 2324 Parce
1326 2289 1548 2334 datumfattk.
1566 2288 1672 2334 Lego,
1689 2298 1740 2321 m-

1070 2347 1137 2376 tum
1144 2342 1245 2385 fatis.
1262 2341 1320 2376 Sic
1344 2339 1468 2375 Cicero
1482 2366 1492 2384 ,
1508 2339 1566 2374 lib.
1581 2349 1637 2374 vu
1647 2364 1658 2382 ‚
1677 2337 1742 2382 Ep.

1071 2394 1191 2428 Famil.
1215 2392 1314 2428 Gallo
1332 2405 1340 2427 :
1365 2394 1445 2435 Quoe
1470 2394 1590 2426 emisse
1618 2394 1652 2423 te
1670 2400 1741 2424 ms—

1070 2447 1170 2479 cribz‘s
1182 2470 1192 2487 ,
1212 2457 1277 2478 non
1299 2446 1404 2477 solum
1428 2444 1514 2477 mihi
1525 2448 1599 2476 rata
1622 2443 1739 2480 eruat,

1070 2498 1135 2530 sed
1145 2498 1246 2529 eliam
1261 2499 1368 2539 grata.
1385 2494 1432 2528 H.
1448 2512 1493 2520 —-
1502 2492 1658 2528 Multum
1673 2489 1741 2524 du-

1070 2548 1162 2590 bito,
1181 2560 1224 2581 an
1241 2547 1367 2591 ubique
1386 2547 1435 2580 sas
1449 2546 1492 2580 sit
1511 2543 1595 2578 illud
1610 2546 1717 2577 mlum
1729 2567 1739 2582 ‚

1074 2598 1166 2643 quod
1182 2598 1329 2632 Heinsio
1346 2598 1383 2631 in
1396 2596 1522 2631 deliciis
1537 2595 1615 2637 fuit,
1625 2592 1739 2627 invitis

1072 2651 1177 2684 etiam
1184 2648 1407 2691 membranis,
1418 2645 1595 2681 intrudere
1608 2657 1616 2678 ι
1629 2655 1738 2688 quum

1074 2702 1179 2735 altera
1189 2699 1315 2735 locutio
1325 2699 1369 2734 sit
1378 2697 1508 2743 optima
1515 2703 1551 2730 et
1559 2696 1740 2739 frequens:

1105 2755 1227 2789 Fatisque
1241 2755 1318 2780 datas
1329 2762 1381 2779 non
1394 2752 1498 2785 respicit
1509 2750 1604 2775 urbes?
1617 2750 1740 2775 Vua...-
