1884 3112
643 131 663 147 ,9

279 242 370 299 406

565 239 657 287 AD
696 241 962 310 tlleM
1005 240 1398 287 AUGUSTAM

279 335 457 385 Scilicet
478 335 639 398 exiguo
662 353 873 401 percussa,
891 353 937 383 es
960 333 1157 383 fulminis
1180 333 1294 392 ictu3

344 413 525 462 Fortior
543 425 595 461 ut
618 412 764 479 possis
789 411 989 460 cladibus
1009 430 1102 460 esse
1127 411 1229 460 tuis.

279 492 457 541 Occidit
481 490 727 556 exemplum
749 490 921 556 juvenis
945 488 1192 538 venerabile
1216 505 1390 536 morum
1406 523 1417 545 ,

344 568 566 616 Maximus
590 567 664 616 ille
691 567 845 625 armiS‚
871 565 1086 615 maximus
1111 564 1184 614 ille
1209 576 1325 627 toga.

275 644 355 693 Ille
379 645 513 693 modo
539 644 701 711 eripuit
720 643 963 692 latebrosas
986 642 1195 691 hostibus
1215 638 1376 709 Alpes,
1656 656 1695 689 15

340 723 401 769 Et
422 721 601 770 titulum
624 719 731 768 belli
756 720 866 779 dux,
893 720 1001 768 duce
1025 718 1156 767 fratre
1171 757 1183 777 ‚
1200 717 1325 766 tulit.

275 796 356 846 Ille
382 816 520 860 genus
543 798 710 846 Suevos
734 816 854 856 acre,
879 796 1211 861 indomitosque
1235 793 1502 860 Sygambros

270 931 427 978 Vulgare
448 933 573 978 quippe
594 939 630 967 et
652 933 791 968 cuilibet
809 934 951 970 obvium

269 985 398 1019 sortem
410 985 492 1019 sein
506 985 619 1019 alieno
629 985 725 1019 luctu
737 998 857 1030 gerere
868 1012 877 1029 ,
891 987 951 1031 qui

269 1035 325 1070 vel
335 1036 483 1070 minima*
490 1036 681 1071 calamitate
691 1036 950 1080 adflictus,dum

269 1087 422 1132 propria,
432 1100 476 1122 ne
486 1088 625 1122 consilia
633 1088 775 1133 quidem
784 1088 947 1134 admittit,

271 1152 349 1184 quae
369 1139 481 1183 sortia
507 1140 595 1175 adeo
617 1140 700 1180 aliis.
713 1140 825 1176 dabat.
852 1142 948 1177 Hinc

270 1204 351 1226 vere
381 1199 417 1226 et
450 1191 651 1228 humaniter
685 1193 859 1229 Charinus
891 1194 947 1229 ille

270 1244 363 1289 apud
381 1244 525 1279 Terent.
543 1244 637 1280 And.
652 1256 681 1280 11
692 1272 701 1290 ‚
716 1246 772 1282 Sc.
784 1257 799 1280 1
812 1273 822 1290 ,
837 1259 877 1294 9:

268 1303 357 1329 Facile
370 1313 472 1336 omnes,
494 1305 577 1339 quum
597 1307 734 1338 valemus,
752 1312 821 1333 rect·
841 1307 948 1333 consilia

371 1355 472 1386 ‹egrotis›
482 1354 573 1380 damus
585 1365 594 1389 ;

271 1401 329 1432 Tu,
345 1402 366 1426 si
379 1402 420 1427 bic
434 1403 484 1434 sis,
497 1404 572 1429 aliter
581 1405 692 1431 sentias!

320 1464 332 1485 ι
342 1464 368 1485 1.
392 1452 532 1486 Scz‘ltket
545 1458 667 1497 exiguo
677 1481 685 1496 ,
704 1461 768 1490 etc.
783 1454 841 1490 Sic
852 1455 949 1491 enim

272 1508 389 1536 tecum
404 1503 478 1548 isti,
493 1504 536 1538 de
549 1506 672 1550 quibus
681 1506 809 1543 modo:
822 1520 895 1543 non
909 1521 950 1543 ea

272 1561 344 1596 est,
370 1568 474 1599 quam
492 1557 673 1602 experiris,
695 1559 827 1603 jactura
839 1587 849 1604 ,
873 1573 950 1605 quae

272 1606 432 1641 animum
454 1609 663 1653 gravioribus
686 1619 861 1646 servatum
880 1626 950 1647 ca-

271 1657 483 1694 lamitatibus
505 1673 615 1706 usque
635 1661 723 1696 adeo
744 1662 868 1699 debeat
891 1664 949 1699 as-

270 1709 402 1755 fligere.

317 1762 365 1795 13.
394 1764 530 1797 Occide?
538 1766 871 1811 exemplum’juvemlr
884 1767 948 1803 etc.

270 1812 353 1848 Non
368 1816 590 1851 consentiunt
607 1817 699 1852 inter
714 1831 750 1852 se
768 1819 950 1865 scriptores

269 1865 314 1900 de
340 1867 462 1901 mortis
486 1881 612 1912 genere
636 1882 706 1913 quo
731 1870 866 1906 Drusus
883 1884 950 1906 oc·-

271 1918 400 1952 cubuit.
436 1919 552 1954 Livius
578 1920 673 1954 enim
707 1921 858 1967 Epitom.
894 1923 950 1958 lib.

271 1978 340 2003 CXL
352 1982 359 2004 ε
373 1984 389 1999 «
402 1970 453 2004 Ex
465 1970 633 2016 fractura,
648 1986 739 2018 equo
755 1968 861 2020 super
872 1988 950 2010 crus

270 2021 346 2066 ejus
373 2021 520 2068 collapso
534 2050 543 2067 ‚
561 2023 738 2069 trigesimo
767 2026 822 2060 die
844 2040 949 2072 quam

273 2073 442 2108 acciderat
455 2100 464 2118 ,
488 2083 648 2111 mortuus
673 2084 734 2112 est.
748 2091 764 2107 »
795 2077 950 2114 confuse

274 2125 363 2159 Vell.
378 2126 512 2165 Patere.
530 2138 578 2172 11,
596 2141 657 2176 97:
673 2129 951 2175 «Illum....falo-ss

270 2190 341 2211 rum
362 2181 523 2223 iniquitas
535 2206 542 2219 ‚
567 2181 745 2215 consulem
759 2208 768 2226 ,
787 2188 950 2228 agentem

271 2241 404 2264 annum
418 2231 649 2275 tricesimum,
663 2234 787 2278 rapuit.
798 2247 815 2263 »
835 2234 951 2279 Aper-

268 2282 337 2315 tius
353 2295 432 2316 vere
444 2309 453 2326 ,
467 2290 501 2318 et
515 2284 589 2329 quis
604 2285 666 2319 scit
679 2298 722 2318 an
735 2298 808 2319 non
821 2286 948 2330 verius,

272 2333 368 2368 Suet.
388 2334 423 2368 in
450 2333 572 2370 Claud.
589 2348 602 2370 1
616 2363 626 2380 ,
649 2344 791 2372 narrat:
811 2351 827 2366 «
841 2338 950 2373 Non-

268 2385 382 2420 nullos
396 2386 533 2422 tradere
547 2401 646 2423 ausos
657 2396 854 2434 suspectum
867 2402 949 2424 eum

269 2437 430 2483 Augusto
441 2465 450 2481 ,
467 2446 736 2485 revocatumque
757 2454 797 2475 ex
813 2442 949 2486 provin-

266 2490 336 2531 cia;
354 2497 389 2524 et
404 2491 483 2536 quia
499 2499 721 2526 cunctaretur
733 2520 742 2537 ‚
753 2506 882 2528 veneno
893 2496 950 2527 in-

269 2547 459 2586 terceptum.
474 2557 491 2573 »
516 2542 584 2577 Cui
600 2557 683 2579 vero
707 2557 746 2579 ex
769 2545 831 2580 illis
845 2571 854 2589 ,
872 2557 950 2590 quae

268 2594 416 2628 sentiret
428 2620 437 2638 ,
461 2595 589 2640 profari
610 2596 733 2631 licebat
746 2622 755 2640 ,
775 2604 949 2643 grassante

271 2645 378 2690 magis
400 2659 437 2680 ac
454 2648 561 2693 magis
578 2648 802 2694 regnantibus
826 2662 949 2684 assen-

271 2695 368 2730 tandi
386 2696 527 2732 libidine
543 2699 559 2731 ?

317 2749 366 2791 14.
383 2750 557 2784 Maximus
572 2753 631 2786 ille
646 2755 765 2793 armis,
780 2758 843 2787 etc.
859 2751 950 2787 «Cti-

1015 933 1071 977 jus
1086 930 1269 977 ingenium
1280 957 1290 974 ,
1311 930 1444 976 (inquit
1460 928 1633 974 Velleius,
1650 941 1693 974 ιι,

1015 984 1073 1031 97)
1089 1008 1098 1026 ,
1114 989 1234 1017 utrum
1249 982 1377 1017 bellicis
1391 981 1500 1028 magis
1511 981 1672 1027 operibus
1682 1008 1692 1026 ,

1015 1047 1060 1068 an
1090 1034 1242 1069 civilibus
1269 1034 1444 1069 suffecerit
1471 1033 1600 1068 artibus
1617 1059 1627 1077 ,
1655 1033 1692 1068 in

1013 1086 1148 1121 incerto
1159 1091 1241 1121 est.»
1255 1086 1507 1131 Proximeque:
1520 1100 1537 1116 κ
1547 1086 1694 1121 Momm

1012 1145 1105 1173 certe
1122 1137 1268 1173 dulcedo
1286 1151 1326 1173 ac
1334 1138 1500 1182 suavita,
1511 1143 1548 1172 et
1558 1136 1692 1172 adver-

1012 1203 1069 1225 sus
1080 1190 1208 1225 amicos
1219 1202 1316 1236 aequa
1328 1202 1367 1225 ac
1377 1202 1439 1236 par
1449 1189 1503 1225 sui
1514 1189 1693 1226 aestimatio

1012 1241 1225 1278 inimitabilis
1242 1242 1342 1278 fuisse
1359 1241 1495 1277 dicitur.
1510 1256 1527 1272 »ι

1060 1296 1110 1330 16.
1140 1297 1192 1329 Et
1215 1297 1350 1330 titulum
1385 1296 1471 1329 belli
1490 1296 1585 1335 dut,
1610 1295 1694 1329 duce

1005 1347 1135 1393 fratre,
1146 1350 1234 1383 tulit.
1249 1348 1369 1382 Verbo
1379 1346 1521 1392 quidem
1533 1346 1694 1383 Tiberius

1014 1400 1122 1435 frater
1131 1426 1140 1444 ,
1153 1406 1193 1435 ut
1204 1399 1262 1446 qui
1273 1406 1358 1434 natu
1369 1399 1483 1444 major
1491 1424 1502 1443 ,
1513 1399 1583 1434 dux
1595 1411 1695 1433 exer-

1014 1453 1123 1495 citus;
1140 1452 1201 1488 sed
1223 1465 1305 1487 vere
1321 1451 1390 1486 dux
1404 1451 1460 1487 ille
1472 1478 1485 1496 ι
1501 1450 1694 1497 ψιίτᾶιισο-

1014 1504 1074 1540 bat
1087 1505 1129 1540 ad
1142 1505 1323 1540 victoriam
1335 1530 1345 1549 ,
1362 1504 1477 1549 sicque
1495 1505 1643 1544 tilulum,
1656 1501 1695 1537 id

1015 1564 1067 1592 est
1076 1583 1085 1601 ,
1093 1556 1233 1591 laudem
1245 1569 1391 1591 omnem
1401 1556 1487 1591 belli
1492 1555 1597 1601 hujus
1606 1557 1695 1591 tum.

1016 1608 1097 1644 vid.
1115 1608 1195 1644 Dio.
1213 1608 1308 1644 Cass.
1322 1619 1400 1652 mv,
1412 1614 1448 1643 et
1458 1607 1549 1642 Vell.
1559 1608 1695 1643 Patere.

1014 1660 1113 1705 cujus
1139 1661 1213 1696 haec
1236 1667 1319 1696 sunt
1340 1660 1445 1695 verba
1466 1672 1474 1694 :
1491 1674 1508 1690 α
1521 1658 1694 1705 Adiutore

1014 1713 1127 1757 operis
1155 1712 1237 1747 dato
1260 1712 1365 1746 fratre
1389 1708 1496 1757 ipsius
1518 1710 1694 1755 (Tiberii)

1014 1764 1134 1799 Druso
1158 1763 1317 1799 Claudio.
1328 1778 1346 1794 »

1062 1830 1110 1863 17.
1128 1818 1193 1850 Ille
1199 1828 1305 1861 genus
1315 1816 1439 1850 Suevos
1447 1827 1527 1849 acre
1535 1821 1599 1851 etc.
1614 1829 1632 1845 «ι
1642 1814 1695 1860 Ip-

1013 1880 1091 1902 sum
1107 1868 1305 1902 Suevorum
1318 1879 1453 1900 nomen
1469 1865 1564 1901 unde
1580 1866 1694 1912 origi·-

1015 1932 1099 1954 nem
1127 1919 1257 1964 ceperit
1270 1945 1279 1962 ,
1307 1917 1409 1963 plane
1433 1919 1608 1967 incertum
1634 1924 1696 1955 est.

1016 1971 1079 2006 Est
1100 1970 1263 2017 equidem
1280 1970 1494 2005 immensum
1517 1970 1694 2005 montium

1014 2023 1138 2069 jugum
1150 2023 1186 2058 in
1197 2022 1470 2068 Septemtrione,
1483 2022 1695 2068 Norvagiam

1015 2075 1118 2110 hodie
1153 2089 1172 2109 a
1206 2075 1333 2110 Suedia
1366 2074 1559 2120 dispescens
1576 2100 1586 2118 ,
1610 2074 1694 2109 olim

1015 2127 1097 2161 Seno
1107 2127 1261 2161 romanis
1273 2127 1468 2161 auctoribus
1479 2126 1612 2161 dictum
1621 2140 1630 2169 3
1639 2127 1695 2162 cui

1014 2178 1087 2223 jam
1113 2178 1195 2212 inde
1222 2178 1264 2212 ab
1293 2177 1536 2223 antiquissimis
1564 2178 1694 2214 saeculis

1015 2229 1125 2264 adfixa
1140 2229 1205 2264 suit
1230 2230 1407 2270 Suionum,
1424 2229 1493 2264 sive
1511 2229 1695 2264 Sueonum

1013 2293 1140 2327 magna
1171 2293 1254 2326 gens
1273 2295 1282 2323 ;
1310 2287 1361 2316 est
1386 2287 1555 2327 praeterea
1585 2281 1697 2329 agnnis

1014 2333 1206 2368 Ptolemaeo
1223 2337 1348 2375 Σούηὸος
1359 2359 1369 2378 ,
1387 2333 1531 2374 Saevus,
1547 2332 1584 2367 in
1596 2332 1696 2368 Ger-

1014 2386 1192 2421 manicum
1223 2396 1320 2421 mare
1340 2412 1349 2428 ,
1375 2385 1445 2420 sive
1475 2385 1593 2420 sinum
1622 2385 1697 2431 ejus

1019 2438 1208 2474 Codanum
1222 2452 1296 2474 sese
1314 2438 1523 2480 efsundens;
1545 2451 1696 2484 quorum

1012 2491 1146 2537 singula
1171 2504 1212 2526 ex
1237 2503 1309 2525 uno
1345 2490 1541 2536 eodemque
1567 2491 1664 2525 fonte
1684 2517 1694 2535 ‚

1013 2556 1095 2578 cum
1110 2543 1277 2579 universis
1300 2543 1422 2579 Suevis
1448 2543 1567 2578 sortita
1592 2542 1693 2578 fuisse

1014 2594 1259 2641 adpellationes
1286 2608 1363 2630 suas
1383 2621 1393 2640 ,
1420 2607 1528 2629 nemo
1560 2601 1692 2629 temere

1012 2647 1200 2692 negaverit.
1228 2648 1302 2683 Nec
1330 2654 1449 2682 tamen
1471 2646 1567 2681 facile
1590 2645 1691 2691 quis-

1013 2712 1120 2744 quam
1133 2699 1277 2743 dixerit,
1289 2700 1388 2745 cujus
1404 2698 1607 2734 vocabulum
1619 2697 1691 2744 pri-

1011 2764 1113 2786 mum
1130 2753 1290 2795 omnium
1306 2752 1483 2795 exstiterit,
1498 2750 1619 2793 amuis,
1631 2762 1689 2784 na-
