1884 3112
294 242 380 297 254

724 242 1070 286 EPISTOLA
1104 243 1244 289 XIV.

289 335 486 384 Territus
510 333 707 396 exsurgis
727 353 737 380 2
763 333 878 395 fugit
899 333 1042 381 omnis
1067 333 1224 382 inertia
1247 339 1417 386 somni:
1654 357 1698 401 75

352 411 557 477 Adspicis
581 411 627 457 in
651 409 803 457 timida
824 409 957 458 forti-a
982 409 1067 458 tela
1091 429 1235 460 manu.

290 488 515 553 Quaerenti
539 495 712 535 causam
738 506 747 534 :
775 485 1006 535 Dum‘nox
1028 487 1156 543 sinit,
1176 489 1317 552 effuge
1332 529 1344 548 ‚
1371 491 1486 540 dixi:

354 567 472 612 Dum
495 583 584 611 nox
607 574 699 611 atra
717 563 841 620 sinit,
867 575 913 611 tu
932 563 1048 626 sugis
1070 585 1079 612 :
1099 566 1196 634 ipsa
1213 579 1372 615 moror.

288 645 421 690 Mane
446 653 537 690 erat
560 660 569 688 ε
593 653 638 689 et
660 641 840 689 Danaus
865 659 1048 704 generos
1070 661 1120 691 ex
1142 643 1254 692 caede
1275 643 1463 708 jacentes

353 718 613 766 Dinumerat
634 735 643 763 :
665 735 842 764 summae
866 716 1061 766 criminis
1079 738 1196 768 unus
1219 720 1334 769 abeS.
1653 740 1697 773 80

285 799 389 846 Fert
410 795 521 843 male
546 806 740 856 cognatae
760 793 971 858 jacturam
992 796 1147 846 mortis
1170 796 1217 844 in
1239 816 1352 853 uno;

349 875 410 921 Et
435 871 633 937 queritur
655 869 759 918 facti
783 870 1010 932 sanguinis
1035 890 1128 920 esse
1152 892 1317 939 parum.

287 950 536 1000 Abstrahor
560 968 584 996 a
606 947 761 1014 patriis
784 947 997 1012 pedibus3
1023 961 1280 1017 raptamque
1306 950 1498 1018 capillis,

350 1031 454 1076 Haec
478 1025 638 1074 meruit
660 1024 801 1090 pietas
823 1023 1020 1089 praemia‚
1047 1044 1191 1074 carcer
1212 1027 1359 1076 habet.

285 1106 460 1154 Scilicet
481 1123 532 1152 ex
556 1101 633 1149 illo
651 1099 848 1148 Junonia
870 1113 1095 1166 permanet
1117 1102 1200 1161 ira,
1650 1121 1694 1155 85

349 1185 454 1247 Quo
477 1182 564 1229 bos
588 1199 639 1228 ex
660 1178 839 1226 homine
863 1189 951 1235 est,
979 1197 1031 1227 ex
1053 1179 1166 1229 bove
1190 1181 1301 1230 facta
1324 1184 1428 1231 Dea.

328 1303 378 1350 75.
391 1303 431 1335 In
443 1301 570 1334 timt'da.
585 1300 626 1332 In
637 1299 785 1338 tremula,
802 1295 956 1331 Gronov.

329 1355 379 1400 78.
400 1355 449 1387 Tu
451 1351 550 1396 fugis
562 1363 571 1384 :
584 1354 660 1393 ipsa
670 1362 783 1383 momr.
802 1349 871 1383 Res
886 1349 956 1393 ipsa

285 1405 390 1441 oculis
401 1403 580 1448 subjicitur
595 1415 602 1436 :
620 1401 752 1436 vividus
765 1401 852 1436 adeo
866 1413 957 1435 nar-

283 1459 389 1494 rantis
406 1455 575 1502 impetus!

329 1524 378 1558 79.
393 1510 496 1543 Mane
505 1510 580 1541 erat
590 1519 599 1540 :
610 1510 647 1540 et
654 1507 808 1539 Danaus.
818 1504 955 1547 Malim,

283 1567 323 1597 at
338 1564 492 1595 Danaus.
505 1560 576 1593 Pro
588 1561 623 1591 ιἰι
638 1559 737 1597 cede,
753 1556 867 1602 scripti
883 1558 956 1591 sere

284 1626 406 1648 omnes
419 1638 428 1655 ,
446 1624 490 1645 ex
505 1611 603 1644 ccede.
619 1609 751 1643 HEINS.

326 1666 379 1699 80.
405 1665 541 1697 Summa·
568 1663 715 1695 criminis
746 1671 830 1693 unus
864 1661 955 1693 abes.

283 1719 386 1752 Unus
399 1715 530 1756 deeras,
547 1712 617 1758 qui,
632 1711 660 1745 si
674 1711 835 1745 fratribus
846 1711 957 1745 inter-

282 1769 384 1804 emtis
400 1768 551 1805 additus,
570 1763 722 1798 criminis
730 1759 890 1797 summam
900 1776 956 1797 cu-

283 1821 455 1856 mulasses.
469 1818 655 1852 Ductumva
666 1816 952 1860 computantibus.

325 1874 377 1907 82.
402 1873 452 1905 Et
476 1872 622 1915 queritur
629 1868 765 1912 saelum
783 1870 956 1910 sanguim?

281 1937 355 1959 csse
357 1935 487 1968 parum.
499 1922 608 1961 Facti,
619 1926 764 1965 praestan
770 1918 872 1953 tiores
883 1930 957 1952 om-

281 1990 352 2011 nes.
381 1977 504 2008 Facere
529 1975 724 2016 sanguinem
737 1998 746 2011 ‚
775 1977 813 2004 ut
834 1971 981 2015 facem*

282 2030 419 2067 cedem,
438 2024 526 2070 apud
543 2023 694 2057 Livium·
703 2022 841 2066 Cicero,
858 2022 913 2057 lib.
926 2033 953 2067 Ι,

283 2080 391 2125 Epist,
419 2088 481 2111 xw
496 2102 506 2119 ‚
535 2075 577 2109 ad
602 2075 758 2109 Atticum
781 2086 790 2108 ε
816 2076 916 2108 Nihil
931 2087 954 2108 a

281 2132 472 2166 domesticis·
493 2129 639 2162 vulneris·
653 2126 788 2170 sactum
807 2129 863 2159 sit.
888 2125 955 2160 Se-

281 2195 379 2226 neca,
389 2195 428 2216 ex
437 2179 574 2226 optimis
582 2178 951 2221 membranis,Medea‚

278 2246 303 2267 v
315 2261 324 2277 ‚
348 2234 412 2281 993
429 2242 437 2263 ε
453 2234 514 2265 ΝίΙ
529 2233 639 2264 adhuc
645 2231 745 2274 sacti
763 2243 853 2271 reor,
878 2242 952 2264 non

272 2287 417 2331 sactum.
434 2284 566 2317 Hnms.
579 2283 630 2316 lta
644 2289 679 2316 et
687 2281 800 2316 Graeci
811 2283 953 2329 πράσσειν

281 2340 369 2382 αἷμα.
386 2335 540 2381 Euripid.
557 2335 593 2368 in
610 2333 755 2368 Oreste:

279 2397 382 2429 Κκκῆς
394 2390 528 2432 γυναικὸς
538 2412 547 2429 ,
572 2389 657 2430 οὕνεχ
672 2385 753 2430 ἀἷμ’
768 2387 951 2430 ἐπραξάμην.

324 2441 376 2474 83.
408 2440 443 2473 A
463 2438 586 2482 patriis
614 2439 776 2472 manibus.
806 2439 952 2471 Pedibus

280 2493 396 2527 iidem.
420 2492 510 2525 Fast.
524 2501 553 2524 11
566 2516 576 2533 ,
602 2490 664 2524 832
679 2501 688 2523 ε

311 2550 344 2574 Et
357 2548 423 2573 cadit
435 2548 462 2572 in
475 2547 570 2579 patrios
583 2546 776 2578 sanguinolenta
788 2545 877 2579 peden

281 2596 350 2632 Sed
364 2596 598 2630 Scriverianus
608 2602 642 2629 et
650 2594 858 2634 Iial‘niensis,
870 2605 951 2628 cum

282 2649 489 2691 Erfurtano,
521 2650 654 2681 laribus.
685 2647 744 2681 Sic
775 2646 950 2680 Remediis

281 2700 437 2742 Amoris,
456 2700 538 2745 237:

279 2754 335 2780 Nec
348 2759 371 2778 tc·
385 2755 423 2778 lm·
432 2753 531 2785 patrius
541 2771 548 2783 ,
567 2753 611 2777 ml
619 2761 690 2777 amor
698 2752 826 2777 revocabit
837 2753 931 2777 amicae.

1066 1299 1117 1332 85.
1143 1300 1282 1334 sedicet
1302 1314 1344 1335 ex
1365 1297 1426 1336 illo
1441 1302 1591 1337 Junom’a
1605 1316 1691 1348 pcr-

1020 1354 1195 1385 manelira
1204 1359 1267 1387 etc.
1279 1353 1358 1388 Non
1371 1361 1443 1388 tam
1453 1354 1692 1401 intempestiva

1022 1402 1106 1436 mihi
1127 1403 1265 1438 videtur
1287 1407 1440 1441 narratio
1466 1406 1560 1450 haec,
1586 1419 1692 1452 quam

1021 1453 1090 1488 visa
1103 1454 1280 1499 quondam
1291 1470 1419 1504 magno
1434 1458 1620 1504 scaligero,
1633 1459 1693 1504 qui

1022 1505 1169 1540 alienam
1194 1520 1333 1552 prorsus
1361 1516 1568 1555 argumento
1588 1506 1692 1554 hujus

1021 1556 1183 1602 Epistolae
1214 1559 1396 1604 judicabat.
1425 1561 1567 1596 Dolenti
1595 1562 1692 1596 enim

1020 1611 1196 1653 praesentis
1219 1612 1279 1646 sati
1300 1613 1518 1648 acerbitatem
1532 1639 1541 1657 ‚
1560 1614 1613 1649 vel
1628 1614 1692 1648 in-

1020 1661 1096 1695 vitae
1123 1663 1268 1697 recurrit
1291 1665 1544 1708 praeteritarum
1566 1678 1690 1700 recor—

1019 1712 1112 1747 datio
1122 1714 1367 1758 calamitatum,
1376 1728 1465 1760 quae,
1479 1728 1690 1761 quamquam

1020 1777 1136 1798 amara
1151 1791 1160 1808 ,
1186 1764 1288 1799 hahet
1320 1773 1437 1800 tamen
1466 1767 1581 1802 nescio
1607 1767 1690 1813 quid

1020 1815 1113 1861 quod
1136 1816 1270 1851 animos
1286 1824 1360 1851 tum
1377 1818 1480 1863 ipsius
1495 1819 1688 1862 nan-antis,

1019 1875 1094 1903 tum
1109 1868 1322 1903 audientium
1332 1873 1472 1903 treis-lilia
1480 1872 1595 1912 solvit,
1613 1880 1691 1916 quae

1017 1932 1091 1954 non
1114 1921 1186 1954 sine
1207 1921 1393 1966 voluptate*
1410 1921 1577 1959 Judicent
1594 1948 1604 1966 ,
1629 1922 1689 1968 qui

1018 1972 1202 2017 aliquando
1226 1974 1365 2018 experti.
1390 1974 1470 2008 Non
1489 1987 1553 2021 ego
1569 1981 1689 2011 tamen

1017 2025 1216 2070 negaverim
1239 2024 1407 2060 Ovidium
1422 2026 1510 2060 sorte
1527 2026 1688 2061 libentius

1016 2076 1157 2121 ingenio
1168 2076 1344 2111 indulsisse
1353 2103 1362 2120 ,
1374 2077 1410 2111 in
1422 2077 1616 2112 enarranda
1629 2078 1687 2113 Ius
1722 2087 1723 2090 ’

1016 2128 1128 2161 sabula
1141 2141 1148 2169 ;
1164 2127 1223 2162 sed
1238 2141 1354 2163 versus
1368 2128 1454 2163 adeo
1467 2136 1548 2164 sunt
1560 2129 1686 2175 lepidi,

1015 2179 1062 2213 ita
1071 2179 1190 2214 molles
1198 2186 1234 2213 et
1242 2179 1394 2224 delicati,
1406 2187 1445 2215 ut
1457 2181 1577 2215 durior
1586 2181 1685 2225 mihi,

1014 2243 1060 2265 ne
1072 2230 1184 2266 dicam
1192 2232 1338 2265 omnino
1344 2232 1520 2277 barbarus,
1533 2233 1592 2279 qui
1603 2246 1688 2268 exu-

1014 2283 1084 2317 lare
1101 2284 1218 2327 saciat,
1238 2283 1406 2319 videatur.

1058 2335 1109 2370 86.
1125 2338 1183 2370 Ez-
1196 2338 1275 2370 bove
1281 2336 1386 2381 facta
1400 2339 1489 2372 Dea.
1506 2338 1634 2384 Regius
1644 2339 1685 2372 de

1014 2390 1102 2422 bove.
1123 2389 1175 2422 Ita
1190 2388 1280 2422 Just.
1293 2398 1348 2422 vu
1360 2415 1369 2432 ,
1396 2403 1415 2423 2
1429 2402 1436 2423 :
1457 2390 1629 2433 Captivum
1642 2391 1685 2423 dc

1013 2440 1437 2484 regefaclun'videbantun
1462 2440 1554 2475 Flor.
1571 2450 1619 2485 Π,
1639 2441 1684 2474 5:

1015 2494 1186 2526 Libe-dale
1192 2492 1470 2536 donatista-erant
1479 2495 1522 2526 de
1528 2495 1684 2526 sentrulc

1013 2546 1194 2578 Romanos.
1218 2544 1263 2578 Et
1279 2553 1378 2587 mox,
1396 2546 1538 2578 mediam
1548 2545 1626 2588 jam
1641 2545 1683 2577 de

1012 2598 1119 2630 Italia
1134 2597 1287 2641 Africam
1294 2596 1455 2640 facerent
1467 2608 1475 2629 ε

1011 2655 1037 2681 Si
1049 2655 1150 2680 (bn-tum
1163 2657 1231 2680 volet
1241 2675 1250 2687 ,
1267 2655 1311 2680 fies
1323 2656 1354 2680 de
1366 2654 1476 2680 Rhetore
1487 2654 1600 2686 Consul;

1013 2705 1038 2728 Si
1053 2704 1121 2729 volet
1134 2704 1187 2729 hmo.
1199 2704 1303 2735 endem,
1317 2704 1362 2728 fies
1375 2704 1407 2727 dn
1423 2703 1526 2727 consule
1539 2702 1645 2727 mmor.

1315 2754 1418 2777 Jnvnu.
1435 2753 1487 2776 Sat.
1500 2758 1547 2776 vn
1558 2770 1566 2782 ,
1580 2759 1634 2785 ¹⁹7·
