1884 3112
315 263 401 319 234
746 266 1098 313 EPISTOLA
1134 271 1286 316 XIII.

312 357 485 423 Raptus
509 374 555 405 es
577 356 681 405 hinc
704 376 923 425 praeceps3
948 371 1014 418 et,
1041 361 1119 427 qui
1142 373 1217 411 tua
1239 363 1333 412 vela
1356 378 1558 426 vocarem

377 432 522 495 Quem
546 446 756 499 cuperent
778 447 946 494 nautae,
967 456 1061 485 non
1085 457 1190 501 ege,
1215 451 1372 489 ventus
1394 453 1498 491 erat.
1682 469 1721 491 ιο

310 508 481 556 Ventus
503 521 594 557 erat
616 511 763 559 nautis
785 524 914 579 aptus
928 549 940 571 ‚
966 533 1058 561 non
1081 526 1211 581 aptus
1234 517 1408 565 amanti.

374 583 531 632 Solvor
553 585 608 634 ab
634 586 854 653 amplexu,
881 589 1145 650 Protesilae,
1172 603 1274 649 tuo;

309 659 568 727 Linguaque
591 664 841 713 mandantis
863 666 997 714 verba
1020 667 1277 734 imperfecta
1298 667 1534 735 relinquit;

371 738 459 785 Vix
481 737 592 786 illud
613 741 763 805 potuit
787 741 928 790 dicere
953 744 1097 802 triste,
1124 744 1259 794 Vale!

309 814 520 861 Incubuit
541 816 705 865 Boreas
719 855 731 875 ,
769 819 1038 886 abreptaque
1061 820 1156 869 vela
1179 821 1391 879 tetendit3
1685 835 1726 871 1⁵

372 893 559 958 Jamque
581 913 704 943 meus
728 894 860 959 longe
887 897 1158 946 Pr0tesilaus
1180 911 1283 947 erat.

308 968 427 1016 Dum
450 970 578 1034 potui
601 983 795 1036 spectare
819 972 982 1032 virum,
1009 986 1204 1041 spectare
1225 975 1433 1040 juvabat:

372 1045 568 1112 Sumque
593 1059 694 1095 tuos
720 1048 873 1097 oculos
897 1069 1038 1116 usque
1063 1063 1212 1099 secuta
1234 1051 1357 1099 meis.

309 1122 374 1168 Ut
398 1133 438 1169 te
461 1141 555 1170 non
577 1135 798 1189 poteram,
824 1138 1021 1191 poteram
1049 1138 1123 1175 tua
1146 1127 1239 1175 vela
1263 1127 1406 1177 videre
1426 1147 1437 1176 :

372 1197 480 1246 Vela
506 1199 582 1247 diu
605 1200 753 1249 vultus
778 1202 1003 1251 detinuere
1026 1222 1161 1251 meos.
1683 1230 1725 1253 20

306 1275 368 1322 At
388 1288 627 1342 postquam
645 1297 725 1327 nec
750 1290 814 1338 te,
839 1299 920 1328 nec
943 1279 1038 1328 vela
1060 1280 1232 1344 fugacia
1254 1281 1368 1340 vidi3

371 1354 430 1400 Et
451 1354 573 1419 quod
594 1368 856 1421 spectarem,
882 1356 970 1416 nil,
995 1358 1082 1406 nisi
1101 1370 1291 1424 pontus,
1316 1370 1431 1416 erat;

305 1430 402 1477 Lux
427 1450 604 1497 quoque
630 1445 774 1482 tecum
798 1434 928 1492 abiit3
955 1436 1149 1484 tenebris
1174 1436 1408 1499 exsanguis
1431 1437 1623 1486 obortis-

371 1506 591 1555 Succiduo
618 1508 739 1556 dicor
761 1510 1051 1575 procubuisse
1062 1574 1065 1576 -
1076 1531 1204 1574 genu.

305 1582 392 1630 Vix
414 1602 537 1632 socer
557 1585 777 1652 Iphiclus,
803 1587 875 1634 vix
897 1605 966 1636 me
990 1588 1245 1650 grandaevus
1268 1590 1476 1648 AcastuS,
1616 1626 1618 1628 ψ
1682 1604 1726 1639 25

351 1723 400 1757 13.
417 1725 611 1770 linguaque
631 1729 826 1761 mandantis
843 1734 907 1763 cte.
926 1727 984 1763 Sic

305 1775 456 1810 emenda
468 1802 477 1819 ‚
505 1790 614 1821 quum
632 1778 798 1813 hactenus
814 1782 984 1814 mandatis

305 1825 490 1872 legeretur.
508 1828 651 1864 EGNAT.
664 1830 792 1866 Melius
805 1857 814 1874 ,
836 1831 927 1876 quod
946 1832 983 1866 in

305 1880 462 1925 margine
477 1881 602 1917 codicis
619 1895 637 1916 a
651 1895 687 1917 se
703 1883 815 1917 collati
832 1883 984 1929 adscrip-

305 1939 396 1966 serat
410 1931 603 1968 Gruterus:
616 1935 809 1979 Linguaque
824 1937 984 1969 mandan-

306 1986 352 2017 tis
362 1986 464 2018 verba
475 1985 672 2029 imperfecta
686 1989 828 2032 reliquit.
843 1987 890 2022 Et
906 2000 983 2032 quae

305 2035 436 2070 suerint
451 2036 634 2082 mandata,
652 2039 771 2083 Postea
784 2039 962 2084 exprimit:

305 2095 339 2119 Et
351 2095 430 2121 facito
443 2101 471 2121 ut
484 2097 570 2128 dien,
586 2099 686 2131 quoties
699 2107 813 2131 pugnare
823 2099 924 2132 parabi·
933 2118 943 2130 ‚

336 2144 443 2168 Parcere
455 2154 495 2169 me
505 2146 585 2178 jussit
597 2146 738 2171 Laodamia
749 2147 813 2171 sibi.

310 2190 520 2238 Ceteraque,
534 2206 610 2238 quae
621 2194 751 2229 ibidem
758 2196 885 2241 partim
894 2208 986 2241 prae-

249 2255 254 2259 ’
307 2243 438 2278 cedunt
451 2271 459 2288 ,
478 2245 605 2290 partim
620 2254 826 2292 sequuntur.
841 2247 888 2282 D.
904 2248 952 2282 Η.

354 2297 403 2339 14.
415 2297 541 2330 Potuit.
551 2297 609 2333 Sic
621 2311 661 2332 ex
676 2305 825 2343 quatuor
833 2295 983 2344 scrip'tis;

309 2359 383 2381 non
395 2351 503 2391 potui.

352 2400 400 2432 15.
415 2401 573 2434 Incubuit
581 2402 721 2436 Boreas.
738 2402 810 2437 Pro
828 2402 982 2447 quolibet

305 2458 410 2484 vento
426 2453 575 2498 propitio
592 2454 753 2488 euntibus
763 2468 781 2488 e
799 2453 933 2489 Graecia
945 2454 982 2488 in

308 2502 510 2549 Phrygiam.
536 2505 676 2551 Alioqui
700 2508 830 2541 Boreas
844 2512 985 2541 contra-

307 2555 378 2589 rius
386 2563 446 2591 est.
462 2555 565 2592 C10F.
572 2576 616 2583 —
626 2558 841 2603 Arreplaque.
853 2559 986 2602 Abrep—

310 2611 409 2651 laque
430 2609 631 2643 Puteaneus
644 2617 679 2644 et
696 2610 750 2644 alii
763 2610 987 2655 praestantio-

307 2672 372 2692 res.
391 2660 524 2696 HEINS.
557 2662 651 2697 Nihil
680 2669 788 2696 muta.
817 2662 981 2705 Arrepta,

307 2710 432 2744 scilicet
446 2724 464 2745 a
475 2720 590 2747 vento.
604 2731 649 2739 --
663 2715 852 2758 Ereptaque
864 2713 963 2747 Junii
972 2740 982 2757 ,

308 2761 438 2798 Douzae
460 2771 494 2798 et
509 2764 616 2799 Palat.
647 2766 868 2811 Afflataque,
883 2763 986 2799 Basil.

1048 1729 1178 1764 BURM.
1189 1748 1232 1754 —
1243 1729 1338 1764 Male
1354 1743 1362 1765 :
1377 1742 1451 1764 non
1463 1730 1559 1764 enim
1568 1733 1605 1764 in
1615 1731 1726 1777 Phry-

1045 1785 1136 1826 giam
1149 1781 1265 1816 statim
1283 1781 1504 1825 Protesilaus,
1515 1781 1576 1816 sed
1589 1794 1608 1816 e
1622 1789 1725 1827 portu

1049 1832 1201 1878 quodam
1216 1832 1401 1868 Thessaliae
1413 1860 1423 1878 ,
1437 1834 1474 1867 in
1486 1833 1631 1873 Boeotiae
1642 1846 1728 1879 por-

1048 1893 1125 1920 tum
1149 1884 1314 1920 Aulidem
1324 1911 1334 1928 ,
1362 1885 1421 1920 ubi
1443 1892 1636 1920 conventus
1658 1884 1724 1920 in-

1049 1937 1158 1972 dictus
1174 1944 1248 1972 erat
1264 1936 1469 1972 Graecorum
1487 1936 1605 1980 classi,
1622 1936 1727 1975 navi-

1049 1989 1158 2034 gabat.
1172 1989 1302 2024 Boreas
1316 1988 1422 2034 igitur
1439 1987 1588 2024 omnino
1604 2000 1726 2023 secun-

1046 2043 1110 2076 dus
1125 2049 1199 2076 erat
1212 2048 1346 2076 ventus.
1363 2040 1527 2076 Limum.

1096 2107 1108 2127 1
1116 2107 1145 2139 7.
1155 2095 1245 2127 Dum
1248 2095 1350 2138 potui
1352 2096 1505 2137 spectum
1515 2098 1581 2126 etc.
1592 2090 1721 2126 Similis

1048 2157 1155 2190 prope
1163 2144 1257 2180 locus
1264 2152 1316 2180 est
1324 2145 1360 2179 in
1370 2144 1478 2190 Epist.
1489 2143 1663 2186 OEnones3
1674 2145 1726 2179 55:

1047 2199 1192 2233 Prosequor
1202 2199 1293 2225 infelix
1302 2199 1385 2224 oculis
1396 2199 1518 2224 abeuntia
1528 2198 1595 2223 vela.
1614 2199 1692 2224 Clor.

1096 2262 1107 2282 1
1114 2262 1144 2296 9.
1158 2250 1313 2282 Poteram
1326 2252 1386 2282 tua
1396 2250 1475 2282 vela
1483 2249 1607 2282 videre.
1620 2246 1726 2283 Fran—

1048 2299 1120 2334 cius
1136 2300 1272 2335 volebat
1283 2326 1293 2344 ,
1310 2301 1466 2348 Potcram
1482 2301 1559 2334 dum
1575 2300 1655 2347 vela
1664 2300 1727 2333 vi—

1049 2353 1126 2386 dere
1138 2378 1146 2393 ‚
1181 2354 1266 2387 Vela
1280 2354 1338 2386 diu
1350 2358 1415 2386 etc.

1094 2404 1145 2438 23.
1163 2405 1239 2437 Lux
1253 2417 1377 2451 quoque
1387 2407 1494 2438 lecum
1508 2405 1612 2444 abiit,
1631 2405 1726 2436 lene—-

1049 2458 1177 2501 bn'squc
1191 2459 1356 2501 exanguis·
1368 2459 1493 2491 obortis
1501 2455 1663 2490 Succiduo
1672 2455 1727 2487 di·-

1049 2521 1110 2541 cor
1127 2510 1343 2552 procubuisse
1370 2521 1468 2552 genu.
1510 2506 1652 2542 Plautus
1688 2504 1726 2538 iu

1053 2557 1264 2593 Curculione
1282 2559 1318 2593 II
1330 2585 1339 2602 ,
1373 2570 1419 2593 111
1432 2585 1442 2603 ,
1466 2558 1510 2591 30
1533 2570 1542 2592 :
1572 2557 1727 2591 Tenebra-

1048 2613 1363 2655 obon'untungenua
1369 2612 1483 2644 inedia
1487 2609 1670 2643 succidunt.
1674 2607 1690 2642 I
1694 2618 1725 2641 1).

1093 2665 1146 2697 25.
1180 2664 1247 2696 Vix
1271 2675 1322 2696 me
1344 2663 1537 2706 grandevus
1564 2660 1726 2694 Acastus.

1050 2713 1196 2748 Dubitat
1211 2713 1405 2748 Burmann.
1422 2713 1459 2750 in
1483 2710 1649 2755 Catalogo
1661 2709 1727 2744 Ar-

1050 2771 1190 2811 gonaut.
1217 2778 1322 2810 quem
1354 2763 1484 2802 Valerii
1512 2761 1626 2799 Flacci
1651 2760 1727 2796 edt-

1876 664 1884 706 Ξ

1875 712 1884 752 3

1874 760 1884 787 a

1871 790 1884 836 ἒ

1875 839 1884 868 t

1864 871 1884 927 -Ῐί

1871 924 1884 976 l

1878 999 1884 1019 k

1877 1049 1884 1092 i
