1884 3112
311 270 390 299 110

786 256 1137 302 EPISTOLA
1169 260 1226 306 V,

362 348 425 414 At
446 347 555 395 mihi
575 346 780 395 flaventes
803 347 1022 410 diriguere
1046 367 1195 397 comae.

297 423 392 472 Ah!
417 424 602 471 nimium
623 434 741 470 vates
760 423 928 472 miserae
947 424 1058 472 mihi
1080 444 1180 474 vera
1198 425 1341 474 fuisti!

360 498 564 547 Possidet
585 517 640 546 en
660 497 796 546 saltus
810 498 895 551 >illa
913 500 1097 565 juvenca
1117 520 1254 551 meos.

297 576 364 623 Sit
381 575 487 624 facie
512 575 708 641 quamvis
730 575 937 640 insignis,
963 578 1159 628 adultera
1179 590 1292 628 certe
1315 591 1393 628 est.

1647 597 1708 632 125

359 655 564 703 Deseruit
584 654 749 713 socios,
773 649 949 722 hospite
973 668 1120 723 capta,
1146 657 1278 706 Deos.

294 729 419 778 Illam
438 730 490 779 de
514 731 655 797 patria
676 726 900 790 Theseus,
919 732 1006 780 nisi
1029 733 1216 782 nomine
1233 732 1388 792 fallor,

354 806 514 855 Nescio
540 807 639 873 quis
662 807 881 866 Theseus,
904 808 1091 858 abstulit
1111 821 1211 858 ante
1236 828 1328 857 sua

291 885 334 932 A
353 884 508 950 juvene
528 895 572 932 et
592 884 754 950 cupido
779 885 982 934 credatur
1000 886 1170 935 reddita
1193 887 1353 950 virgo?

356 960 484 1009 Unde
508 960 595 1008 hoc
621 962 908 1027 compererim
926 974 1015 1010 tam
1036 963 1171 1021 bene,
1191 963 1380 1029 quaeris?
1402 983 1511 1012 amn.

290 1038 393 1086 Vim
414 1037 516 1086 licet
533 1036 749 1105 appelles,
774 1050 818 1087 et
841 1038 1013 1105 culpam
1034 1039 1213 1088 nomine
1237 1038 1378 1098 veles;

291 1180 457 1228 Rapzdere.
479 1182 640 1217 Priamus
662 1181 759 1216 enim
775 1181 972 1227 imperave—

290 1243 343 1270 rat
360 1262 369 1279 ,
398 1242 437 1269 ut
459 1234 593 1280 quoties
612 1233 808 1268 Cassandra
823 1233 971 1268 solveret

291 1301 328 1324 os
354 1288 391 1322 in
413 1286 550 1322 oracula
561 1314 569 1328 ‚
600 1286 701 1322 toties
728 1299 806 1321 eam
832 1285 971 1320 samulae

290 1346 493 1375 coercerent
506 1339 695 1373 marmorei
709 1338 850 1373 thalami
867 1339 971 1373 claus-

291 1392 353 1426 tris
367 1417 376 1435 ‚
395 1398 434 1426 ut
459 1391 629 1426 insanam.
659 1391 827 1425 Meminit
857 1390 971 1437 L'yco-

291 1444 406 1489 phrou
422 1450 458 1478 et
476 1443 550 1488 ejus
566 1443 748 1488 interpres.

340 1495 410 1530 123.
418 1496 564 1530 Nimium
575 1507 666 1528 vera.
678 1493 755 1528 val.
767 1493 876 1528 Flacc.
886 1504 923 1536 v,
934 1495 968 1528 5:

290 1555 328 1581 At
341 1563 440 1580 memor
455 1554 589 1580 AEsouides
602 1554 714 1579 nimium
725 1554 779 1586 jam
789 1562 853 1579 vera
863 1553 946 1578 locuti

291 1605 410 1629 Phineos.
753 1630 755 1632 ‚

291 1653 344 1686 Ita
358 1663 457 1686 verus
472 1652 629 1691 Calchas,
647 1650 732 1685 Stat.
753 1660 802 1694 11,
815 1649 925 1684 Achil.
940 1664 968 1696 7.

292 1704 370 1749 Ipsa
389 1701 582 1737 Cassandra
599 1701 690 1747 apud
703 1701 854 1752 AEschyl.
867 1701 969 1747 Aga-

292 1767 424 1790 memn.
445 1755 546 1801 1249:

436 1813 500 1842 Καὶ
515 1811 551 1841 σὺ
567 1811 629 1851 μὴν
645 1806 735 1850 τάχει
750 1808 850 1854 παρὼν
861 1831 871 1848 ,

291 1861 372 1905 Αγάν
388 1858 417 1904 γ’
435 1860 653 1902 ἀληθόμαντιν,
673 1861 833 1907 οἰκτείρας,
854 1859 938 1906 ἐρεῖς.

339 1913 409 1956 124.
429 1912 589 1945 Possidet
602 1923 644 1943 en
655 1912 763 1943 saltus
776 1915 839 1943 etc.
853 1909 970 1943 Usur-

290 1971 407 2011 patam
422 1976 441 1996 a
463 1960 656 1996 Cassandra
672 1959 830 2005 Metaph.
851 1959 968 2004 sequi-

291 2024 358 2052 tur.
386 2016 456 2050 Per
478 2016 587 2048 sallus
607 2025 714 2052 meos,
743 2011 967 2058 intelligenda

291 2080 412 2103 eorum
430 2064 614 2111 possessio,
639 2077 715 2110 quae
737 2064 830 2109 prius
856 2064 966 2099 OEno-

291 2133 371 2163 nes,
395 2131 491 2152 nunc
505 2123 586 2151 sunt
603 2116 759 2150 Helenae.

337 2185 349 2206 ι
357 2173 408 2206 25.
424 2171 478 2204 Sil
480 2170 579 2214 facie
589 2171 737 2214 quamvis
748 2171 890 2212 insdgm's
900 2175 963 2203 etc.

290 2222 464 2259 Invidiosa
488 2221 662 2256 concessio
674 2246 683 2264 ,
707 2220 801 2254 unde
829 2219 940 2255 multo
954 2245 963 2263 ,

290 2287 366 2321 quae
381 2280 595 2318 sequuntur,
611 2272 783 2306 acerbiora
797 2271 833 2306 in
848 2271 965 2316 Hele-

289 2339 373 2362 nam
392 2330 611 2370 consurgent.
623 2342 668 2348 —
681 2325 863 2367 Proesigmlr
873 2350 882 2363 ‚
892 2332 966 2357 ‘co—-

290 2379 355 2413 dex
389 2376 638 2412 Ambrosianus
662 2388 670 2410 :
700 2379 804 2409 recte.
838 2375 965 2411 Noster

291 2430 378 2464 Met.
396 2439 469 2472 ΧΗ,
488 2427 576 2462 215:

289 2490 430 2522 Cinctaque
446 2488 518 2513 adest
534 2487 608 2519 virgo
623 2491 735 2511 matrum
745 2506 754 2518 ,
770 2494 916 2519 nurumque

370 2543 472 2562 caterva

290 2587 429 2620 Proesignis
444 2586 519 2611 facie.

337 2655 347 2675 1
356 2642 407 2675 25.
420 2643 582 2676 Deseruit
588 2644 729 2685 patrios,
741 2642 876 2684 bospice
887 2651 964 2682 cap·

289 2698 328 2726 la
338 2720 345 2733 ‚
371 2694 475 2726 Deos.
497 2691 643 2727 Codices
671 2692 798 2727 exarati
821 2703 960 2733 omnes,

290 2745 404 2779 Socios
418 2745 512 2778 Deos
525 2756 644 2786 :vere;
662 2742 742 2778 na'm
751 2746 868 2787 patria
883 2754 963 2777 mox

763 2585 869 2610 Heius.

1650 966 1709 1012 130

1033 1184 1199 1233 sequitur.
1220 1183 1316 1220 Deos
1330 1184 1426 1220 euim
1440 1184 1659 1231 conjugales'
1649 1197 1708 1221 m-

1037 1234 1167 1280 telligit.
1184 1235 1317 1270 HEINS.

1083 1299 1152 1333 127.
1171 1288 1318 1321 Theseus
1335 1287 1425 1330 (mxi
1432 1290 1564 1327 nomene
1565 1287 1705 1332 fallor.)

1036 1336 1202 1373 Puellaris
1229 1337 1371 1383 quidem
1389 1364 1401 1382 ,
1427 1338 1488 1385 sed
1516 1338 1706 1385 ingenuose

1035 1389 1396 1435 mendaxsimplicitas,
1405 1402 1482 1436 quoe
1488 1389 1590 1436 fingit
1596 1390 1707 1436 igno-

1034 1453 1110 1475 rare
1131 1454 1166 1475 se
1176 1467 1185 1485 ,
1213 1453 1288 1487 quae
1312 1442 1400 1477 scire
1424 1442 1514 1478 tanti
1536 1442 1707 1478 OEnonen

1034 1492 1223 1537 referebat,
1237 1506 1346 1538 quum
1356 1492 1537 1529 doctorem
1547 1493 1707 1528 omnium

1035 1543 1279 1588 peritissimum
1289 1544 1413 1580 habeat
1422 1557 1591 1581 amorem.
1602 1545 1708 1580 Fate-

1033 1595 1127 1630 bitur
1142 1603 1176 1630 et
1192 1595 1264 1641 ipsa
1276 1622 1287 1640 ,
1304 1608 1377 1630 non
1392 1596 1440 1630 ita
1454 1596 1567 1632 multo
1580 1603 1674 1642 post:

1033 1654 1111 1679 Unde
1121 1654 1171 1680 hoc
1182 1655 1350 1688 compererim
1359 1660 1412 1680 tum
1422 1655 1497 1687 bene,
1512 1657 1626 1690 quaa-is?
1635 1665 1706 1682 amo.

1080 1716 1151 1751 129.
1167 1704 1203 1738 A
1204 1704 1333 1748 juvene
1344 1708 1382 1738 et
1390 1706 1510 1749 cupido
1522 1711 1586 1740 etc.
1595 1705 1620 1739 J
1622 1717 1707 1740 uve-

1034 1753 1088 1789 nis
1103 1761 1177 1789 erat
1193 1754 1350 1790 Theseus
1361 1781 1371 1799 ,
1395 1762 1431 1790 et
1445 1755 1590 1802 cupidus
1606 1769 1615 1791 :
1631 1757 1706 1802 quis

1033 1805 1261 1852 credatigitur
1268 1810 1442 1851 virginem,
1459 1806 1575 1851 idest,
1593 1806 1707 1842 intae—

1033 1865 1118 1901 tam,
1133 1858 1308 1892 Helenam
1317 1858 1509 1894 remisisse?
1521 1858 1580 1894 Sic
1591 1859 1707 1894 reddit

1034 1909 1143 1954 stupri
1157 1916 1361 1954 suspectam.
1382 1928 1426 1936 -·
1449 1911 1613 1945 Credatur
1622 1912 1706 1945 ted-

1030 1962 1105 1994 dita
1130 1962 1258 2005 virgo?
1291 1962 1461 1997 Illibatam
1494 1969 1613 1997 tamen
1639 1962 1706 1997 do-

1030 2026 1130 2047 mum
1141 2014 1262 2049 fratres
1274 2014 1446 2049 reduxisse
1459 2021 1605 2049 narrant
1612 2014 1704 2062 My-

1030 2065 1210 2112 thograph.
1220 2073 1256 2101 et
1269 2066 1310 2100 ab
1325 2064 1548 2111 OEnophoro,
1565 2065 1706 2112 Hippo-

1031 2115 1182 2151 thoontis
1204 2115 1275 2150 filio
1291 2115 1462 2151 violatam.
1492 2117 1495 2127 ¹
1547 2128 1550 2131 ·

1076 2165 1147 2199 131.
1170 2168 1245 2201 Vim
1262 2169 1345 2200 lt‘cet
1357 2167 1515 2210 appelles.
1540 2165 1704 2201 Conten-

1030 2216 1088 2251 das
1102 2217 1192 2261 licet,
1206 2216 1247 2251 ad
1261 2216 1491 2252 excusandam
1506 2217 1700 2262 Helenam,

1028 2271 1095 2302 vim
1116 2267 1164 2302 illi
1185 2281 1204 2302 a
1225 2268 1362 2303 Theseo
1377 2268 1508 2304 illatam
1521 2269 1634 2305 fuisse.
1658 2287 1703 2295 -

1028 2321 1079 2354 Et
1089 2322 1220 2364 culpam
1235 2323 1367 2355 nomine
1387 2322 1491 2355 veles.
1507 2320 1604 2368 Virg.
1617 2319 1701 2355 AEn.

1029 2381 1069 2406 tv
1077 2397 1087 2414 ‚
1111 2385 1170 2417 172
1184 2385 1192 2406 :

1028 2431 1278 2464 Coniugiumvo2n3
1288 2430 1337 2457 boc
1338 2431 1469 2466 praetexit
1477 2430 1699 2466 nominecuqmm.

1029 2478 1076 2514 Et
1086 2480 1226 2524 Noster,
1239 2480 1282 2515 de
1295 2475 1442 2524 Medea,
1454 2480 1542 2516 Met.
1554 2478 1676 2526 v11,v69
1691 2493 1699 2515 :

1029 2541 1090 2573 eonj
1095 2541 1215 2573 ugiumue
1225 2546 1301 2574 putas
1306 2559 1315 2573 ‚
1326 2541 1492 2574 speciosaque
1500 2540 1608 2565 mutina
1616 2538 1702 2572 culpa

1027 2589 1158 2622 imponis,
1175 2589 1286 2621 Medea,
1302 2590 1369 2614 tun!
1685 2623 1687 2626 Α

1028 2637 1135 2672 Multi
1159 2637 1312 2682 codices,
1340 2639 1438 2672 celes.
1456 2635 1515 2672 Sic
1535 2642 1571 2671 et
1586 2634 1699 2672 Graeci

1029 2701 1186 2735 quoque,
1459 2723 1461 2725 .

1140 2770 1148 2781 ,
1210 2743 1372 2785 ‹Murato-,ua
1389 2745 1554 2790 seponimu-
