1884 3112
296 309 345 351 18

835 306 892 350 A
939 303 1171 350 SABINI

352 381 556 430 Solamen
574 381 721 444 longis
742 380 817 429 illa
836 381 958 430 fuere
979 381 1117 430 malis.

286 451 450 522 Arguis
472 471 524 507 ut
543 458 742 508 lentum:
765 457 938 506 mallem
961 476 1135 524 quoque
1154 443 1340 505 forsitan
1364 475 1478 506 esse·
1470 495 1480 514 ‚
1594 494 1598 498 ,
1675 472 1696 503 5

354 536 501 599 Quam
521 535 604 583 tibi
626 553 810 600 quaeque
830 533 912 582 tuli
930 534 1095 592 dicere,
1120 551 1303 600 quaeque
1322 531 1469 581 feram.

285 613 388 662 Non
408 613 496 660 hoc
521 611 683 676 objecit
702 610 821 659 mihi·
836 611 1003 660 Grae‘cia
1016 650 1028 670 ,
1054 631 1190 678 quum
1209 630 1304 659 mea
1322 609 1449 659 fictus

350 687 556 736 Detinuit
575 687 720 753 patrio
742 687 871 737 litore
892 687 987 736 vela
1007 688 1144 737 furor.

286 764 375 814 Sed
396 763 596 812 thalamis
614 781 695 810 nec
713 763 822 810 velle
845 763 954 819 tuis,
977 780 1058 809 nec
1082 779 1214 827 posse
1229 779 1394 819 carere,
1436 756 1439 758 ’

354 843 584 908 Causaque
603 838 819 902 fingendae
843 851 892 887 tu
912 838 1023 886 mihi
1043 838 1203 886 mentis
1225 857 1332 886 eras.

1664 865 1702 887 10

286 918 362 967 Nil
384 918 469 966 tibi
487 917 725 966 rescribam
748 935 861 964 curae
885 926 972 974 est,
995 933 1316 981 properemque
1338 916 1505 964 venire:

352 995 474 1041 Dum
492 1012 686 1060 propero
701 1029 712 1051 ‚
738 991 906 1040 adversi
927 991 1023 1040 vela
1041 990 1178 1040 tulere
1198 992 1322 1040 Noti.

286 1074 391 1121 Non
407 1090 477 1119 me
495 1070 630 1135 Troja
647 1081 767 1118 tenet
779 1107 791 1127 ‚
820 1069 964 1117 Graiis
988 1069 1141 1117 odiosa
1159 1068 1339 1136 puellis;

351 1151 381 1197 J
384 1167 453 1196 am
474 1147 608 1205 cinis,
633 1159 678 1196 et
699 1158 870 1195 tantum
890 1145 1060 1204 flebile,
1085 1146 1241 1211 Troja,
1268 1144 1425 1193 solum.

289 1225 641 1292 Deiphobusque
661 1224 797 1289 jacet;
818 1224 931 1288 jacet
950 1222 1106 1279 Asius,
1132 1233 1176 1270 et
1194 1222 1309 1287 jacet
1330 1223 1519 1280 Hector;

1666 1235 1705 1268 15

354 1303 416 1349 Et
439 1300 705 1367 quicumque
729 1299 795 1346 tui
819 1317 950 1347 causa
972 1297 1142 1345 timoris
1164 1309 1268 1346 erat.

290 1378 422 1426 Evasi
444 1389 490 1426 et
509 1377 732 1425 Thracum
753 1395 865 1424 caeso
891 1375 1000 1423 duce
1023 1373 1175 1441 praelia
1198 1374 1375 1433 Rheso,

356 1457 410 1502 In
431 1469 528 1501 mea
551 1453 732 1519 captivis
757 1464 897 1500 castra
919 1463 1115 1500 revectus
1139 1450 1264 1516 equis
1287 1470 1298 1498 ε

293 1531 438 1578 Tutus
461 1540 506 1577 et
529 1547 552 1576 e
574 1527 717 1575 media
741 1527 943 1593 Phrygiae
965 1526 1211 1574 Tritonidis
1234 1545 1331 1574 arce

293 1671 374 1708 licet
390 1672 512 1718 quibus
525 1671 664 1706 tabellas
679 1671 906 1718 obsignabant
915 1682 972 1705 ve-

296 1731 386 1759 teres
395 1751 404 1768 ,
423 1724 570 1769 ideoque
582 1727 783 1768 szgrnatonbs
798 1730 857 1757 aut
866 1725 971 1766 ugil-

296 1779 437 1810 lalon'os
452 1775 627 1819 dicebant,
645 1783 684 1810 ut
699 1775 936 1810 discernerent
952 1787 973 1808 a

296 1830 508 1873 sponsam&
522 1834 558 1862 et
574 1829 768 1861 honorastis.

343 1882 374 1914 5.
397 1880 522 1924 Argut‘s
546 1883 585 1913 ut
609 1882 743 1913 lentum.
773 1877 973 1923 Penelope:

299 1933 391 1967 lento
408 1932 470 1966 tibi
485 1931 591 1966 mittit
604 1958 613 1975 ,
629 1931 742 1965 Ulixe.

346 1999 375 2031 7.
392 1986 497 2028 Quum
507 1997 583 2017 mea
574 1985 686 2029 fictus
693 1990 755 2018 etc.
769 1996 787 2012 «ι
795 1981 889 2016 Ulixi
901 1987 976 2015 erat

300 2048 506 2082 responsum
515 2062 524 2080 ,
539 2035 566 2070 si
580 2034 622 2069 ad
638 2035 785 2080 Trojam
794 2034 890 2078 isset,
899 2040 976 2079 post

302 2088 505 2122 vicesimum
533 2099 667 2121 annum
680 2103 690 2130 5
715 2086 828 2122 solum
843 2112 853 2130 ,
879 2086 976 2121 sociis

302 2139 444 2185 perditis
461 2166 470 2183 ‚
489 2146 651 2185 egentem
670 2138 816 2172 domum
842 2136 977 2172 reditu-

303 2191 527 2236 rum21taque
545 2203 654 2236 quum
662 2191 764 2225 sciret
772 2196 924 2224 oratores
933 2187 976 2223 ad

304 2256 339 2277 se
367 2249 533 2277 venturos
550 2268 558 2285 ‚
585 2242 756 2276 insaniam
789 2241 952 2276 simulans
965 2267 976 2284 ,

306 2294 436 2339 pileum
447 2294 568 2328 sumsit
581 2319 589 2337 ‚
604 2301 638 2328 et
651 2307 782 2339 equum
794 2306 874 2329 cum
889 2293 978 2328 bove

306 2345 417 2390 junxit
424 2344 466 2379 ad
473 2352 637 2380 aratrum.
646 2344 681 2390 Q
687 2358 767 2380 uem
776 2343 977 2380 Palamedes

308 2405 346 2431 ut
356 2396 452 2440 vidit,
461 2397 566 2431 sensit
578 2397 752 2441 simulare,
762 2404 864 2442 atque
874 2393 978 2430 Tele-

308 2448 475 2493 machum-
492 2447 602 2482 filium
627 2449 719 2494 ejus,
745 2448 841 2483 cunis
857 2447 977 2483 subla-

310 2507 404 2543 tum,
429 2506 542 2534 aratro
561 2499 593 2533 ei
614 2499 776 2544 subiecit,
795 2506 829 2534 et
846 2497 978 2533 aitzsi-

309 2551 498 2585 mulatione
528 2550 681 2596 deposita
698 2577 707 2594 ,
735 2552 828 2585 inter
856 2550 980 2594 conju-

310 2611 400 2638 ratos
415 2603 505 2637 veni.
518 2603 621 2637 Tunc
633 2603 751 2638 Ulixes
765 2603 871 2637 fidem
886 2600 981 2636 dedit

309 2668 343 2690 se
362 2661 552 2688 venturum
569 2668 584 2701 ².
593 2668 632 2688 ex
654 2667 696 2688 eo
719 2653 894 2689 Palamedi
919 2653 981 2686 in·-

312 2709 415 2741 festus
435 2706 501 2739 suit
529 2720 557 2739 ».
586 2705 716 2752 Hygin.
741 2706 823 2740 Fab.
844 2715 922 2739 xcv.
947 2710 981 2737 et

315 2758 397 2792 AEn.
411 2769 460 2801 11,
478 2757 516 2791 81
533 2763 565 2790 et
583 2769 655 2802 sqq.
674 2757 818 2792 Metam.
834 2768 921 2800 x111,
941 2755 982 2789 56

314 2817 347 2843 Μ
361 2821 431 2853 sqq.

1082 1684 1132 1705 ιο.
1157 1672 1330 1716 Causaque
1337 1670 1510 1716 fingenda
1522 1677 1585 1704 etc.
1607 1670 1709 1704 Frus-

1034 1729 1089 1757 tra
1109 1723 1234 1758 vitium
1259 1723 1446 1768 suspicatus
1465 1729 1516 1756 est
1539 1722 1708 1756 Burman.

1022 1776 1131 1820 fingit
1143 1775 1238 1809 enim
1252 1778 1408 1814 mentem,
1423 1773 1482 1818 qui
1495 1773 1591 1808 illam
1606 1773 1708 1808 aliam

1036 1826 1175 1861 simulat
1190 1833 1291 1870 atque
1306 1832 1366 1860 est.
1380 1825 1434 1859 Ita
1446 1827 1572 1860 vultum
1579 1827 1711 1871 fingere

1040 1878 1157 1912 Caesar
1174 1877 1257 1911 dixit
1269 1904 1279 1921 ,
1297 1877 1337 1911 B.
1351 1875 1395 1911 G.
1407 1903 1418 1920 ,
1439 1876 1491 1923 39.
1513 1878 1610 1911 Ficta
1629 1889 1686 1910 ore
1698 1903 1706 1916 ,

1037 1942 1101 1976 pro
1129 1928 1320 1974 composito
1352 1928 1397 1963 ad
1427 1927 1684 1963 simulationem
1699 1953 1708 1971 ,

1038 1988 1158 2016 noster
1171 2007 1180 2025 ‚
1200 1981 1264 2026 Ep.
1278 1992 1372 2015 xv111
1382 2006 1391 2024 ‚
1410 1981 1458 2014 15.
1473 1978 1633 2014 Limum».

1087 2048 1135 2068 11.
1157 2035 1221 2068 Nil
1246 2035 1311 2066 tibi
1330 2033 1508 2066 rescribam
1536 2043 1622 2065 curoe
1648 2034 1710 2064 est.

1040 2084 1230 2130 Scripserat
1242 2083 1417 2128 Penelope
1430 2096 1438 2117 z

1121 2137 1150 2163 N
1152 2138 1169 2161 il
1185 2136 1249 2160 mihi
1267 2134 1390 2160 rescribas
1408 2139 1436 2159 ut
1452 2139 1546 2158 tamen.

1041 2193 1076 2220 et
1088 2184 1210 2231 probat
1220 2210 1229 2228 ,
1244 2184 1303 2229 qui
1318 2180 1505 2228 respondet
1518 2207 1527 2225 ‚
1546 2181 1684 2216 Ulixem
1700 2207 1709 2223 ,

1041 2250 1084 2272 eo
1098 2263 1107 2280 ‚
1125 2248 1194 2281 quo
1209 2248 1273 2270 nos
1286 2261 1296 2279 ‚
1311 2247 1414 2270 sensu
1427 2233 1540 2268 uxoris
1553 2239 1710 2267 mentem

1041 2287 1258 2334 perspexisse.

1090 2340 1137 2374 13.
1160 2341 1236 2374 Non
1255 2352 1307 2372 me
1334 2338 1435 2383 Troja
1457 2341 1567 2378 tenet,
1598 2338 1713 2372 Graiis

1042 2394 1160 2427 odiosa
1167 2393 1302 2436 puellis.
1317 2390 1361 2424 In
1373 2390 1469 2435 epist.
1482 2387 1689 2435 praecedenti
1703 2400 1711 2421 :

1042 2446 1179 2479 Danais
1193 2446 1301 2478 invisa
1306 2444 1440 2487 puellis.
1461 2444 1615 2488 παρῳδει,
1639 2451 1711 2474 non

1042 2496 1208 2531 imitatur.

1092 2550 1140 2582 15.
1154 2549 1269 2582 Asius.
1281 2545 1426 2594 Hyrtaci
1439 2544 1539 2586 filius,
1554 2543 1661 2577 Hom.
1676 2540 1714 2575 Il.

1045 2606 1077 2634 B.
1093 2600 1165 2646 837.
1186 2606 1221 2633 et
1249 2599 1326 2633 alibi
1342 2598 1576 2636 memoratus;
1597 2594 1715 2627 inter-

1045 2651 1153 2685 sectus
1161 2651 1201 2685 ab
1214 2650 1418 2693 Idomeneo,
1429 2647 1510 2682 ILN.
1523 2646 1593 2689 184.
1602 2651 1715 2690 etsqq.

1046 2703 1121 2737 Nisi
1144 2704 1232 2736 sorte
1249 2701 1312 2735 suit
1333 2701 1454 2742 frater,
1471 2710 1575 2743 quem
1598 2703 1717 2731 noster

1047 2753 1262 2800 Hyrtaciden
1273 2760 1382 2794 vocat,
1395 2751 1498 2786 Trist.
1513 2761 1539 2795 1,
1556 2749 1651 2794 Eleg.
1663 2758 1714 2790 IV,

1050 2806 1106 2849 24;
1126 2812 1159 2839 et
1174 2805 1209 2838 in
1228 2804 1323 2848 Ibin,
1338 2804 1411 2838 532.
