<?xml version="1.0" encoding="UTF-8"?>
<!DOCTYPE html PUBLIC "-//W3C//DTD XHTML 1.0 Transitional//EN"
    "http://www.w3.org/TR/xhtml1/DTD/xhtml1-transitional.dtd">
<html xmlns="http://www.w3.org/1999/xhtml" xml:lang="en" lang="en">
 <head>
  <title>
</title>
<meta http-equiv="Content-Type" content="text/html;charset=utf-8" />
  <meta name='ocr-system' content='tesseract 3.04.00' />
  <meta name='ocr-capabilities' content='ocr_page ocr_carea ocr_par ocr_line ocrx_word'/>
</head>
<body>
  <div class='ocr_page' id='page_1' title='image "./quaeextantomniao01oviduoft_0212.png"; bbox 0 0 1884 3112; ppageno 0'>
   <div class='ocr_carea' id='block_1_1' title="bbox 357 276 437 318">
    <p class='ocr_par' dir='ltr' id='par_1_1' title="bbox 357 276 437 318">
     <span class='ocr_line' id='line_1_1' title="bbox 357 276 437 318; baseline 0 -1"><span class='ocrx_word' id='word_1_1' title='bbox 357 276 437 318; x_wconf 86' lang='lat'><strong>180</strong></span> 
     </span>
    </p>
   </div>
   <div class='ocr_carea' id='block_1_2' title="bbox 820 278 1294 328">
    <p class='ocr_par' dir='ltr' id='par_1_2' title="bbox 820 278 1294 328">
     <span class='ocr_line' id='line_1_2' title="bbox 820 278 1294 328; baseline 0.015 -7"><span class='ocrx_word' id='word_1_2' title='bbox 820 278 1166 325; x_wconf 91' lang='lat' dir='ltr'><strong>EPISTOLA</strong></span> <span class='ocrx_word' id='word_1_3' title='bbox 1202 284 1294 328; x_wconf 89' lang='lat' dir='ltr'><strong>IX.</strong></span> 
     </span>
    </p>
   </div>
   <div class='ocr_carea' id='block_1_3' title="bbox 338 365 1755 1282">
    <p class='ocr_par' dir='ltr' id='par_1_3' title="bbox 338 365 1755 1282">
     <span class='ocr_line' id='line_1_3' title="bbox 413 365 1230 432; baseline 0.01 -19"><span class='ocrx_word' id='word_1_4' title='bbox 413 366 479 414; x_wconf 89' lang='lat' dir='ltr'><strong>Ne</strong></span> <span class='ocrx_word' id='word_1_5' title='bbox 502 365 648 432; x_wconf 83' lang='lat' dir='ltr'>pigeat</span> <span class='ocrx_word' id='word_1_6' title='bbox 669 365 793 415; x_wconf 89' lang='lat' dir='ltr'><strong>molli</strong></span> <span class='ocrx_word' id='word_1_7' title='bbox 818 370 1099 420; x_wconf 88' lang='lat' dir='ltr'><strong>succubuisse</strong></span> <span class='ocrx_word' id='word_1_8' title='bbox 1122 373 1230 420; x_wconf 89' lang='lat' dir='ltr'><strong>viro.</strong></span> 
     </span>
     <span class='ocr_line' id='line_1_4' title="bbox 347 441 1333 514; baseline 0.01 -26"><span class='ocrx_word' id='word_1_9' title='bbox 347 441 468 489; x_wconf 84' lang='lat' dir='ltr'>Inter</span> <span class='ocrx_word' id='word_1_10' title='bbox 489 442 686 490; x_wconf 85' lang='lat' dir='ltr'><strong>Ioniacas</strong></span> <span class='ocrx_word' id='word_1_11' title='bbox 710 442 1141 496; x_wconf 86' lang='lat' dir='ltr'><strong>calathumtenuisse</strong></span> <span class='ocrx_word' id='word_1_12' title='bbox 1164 448 1333 514; x_wconf 88' lang='lat' dir='ltr'><strong>puellas</strong></span> 
     </span>
     <span class='ocr_line' id='line_1_5' title="bbox 410 519 1359 588; baseline 0.009 -23"><span class='ocrx_word' id='word_1_13' title='bbox 410 519 602 577; x_wconf 85' lang='lat' dir='ltr'><strong>Diceris,</strong></span> <span class='ocrx_word' id='word_1_14' title='bbox 629 531 674 567; x_wconf 92' lang='lat' dir='ltr'><strong>et</strong></span> <span class='ocrx_word' id='word_1_15' title='bbox 697 519 884 570; x_wconf 83' lang='lat' dir='ltr'><strong>dominae</strong></span> <span class='ocrx_word' id='word_1_16' title='bbox 906 523 1183 588; x_wconf 84' lang='lat' dir='ltr'><strong>pertimuisse</strong></span> <span class='ocrx_word' id='word_1_17' title='bbox 1205 525 1359 574; x_wconf 90' lang='lat' dir='ltr'><strong>minas.</strong></span> 
     </span>
     <span class='ocr_line' id='line_1_6' title="bbox 345 595 1755 667; baseline 0.008 -23"><span class='ocrx_word' id='word_1_18' title='bbox 345 596 449 644; x_wconf 86' lang='lat' dir='ltr'><strong>Non</strong></span> <span class='ocrx_word' id='word_1_19' title='bbox 471 595 608 658; x_wconf 90' lang='lat' dir='ltr'><strong>fugis,</strong></span> <span class='ocrx_word' id='word_1_20' title='bbox 634 595 809 657; x_wconf 88' lang='lat' dir='ltr'><strong>Alcide,</strong></span> <span class='ocrx_word' id='word_1_21' title='bbox 834 599 1055 648; x_wconf 86' lang='lat' dir='ltr'><strong>victricem</strong></span> <span class='ocrx_word' id='word_1_22' title='bbox 1077 600 1195 650; x_wconf 90' lang='lat' dir='ltr'><strong>mille</strong></span> <span class='ocrx_word' id='word_1_23' title='bbox 1218 600 1419 652; x_wconf 90' lang='lat' dir='ltr'><strong>laborum</strong></span> <span class='ocrx_word' id='word_1_24' title='bbox 1522 624 1523 627; x_wconf 47' lang='lat'>¹</span> <span class='ocrx_word' id='word_1_25' title='bbox 1624 619 1627 623; x_wconf 82' lang='grc'>’</span> <span class='ocrx_word' id='word_1_26' title='bbox 1710 622 1755 667; x_wconf 75' lang='lat'><strong>75</strong></span> 
     </span>
     <span class='ocr_line' id='line_1_7' title="bbox 408 672 1357 743; baseline 0.008 -23"><span class='ocrx_word' id='word_1_27' title='bbox 408 672 634 722; x_wconf 86' lang='lat' dir='ltr'><strong>Rasilibus</strong></span> <span class='ocrx_word' id='word_1_28' title='bbox 658 674 838 723; x_wconf 83' lang='lat' dir='ltr'><strong>calathis</strong></span> <span class='ocrx_word' id='word_1_29' title='bbox 861 675 1122 743; x_wconf 89' lang='lat' dir='ltr'><strong>imposuisse</strong></span> <span class='ocrx_word' id='word_1_30' title='bbox 1148 680 1357 727; x_wconf 81' lang='lat' dir='ltr'><strong>manum?</strong></span> 
     </span>
     <span class='ocr_line' id='line_1_8' title="bbox 345 751 1297 821; baseline 0.006 -23"><span class='ocrx_word' id='word_1_31' title='bbox 345 751 586 817; x_wconf 90' lang='lat' dir='ltr'><strong>Crassaque</strong></span> <span class='ocrx_word' id='word_1_32' title='bbox 609 752 797 800; x_wconf 91' lang='lat' dir='ltr'><strong>robusto</strong></span> <span class='ocrx_word' id='word_1_33' title='bbox 819 752 996 802; x_wconf 89' lang='lat' dir='ltr'><strong>deducis</strong></span> <span class='ocrx_word' id='word_1_34' title='bbox 1019 753 1181 821; x_wconf 90' lang='lat' dir='ltr'><strong>pollice</strong></span> <span class='ocrx_word' id='word_1_35' title='bbox 1203 756 1297 814; x_wconf 84' lang='lat' dir='ltr'><strong>fila,</strong></span> 
     </span>
     <span class='ocr_line' id='line_1_9' title="bbox 406 827 1421 898; baseline 0.007 -25"><span class='ocrx_word' id='word_1_36' title='bbox 406 827 639 892; x_wconf 87' lang='lat' dir='ltr'><strong>AEquaque</strong></span> <span class='ocrx_word' id='word_1_37' title='bbox 662 827 864 878; x_wconf 82' lang='lat' dir='ltr'><strong>formosae</strong></span> <span class='ocrx_word' id='word_1_38' title='bbox 885 849 1022 896; x_wconf 90' lang='lat' dir='ltr'><strong>pensa</strong></span> <span class='ocrx_word' id='word_1_39' title='bbox 1042 831 1249 898; x_wconf 89' lang='lat' dir='ltr'><strong>rependis</strong></span> <span class='ocrx_word' id='word_1_40' title='bbox 1273 832 1421 880; x_wconf 83' lang='lat' dir='ltr'><strong>herae?</strong></span> 
     </span>
     <span class='ocr_line' id='line_1_10' title="bbox 339 903 1515 974; baseline 0.008 -24"><span class='ocrx_word' id='word_1_41' title='bbox 339 903 412 952; x_wconf 94' lang='lat' dir='ltr'><strong>Ah</strong></span> <span class='ocrx_word' id='word_1_42' title='bbox 437 905 628 970; x_wconf 89' lang='lat' dir='ltr'><strong>quoties,</strong></span> <span class='ocrx_word' id='word_1_43' title='bbox 656 905 804 968; x_wconf 85' lang='lat' dir='ltr'><strong>digitis</strong></span> <span class='ocrx_word' id='word_1_44' title='bbox 829 905 934 955; x_wconf 91' lang='lat' dir='ltr'><strong>dum</strong></span> <span class='ocrx_word' id='word_1_45' title='bbox 957 919 1136 974; x_wconf 90' lang='lat' dir='ltr'><strong>torques</strong></span> <span class='ocrx_word' id='word_1_46' title='bbox 1160 910 1346 958; x_wconf 88' lang='lat' dir='ltr'><strong>stamina</strong></span> <span class='ocrx_word' id='word_1_47' title='bbox 1369 910 1515 970; x_wconf 81' lang='lat' dir='ltr'><strong>duris,</strong></span> 
     </span>
     <span class='ocr_line' id='line_1_11' title="bbox 404 981 1755 1039; baseline 0.007 -10"><span class='ocrx_word' id='word_1_48' title='bbox 404 981 650 1031; x_wconf 84' lang='lat' dir='ltr'><strong>Praevalidae</strong></span> <span class='ocrx_word' id='word_1_49' title='bbox 672 982 795 1031; x_wconf 85' lang='lat' dir='ltr'><strong>fusos</strong></span> <span class='ocrx_word' id='word_1_50' title='bbox 819 985 1111 1034; x_wconf 91' lang='lat' dir='ltr'><strong>comminuere</strong></span> <span class='ocrx_word' id='word_1_51' title='bbox 1134 1005 1303 1034; x_wconf 89' lang='lat' dir='ltr'><strong>manus.</strong></span> <span class='ocrx_word' id='word_1_52' title='bbox 1707 1006 1755 1039; x_wconf 76' lang='lat'><strong>80</strong></span> 
     </span>
     <span class='ocr_line' id='line_1_12' title="bbox 339 1059 1492 1122; baseline 0.003 -15"><span class='ocrx_word' id='word_1_53' title='bbox 339 1060 561 1118; x_wconf 85' lang='lat' dir='ltr'><strong>Crederis‚</strong></span> <span class='ocrx_word' id='word_1_54' title='bbox 587 1059 762 1118; x_wconf 84' lang='lat' dir='ltr'><strong>infelix,</strong></span> <span class='ocrx_word' id='word_1_55' title='bbox 789 1061 963 1109; x_wconf 85' lang='lat' dir='ltr'><strong>scuticae</strong></span> <span class='ocrx_word' id='word_1_56' title='bbox 986 1062 1262 1111; x_wconf 82' lang='lat' dir='ltr'><strong>tremefactus</strong></span> <span class='ocrx_word' id='word_1_57' title='bbox 1285 1063 1492 1122; x_wconf 88' lang='lat' dir='ltr'><strong>habenis,</strong></span> 
     </span>
     <span class='ocr_line' id='line_1_13' title="bbox 399 1136 1469 1203; baseline 0.002 -19"><span class='ocrx_word' id='word_1_58' title='bbox 399 1136 517 1185; x_wconf 91' lang='lat' dir='ltr'><strong>Ante</strong></span> <span class='ocrx_word' id='word_1_59' title='bbox 540 1136 674 1203; x_wconf 90' lang='lat' dir='ltr'><strong>pedes</strong></span> <span class='ocrx_word' id='word_1_60' title='bbox 697 1136 884 1184; x_wconf 84' lang='lat' dir='ltr'><strong>dominae</strong></span> <span class='ocrx_word' id='word_1_61' title='bbox 907 1138 1198 1203; x_wconf 88' lang='lat' dir='ltr'><strong>procubuisse</strong></span> <span class='ocrx_word' id='word_1_62' title='bbox 1223 1150 1321 1186; x_wconf 86' lang='lat' dir='ltr'><strong>tuae.</strong></span> <span class='ocrx_word' id='word_1_63' title='bbox 1467 1144 1469 1146; x_wconf 74' lang='grc'><strong>’</strong></span> 
     </span>
     <span class='ocr_line' id='line_1_14' title="bbox 338 1214 1456 1282; baseline 0.003 -21"><span class='ocrx_word' id='word_1_64' title='bbox 338 1214 531 1262; x_wconf 85' lang='lat' dir='ltr'><strong>Eximias</strong></span> <span class='ocrx_word' id='word_1_65' title='bbox 554 1232 761 1280; x_wconf 88' lang='lat' dir='ltr'><strong>pompas,</strong></span> <span class='ocrx_word' id='word_1_66' title='bbox 786 1215 1005 1280; x_wconf 84' lang='lat' dir='ltr'><strong>praeconia</strong></span> <span class='ocrx_word' id='word_1_67' title='bbox 1029 1234 1197 1264; x_wconf 90' lang='lat' dir='ltr'><strong>summa</strong></span> <span class='ocrx_word' id='word_1_68' title='bbox 1220 1216 1456 1282; x_wconf 87' lang='lat' dir='ltr'><strong>triumphi,</strong></span> 
     </span>
    </p>
   </div>
   <div class='ocr_carea' id='block_1_4' title="bbox 332 1340 1010 1644">
    <p class='ocr_par' dir='ltr' id='par_1_4' title="bbox 332 1340 1010 1644">
     <span class='ocr_line' id='line_1_15' title="bbox 380 1340 1010 1386; baseline 0.002 -11"><span class='ocrx_word' id='word_1_69' title='bbox 380 1340 431 1386; x_wconf 87' lang='lat'><strong>73.</strong></span> <span class='ocrx_word' id='word_1_70' title='bbox 448 1341 544 1374; x_wconf 80' lang='lat' dir='ltr'><strong>Inter</strong></span> <span class='ocrx_word' id='word_1_71' title='bbox 554 1341 713 1374; x_wconf 79' lang='lat' dir='ltr'><strong>Ioniacas</strong></span> <span class='ocrx_word' id='word_1_72' title='bbox 727 1347 791 1375; x_wconf 88' lang='lat' dir='ltr'><strong>etc.</strong></span> <span class='ocrx_word' id='word_1_73' title='bbox 815 1340 883 1375; x_wconf 86' lang='lat' dir='ltr'><strong>Alii</strong></span> <span class='ocrx_word' id='word_1_74' title='bbox 899 1341 1010 1376; x_wconf 77' lang='lat' dir='ltr'><strong>Mao-</strong></span> 
     </span>
     <span class='ocr_line' id='line_1_16' title="bbox 333 1391 1006 1434; baseline 0.001 -9"><span class='ocrx_word' id='word_1_75' title='bbox 333 1394 411 1426; x_wconf 84' lang='lat' dir='ltr'><strong>m&#39;as</strong></span> <span class='ocrx_word' id='word_1_76' title='bbox 422 1396 521 1434; x_wconf 80' lang='lat' dir='ltr'><strong>inter,</strong></span> <span class='ocrx_word' id='word_1_77' title='bbox 534 1391 743 1426; x_wconf 85' lang='lat' dir='ltr'><strong>reclamante</strong></span> <span class='ocrx_word' id='word_1_78' title='bbox 755 1391 913 1427; x_wconf 83' lang='lat' dir='ltr'><strong>codicum</strong></span> <span class='ocrx_word' id='word_1_79' title='bbox 926 1392 1006 1434; x_wconf 80' lang='lat' dir='ltr'><strong>fide,</strong></span> 
     </span>
     <span class='ocr_line' id='line_1_17' title="bbox 334 1443 1010 1490; baseline 0.001 -12"><span class='ocrx_word' id='word_1_80' title='bbox 334 1457 376 1478; x_wconf 87' lang='lat' dir='ltr'><strong>ex</strong></span> <span class='ocrx_word' id='word_1_81' title='bbox 391 1456 542 1490; x_wconf 89' lang='lat' dir='ltr'><strong>quorum</strong></span> <span class='ocrx_word' id='word_1_82' title='bbox 553 1443 754 1478; x_wconf 87' lang='lat' dir='ltr'><strong>auctoritate</strong></span> <span class='ocrx_word' id='word_1_83' title='bbox 768 1443 952 1479; x_wconf 85' lang='lat' dir='ltr'><strong>lectionem</strong></span> <span class='ocrx_word' id='word_1_84' title='bbox 963 1444 1010 1479; x_wconf 82' lang='lat' dir='ltr'><strong>ita</strong></span> 
     </span>
     <span class='ocr_line' id='line_1_18' title="bbox 334 1494 1010 1532; baseline 0 -2"><span class='ocrx_word' id='word_1_85' title='bbox 334 1495 586 1530; x_wconf 84' lang='lat' dir='ltr'><strong>restituendam</strong></span> <span class='ocrx_word' id='word_1_86' title='bbox 621 1494 803 1530; x_wconf 81' lang='lat' dir='ltr'><strong>admoneri</strong></span> <span class='ocrx_word' id='word_1_87' title='bbox 841 1496 1010 1532; x_wconf 89' lang='lat' dir='ltr'><strong>lectorem</strong></span> 
     </span>
     <span class='ocr_line' id='line_1_19' title="bbox 332 1547 1009 1593; baseline 0.001 -13"><span class='ocrx_word' id='word_1_88' title='bbox 332 1547 514 1582; x_wconf 88' lang='lat' dir='ltr'><strong>voluimus.</strong></span> <span class='ocrx_word' id='word_1_89' title='bbox 527 1547 671 1582; x_wconf 76' lang='lat' dir='ltr'><strong>EGNAT.</strong></span> <span class='ocrx_word' id='word_1_90' title='bbox 695 1547 786 1593; x_wconf 86' lang='lat' dir='ltr'><strong>Lege</strong></span> <span class='ocrx_word' id='word_1_91' title='bbox 804 1560 845 1582; x_wconf 87' lang='lat' dir='ltr'><strong>ex</strong></span> <span class='ocrx_word' id='word_1_92' title='bbox 859 1554 1009 1592; x_wconf 84' lang='lat' dir='ltr'><strong>utroque</strong></span> 
     </span>
     <span class='ocr_line' id='line_1_20' title="bbox 334 1599 1009 1644; baseline 0.001 -12"><span class='ocrx_word' id='word_1_93' title='bbox 334 1599 415 1633; x_wconf 87' lang='lat' dir='ltr'><strong>Vat.</strong></span> <span class='ocrx_word' id='word_1_94' title='bbox 423 1601 680 1633; x_wconf 82' lang='lat' dir='ltr'><strong>InterIoniacas</strong></span> <span class='ocrx_word' id='word_1_95' title='bbox 691 1605 753 1633; x_wconf 87' lang='lat' dir='ltr'><strong>etc.</strong></span> <span class='ocrx_word' id='word_1_96' title='bbox 768 1599 908 1644; x_wconf 87' lang='lat' dir='ltr'><strong>Repetit</strong></span> <span class='ocrx_word' id='word_1_97' title='bbox 914 1599 1009 1633; x_wconf 85' lang='lat' dir='ltr'><strong>hunc</strong></span> 
     </span>
    </p>
   </div>
   <div class='ocr_carea' id='block_1_5' title="bbox 332 1650 1011 1789">
    <p class='ocr_par' dir='ltr' id='par_1_5' title="bbox 332 1650 1011 1789">
     <span class='ocr_line' id='line_1_21' title="bbox 332 1650 1011 1695; baseline 0 -11"><span class='ocrx_word' id='word_1_98' title='bbox 332 1663 472 1684; x_wconf 80' lang='lat' dir='ltr'><strong>versum</strong></span> <span class='ocrx_word' id='word_1_99' title='bbox 482 1676 492 1695; x_wconf 93' lang='lat'><strong>,</strong></span> <span class='ocrx_word' id='word_1_100' title='bbox 509 1650 565 1684; x_wconf 89' lang='lat' dir='ltr'><strong>lib.</strong></span> <span class='ocrx_word' id='word_1_101' title='bbox 577 1661 606 1684; x_wconf 91' lang='lat'><strong>11</strong></span> <span class='ocrx_word' id='word_1_102' title='bbox 617 1676 627 1693; x_wconf 91' lang='lat'><strong>,</strong></span> <span class='ocrx_word' id='word_1_103' title='bbox 642 1650 685 1685; x_wconf 89' lang='lat' dir='ltr'><strong>de</strong></span> <span class='ocrx_word' id='word_1_104' title='bbox 696 1650 783 1684; x_wconf 89' lang='lat' dir='ltr'><strong>Arte</strong></span> <span class='ocrx_word' id='word_1_105' title='bbox 794 1677 804 1694; x_wconf 86' lang='lat'><strong>,</strong></span> <span class='ocrx_word' id='word_1_106' title='bbox 816 1650 875 1684; x_wconf 91' lang='lat' dir='ltr'><strong>ubi</strong></span> <span class='ocrx_word' id='word_1_107' title='bbox 884 1650 932 1684; x_wconf 85' lang='lat' dir='ltr'><strong>ita</strong></span> <span class='ocrx_word' id='word_1_108' title='bbox 942 1657 1011 1685; x_wconf 86' lang='lat' dir='ltr'><strong>est:</strong></span> 
     </span>
     <span class='ocr_line' id='line_1_22' title="bbox 332 1709 906 1742; baseline -0.002 -8"><span class='ocrx_word' id='word_1_109' title='bbox 332 1709 529 1734; x_wconf 55' lang='lat' dir='ltr'><strong>Inter‘loniacas</strong></span> <span class='ocrx_word' id='word_1_110' title='bbox 539 1709 668 1734; x_wconf 70' lang='lat' dir='ltr'><strong>calathum</strong></span> <span class='ocrx_word' id='word_1_111' title='bbox 681 1710 794 1734; x_wconf 77' lang='lat' dir='ltr'><strong>tenuisse</strong></span> <span class='ocrx_word' id='word_1_112' title='bbox 807 1710 906 1742; x_wconf 75' lang='lat' dir='ltr'><strong>puellas</strong></span> 
     </span>
     <span class='ocr_line' id='line_1_23' title="bbox 363 1757 882 1789; baseline -0.002 -6"><span class='ocrx_word' id='word_1_113' title='bbox 363 1758 485 1783; x_wconf 81' lang='lat' dir='ltr'><strong>Creditur</strong></span> <span class='ocrx_word' id='word_1_114' title='bbox 493 1777 502 1789; x_wconf 83' lang='lat'><em>‚</em></span> <span class='ocrx_word' id='word_1_115' title='bbox 518 1762 545 1782; x_wconf 91' lang='lat' dir='ltr'><strong>et</strong></span> <span class='ocrx_word' id='word_1_116' title='bbox 557 1758 628 1783; x_wconf 68' lang='lat' dir='ltr'><strong>lanas</strong></span> <span class='ocrx_word' id='word_1_117' title='bbox 640 1758 783 1783; x_wconf 67' lang='lat' dir='ltr'><strong>excoluisse</strong></span> <span class='ocrx_word' id='word_1_118' title='bbox 795 1757 882 1782; x_wconf 77' lang='lat' dir='ltr'><strong>rudes.</strong></span> 
     </span>
    </p>
   </div>
   <div class='ocr_carea' id='block_1_6' title="bbox 332 1806 1010 2781">
    <p class='ocr_par' dir='ltr' id='par_1_6' title="bbox 332 1806 1010 2109">
     <span class='ocr_line' id='line_1_24' title="bbox 332 1806 1008 1852; baseline -0.001 -11"><span class='ocrx_word' id='word_1_119' title='bbox 332 1807 483 1849; x_wconf 79' lang='lat' dir='ltr'><strong>Maonia</strong></span> <span class='ocrx_word' id='word_1_120' title='bbox 498 1819 587 1841; x_wconf 76' lang='lat' dir='ltr'><strong>zona</strong></span> <span class='ocrx_word' id='word_1_121' title='bbox 602 1806 704 1852; x_wconf 89' lang='lat' dir='ltr'><strong>paulo</strong></span> <span class='ocrx_word' id='word_1_122' title='bbox 721 1813 801 1841; x_wconf 90' lang='lat' dir='ltr'><strong>ante</strong></span> <span class='ocrx_word' id='word_1_123' title='bbox 818 1818 1008 1852; x_wconf 76' lang='lat' dir='ltr'><strong>praecesse-</strong></span> 
     </span>
     <span class='ocr_line' id='line_1_25' title="bbox 333 1858 1008 1904; baseline 0 -10"><span class='ocrx_word' id='word_1_124' title='bbox 333 1866 388 1894; x_wconf 91' lang='lat' dir='ltr'><strong>rat</strong></span> <span class='ocrx_word' id='word_1_125' title='bbox 397 1871 518 1904; x_wconf 88' lang='lat' dir='ltr'><strong>:quare</strong></span> <span class='ocrx_word' id='word_1_126' title='bbox 531 1860 687 1893; x_wconf 84' lang='lat' dir='ltr'><strong>Moeom&#39;ae</strong></span> <span class='ocrx_word' id='word_1_127' title='bbox 697 1861 820 1903; x_wconf 82' lang='lat' dir='ltr'><strong>puella·</strong></span> <span class='ocrx_word' id='word_1_128' title='bbox 827 1858 883 1894; x_wconf 84' lang='lat' dir='ltr'><strong>hic</strong></span> <span class='ocrx_word' id='word_1_129' title='bbox 893 1859 1008 1894; x_wconf 83' lang='lat' dir='ltr'><strong>minus</strong></span> 
     </span>
     <span class='ocr_line' id='line_1_26' title="bbox 333 1910 1010 1956; baseline 0 -12"><span class='ocrx_word' id='word_1_130' title='bbox 333 1910 482 1956; x_wconf 84' lang='lat' dir='ltr'><strong>placent.</strong></span> <span class='ocrx_word' id='word_1_131' title='bbox 494 1912 590 1944; x_wconf 81' lang='lat' dir='ltr'><strong>Inter</strong></span> <span class='ocrx_word' id='word_1_132' title='bbox 596 1912 763 1951; x_wconf 84' lang='lat' dir='ltr'><strong>Ioniacas,</strong></span> <span class='ocrx_word' id='word_1_133' title='bbox 780 1910 856 1945; x_wconf 83' lang='lat' dir='ltr'><strong>libri</strong></span> <span class='ocrx_word' id='word_1_134' title='bbox 866 1917 1010 1945; x_wconf 82' lang='lat' dir='ltr'><strong>veteres.</strong></span> 
     </span>
     <span class='ocr_line' id='line_1_27' title="bbox 334 1961 1009 2007; baseline -0.003 -10"><span class='ocrx_word' id='word_1_135' title='bbox 334 1961 406 1997; x_wconf 83' lang='lat' dir='ltr'><strong>Sed</strong></span> <span class='ocrx_word' id='word_1_136' title='bbox 428 1962 543 1997; x_wconf 86' lang='lat' dir='ltr'><strong>verius</strong></span> <span class='ocrx_word' id='word_1_137' title='bbox 565 1969 671 2007; x_wconf 88' lang='lat' dir='ltr'><strong>put0,</strong></span> <span class='ocrx_word' id='word_1_138' title='bbox 702 1964 799 1996; x_wconf 83' lang='lat' dir='ltr'><strong>Inter</strong></span> <span class='ocrx_word' id='word_1_139' title='bbox 818 1963 979 1996; x_wconf 83' lang='lat' dir='ltr'><strong>Ioniadas</strong></span> <span class='ocrx_word' id='word_1_140' title='bbox 998 1974 1009 1995; x_wconf 92' lang='grc'><strong>.·</strong></span> 
     </span>
     <span class='ocr_line' id='line_1_28' title="bbox 333 2012 1006 2059; baseline -0.001 -11"><span class='ocrx_word' id='word_1_141' title='bbox 333 2012 513 2059; x_wconf 88' lang='lat' dir='ltr'><strong>quomodo</strong></span> <span class='ocrx_word' id='word_1_142' title='bbox 530 2013 626 2056; x_wconf 82' lang='lat' dir='ltr'><strong>alibi,</strong></span> <span class='ocrx_word' id='word_1_143' title='bbox 653 2014 850 2047; x_wconf 76' lang='lat' dir='ltr'><strong>Achaiades</strong></span> <span class='ocrx_word' id='word_1_144' title='bbox 867 2017 1006 2055; x_wconf 71' lang='lat' dir='ltr'><strong>matres,</strong></span> 
     </span>
     <span class='ocr_line' id='line_1_29' title="bbox 332 2064 965 2109; baseline -0.003 -8"><span class='ocrx_word' id='word_1_145' title='bbox 332 2066 554 2109; x_wconf 73' lang='lat' dir='ltr'><strong>Pelasgiadas</strong></span> <span class='ocrx_word' id='word_1_146' title='bbox 572 2067 669 2099; x_wconf 77' lang='lat' dir='ltr'><strong>urbes</strong></span> <span class='ocrx_word' id='word_1_147' title='bbox 680 2091 689 2105; x_wconf 86' lang='lat'><strong>,</strong></span> <span class='ocrx_word' id='word_1_148' title='bbox 708 2071 744 2099; x_wconf 89' lang='lat' dir='ltr'><strong>et</strong></span> <span class='ocrx_word' id='word_1_149' title='bbox 760 2064 891 2099; x_wconf 87' lang='lat' dir='ltr'><strong>similia.</strong></span> <span class='ocrx_word' id='word_1_150' title='bbox 916 2066 965 2099; x_wconf 88' lang='lat' dir='ltr'><strong>H.</strong></span> 
     </span>
    </p>

    <p class='ocr_par' dir='ltr' id='par_1_7' title="bbox 332 2115 1010 2525">
     <span class='ocr_line' id='line_1_30' title="bbox 379 2115 1009 2161; baseline 0 -11"><span class='ocrx_word' id='word_1_151' title='bbox 379 2119 429 2161; x_wconf 89' lang='lat'><strong>75.</strong></span> <span class='ocrx_word' id='word_1_152' title='bbox 455 2115 645 2160; x_wconf 76' lang='lat' dir='ltr'><strong>Nonsugt&#39;s.</strong></span> <span class='ocrx_word' id='word_1_153' title='bbox 670 2116 730 2151; x_wconf 83' lang='lat' dir='ltr'><strong>Sic</strong></span> <span class='ocrx_word' id='word_1_154' title='bbox 749 2129 831 2151; x_wconf 86' lang='lat' dir='ltr'><strong>cum</strong></span> <span class='ocrx_word' id='word_1_155' title='bbox 853 2116 1009 2150; x_wconf 89' lang='lat' dir='ltr'><strong>meliori-</strong></span> 
     </span>
     <span class='ocr_line' id='line_1_31' title="bbox 332 2167 1010 2212; baseline -0.003 -9"><span class='ocrx_word' id='word_1_156' title='bbox 332 2168 417 2212; x_wconf 86' lang='lat' dir='ltr'><strong>bus,</strong></span> <span class='ocrx_word' id='word_1_157' title='bbox 437 2174 523 2202; x_wconf 82' lang='lat' dir='ltr'><strong>noto</strong></span> <span class='ocrx_word' id='word_1_158' title='bbox 538 2167 737 2202; x_wconf 87' lang='lat' dir='ltr'><strong>Graecismo.</strong></span> <span class='ocrx_word' id='word_1_159' title='bbox 758 2168 816 2202; x_wconf 88' lang='lat' dir='ltr'><strong>Sic</strong></span> <span class='ocrx_word' id='word_1_160' title='bbox 826 2167 914 2211; x_wconf 77' lang='lat' dir='ltr'><strong>fuge</strong></span> <span class='ocrx_word' id='word_1_161' title='bbox 935 2180 1010 2201; x_wconf 83' lang='lat' dir='ltr'><strong>cre-</strong></span> 
     </span>
     <span class='ocr_line' id='line_1_32' title="bbox 333 2219 1008 2265; baseline -0.003 -11"><span class='ocrx_word' id='word_1_162' title='bbox 333 2221 412 2262; x_wconf 58' lang='lat' dir='ltr'><strong>dere</strong></span> <span class='ocrx_word' id='word_1_163' title='bbox 427 2219 518 2265; x_wconf 88' lang='lat' dir='ltr'><strong>apud</strong></span> <span class='ocrx_word' id='word_1_164' title='bbox 530 2219 731 2254; x_wconf 87' lang='lat' dir='ltr'><strong>Lucretium</strong></span> <span class='ocrx_word' id='word_1_165' title='bbox 741 2234 749 2261; x_wconf 89' lang='lat'>;</span> <span class='ocrx_word' id='word_1_166' title='bbox 756 2219 844 2264; x_wconf 78' lang='lat' dir='ltr'><strong>fuge</strong></span> <span class='ocrx_word' id='word_1_167' title='bbox 854 2232 1008 2264; x_wconf 79' lang='lat' dir='ltr'><strong>quarere,</strong></span> 
     </span>
     <span class='ocr_line' id='line_1_33' title="bbox 334 2271 1009 2316; baseline -0.001 -10"><span class='ocrx_word' id='word_1_168' title='bbox 334 2279 371 2306; x_wconf 89' lang='lat' dir='ltr'><strong>et</strong></span> <span class='ocrx_word' id='word_1_169' title='bbox 374 2271 463 2316; x_wconf 75' lang='lat' dir='ltr'><strong>suge</strong></span> <span class='ocrx_word' id='word_1_170' title='bbox 473 2274 640 2315; x_wconf 73' lang='lat' dir='ltr'><strong>suspicari</strong></span> <span class='ocrx_word' id='word_1_171' title='bbox 650 2271 739 2316; x_wconf 84' lang='lat' dir='ltr'><strong>apud</strong></span> <span class='ocrx_word' id='word_1_172' title='bbox 756 2272 880 2305; x_wconf 85' lang='lat' dir='ltr'><strong>Horat.</strong></span> <span class='ocrx_word' id='word_1_173' title='bbox 890 2297 900 2315; x_wconf 90' lang='lat'><strong>,</strong></span> <span class='ocrx_word' id='word_1_174' title='bbox 917 2277 956 2304; x_wconf 84' lang='lat' dir='ltr'><strong>ut</strong></span> <span class='ocrx_word' id='word_1_175' title='bbox 973 2278 1009 2305; x_wconf 88' lang='lat' dir='ltr'><strong>et</strong></span> 
     </span>
     <span class='ocr_line' id='line_1_34' title="bbox 335 2322 1010 2370; baseline -0.001 -13"><span class='ocrx_word' id='word_1_176' title='bbox 335 2322 435 2368; x_wconf 86' lang='lat' dir='ltr'><strong>plura</strong></span> <span class='ocrx_word' id='word_1_177' title='bbox 455 2322 596 2368; x_wconf 83' lang='lat' dir='ltr'><strong>hujusce</strong></span> <span class='ocrx_word' id='word_1_178' title='bbox 614 2329 716 2356; x_wconf 83' lang='lat' dir='ltr'><strong>notae.</strong></span> <span class='ocrx_word' id='word_1_179' title='bbox 734 2322 830 2368; x_wconf 85' lang='lat' dir='ltr'><strong>Virg.</strong></span> <span class='ocrx_word' id='word_1_180' title='bbox 848 2333 886 2356; x_wconf 88' lang='lat' dir='ltr'><strong>1x</strong></span> <span class='ocrx_word' id='word_1_181' title='bbox 898 2348 907 2366; x_wconf 92' lang='lat'><strong>,</strong></span> <span class='ocrx_word' id='word_1_182' title='bbox 930 2335 1010 2370; x_wconf 81' lang='lat'>199:</span> 
     </span>
     <span class='ocr_line' id='line_1_35' title="bbox 335 2381 994 2415; baseline -0.003 -7"><span class='ocrx_word' id='word_1_183' title='bbox 335 2383 416 2409; x_wconf 84' lang='lat' dir='ltr'><strong>Mene</strong></span> <span class='ocrx_word' id='word_1_184' title='bbox 425 2383 504 2415; x_wconf 76' lang='lat' dir='ltr'><strong>igitur</strong></span> <span class='ocrx_word' id='word_1_185' title='bbox 516 2383 615 2408; x_wconf 73' lang='lat' dir='ltr'><strong>socium</strong></span> <span class='ocrx_word' id='word_1_186' title='bbox 628 2382 736 2407; x_wconf 71' lang='lat' dir='ltr'><strong>summis</strong></span> <span class='ocrx_word' id='word_1_187' title='bbox 747 2382 886 2415; x_wconf 80' lang='lat' dir='ltr'><strong>adjungere</strong></span> <span class='ocrx_word' id='word_1_188' title='bbox 896 2381 972 2406; x_wconf 74' lang='lat' dir='ltr'><strong>rebus</strong></span> <span class='ocrx_word' id='word_1_189' title='bbox 984 2401 994 2413; x_wconf 97' lang='lat'><em>‚</em></span> 
     </span>
     <span class='ocr_line' id='line_1_36' title="bbox 333 2431 518 2463; baseline -0.011 -6"><span class='ocrx_word' id='word_1_190' title='bbox 333 2431 414 2463; x_wconf 62' lang='lat' dir='ltr'><strong>Nise,</strong></span> <span class='ocrx_word' id='word_1_191' title='bbox 426 2431 495 2463; x_wconf 72' lang='lat' dir='ltr'><strong>fugis</strong></span> <span class='ocrx_word' id='word_1_192' title='bbox 503 2431 518 2455; x_wconf 72' lang='lat'><strong>&#39;2</strong></span> 
     </span>
     <span class='ocr_line' id='line_1_37' title="bbox 336 2478 1008 2525; baseline 0 -12"><span class='ocrx_word' id='word_1_193' title='bbox 336 2479 418 2523; x_wconf 85' lang='lat' dir='ltr'><strong>Alii,</strong></span> <span class='ocrx_word' id='word_1_194' title='bbox 428 2481 551 2523; x_wconf 81' lang='lat' dir='ltr'><strong>pudet‚·</strong></span> <span class='ocrx_word' id='word_1_195' title='bbox 566 2479 658 2524; x_wconf 86' lang='lat' dir='ltr'><strong>quod</strong></span> <span class='ocrx_word' id='word_1_196' title='bbox 669 2479 784 2513; x_wconf 90' lang='lat' dir='ltr'><strong>minus</strong></span> <span class='ocrx_word' id='word_1_197' title='bbox 799 2478 945 2525; x_wconf 81' lang='lat' dir='ltr'><strong>elegans.</strong></span> <span class='ocrx_word' id='word_1_198' title='bbox 960 2478 1008 2513; x_wconf 87' lang='lat' dir='ltr'><strong>H.</strong></span> 
     </span>
    </p>

    <p class='ocr_par' dir='ltr' id='par_1_8' title="bbox 335 2529 1010 2617">
     <span class='ocr_line' id='line_1_38' title="bbox 380 2529 1010 2576; baseline -0.002 -12"><span class='ocrx_word' id='word_1_199' title='bbox 380 2531 431 2576; x_wconf 80' lang='lat'><strong>76.</strong></span> <span class='ocrx_word' id='word_1_200' title='bbox 442 2533 654 2575; x_wconf 79' lang='lat' dir='ltr'><strong>Imposuisse.</strong></span> <span class='ocrx_word' id='word_1_201' title='bbox 664 2533 884 2575; x_wconf 65' lang='lat' dir='ltr'><strong>Implicullrse‚</strong></span> <span class='ocrx_word' id='word_1_202' title='bbox 902 2529 1010 2564; x_wconf 87' lang='lat' dir='ltr'><strong>codex</strong></span> 
     </span>
     <span class='ocr_line' id='line_1_39' title="bbox 335 2582 477 2617; baseline 0.007 -1"><span class='ocrx_word' id='word_1_203' title='bbox 335 2582 477 2617; x_wconf 85' lang='lat' dir='ltr'><strong>Douzae.</strong></span> 
     </span>
    </p>

    <p class='ocr_par' dir='ltr' id='par_1_9' title="bbox 336 2636 1009 2781">
     <span class='ocr_line' id='line_1_40' title="bbox 380 2636 1006 2680; baseline -0.002 -12"><span class='ocrx_word' id='word_1_204' title='bbox 380 2648 431 2680; x_wconf 90' lang='lat'><strong>77.</strong></span> <span class='ocrx_word' id='word_1_205' title='bbox 458 2636 643 2679; x_wconf 81' lang='lat' dir='ltr'><strong>Crassaque</strong></span> <span class='ocrx_word' id='word_1_206' title='bbox 666 2641 730 2669; x_wconf 89' lang='lat' dir='ltr'><strong>etc.</strong></span> <span class='ocrx_word' id='word_1_207' title='bbox 764 2636 889 2668; x_wconf 86' lang='lat' dir='ltr'><strong>Crassa</strong></span> <span class='ocrx_word' id='word_1_208' title='bbox 912 2638 1006 2667; x_wconf 83' lang='lat' dir='ltr'><strong>recte</strong></span> 
     </span>
     <span class='ocr_line' id='line_1_41' title="bbox 336 2684 1009 2728; baseline -0.003 -9"><span class='ocrx_word' id='word_1_209' title='bbox 336 2685 438 2728; x_wconf 79' lang='lat' dir='ltr'><strong>dicit,</strong></span> <span class='ocrx_word' id='word_1_210' title='bbox 463 2693 502 2720; x_wconf 79' lang='lat' dir='ltr'><strong>ut</strong></span> <span class='ocrx_word' id='word_1_211' title='bbox 521 2689 663 2720; x_wconf 82' lang='lat' dir='ltr'><strong>solocem</strong></span> <span class='ocrx_word' id='word_1_212' title='bbox 685 2685 800 2719; x_wconf 88' lang='lat' dir='ltr'><strong>lanam</strong></span> <span class='ocrx_word' id='word_1_213' title='bbox 824 2684 1009 2728; x_wconf 87' lang='lat' dir='ltr'><strong>intelligat,</strong></span> 
     </span>
     <span class='ocr_line' id='line_1_42' title="bbox 337 2734 1009 2781; baseline -0.003 -11"><span class='ocrx_word' id='word_1_214' title='bbox 337 2748 433 2781; x_wconf 84' lang='lat' dir='ltr'><strong>quae,</strong></span> <span class='ocrx_word' id='word_1_215' title='bbox 447 2743 486 2770; x_wconf 91' lang='lat' dir='ltr'><strong>ut</strong></span> <span class='ocrx_word' id='word_1_216' title='bbox 497 2737 657 2781; x_wconf 86' lang='lat' dir='ltr'><strong>imperito</strong></span> <span class='ocrx_word' id='word_1_217' title='bbox 673 2737 720 2770; x_wconf 91' lang='lat' dir='ltr'><strong>illi</strong></span> <span class='ocrx_word' id='word_1_218' title='bbox 735 2736 790 2770; x_wconf 89' lang='lat' dir='ltr'><strong>fila</strong></span> <span class='ocrx_word' id='word_1_219' title='bbox 802 2734 1009 2778; x_wconf 84' lang='lat' dir='ltr'><strong>deducendi,</strong></span> 
     </span>
    </p>
   </div>
   <div class='ocr_carea' id='block_1_7' title="bbox 339 2786 1024 2832">
    <p class='ocr_par' dir='ltr' id='par_1_10' title="bbox 339 2786 1024 2832">
     <span class='ocr_line' id='line_1_43' title="bbox 339 2786 1024 2832; baseline -0.001 -11"><span class='ocrx_word' id='word_1_220' title='bbox 339 2787 506 2826; x_wconf 87' lang='lat' dir='ltr'><strong>dabatur;</strong></span> <span class='ocrx_word' id='word_1_221' title='bbox 532 2787 642 2826; x_wconf 86' lang='lat' dir='ltr'><strong>mollis</strong></span> <span class='ocrx_word' id='word_1_222' title='bbox 670 2800 753 2823; x_wconf 85' lang='lat' dir='ltr'><strong>vero</strong></span> <span class='ocrx_word' id='word_1_223' title='bbox 766 2786 1024 2832; x_wconf 63' lang='lat' dir='ltr'><strong>,peritissimis</strong></span> 
     </span>
    </p>
   </div>
   <div class='ocr_carea' id='block_1_8' title="bbox 345 2839 627 2875">
    <p class='ocr_par' dir='ltr' id='par_1_11' title="bbox 345 2839 627 2875">
     <span class='ocr_line' id='line_1_44' title="bbox 345 2839 627 2875; baseline 0.004 -1"><span class='ocrx_word' id='word_1_224' title='bbox 345 2839 481 2875; x_wconf 75' lang='lat' dir='ltr'><strong>ancillis.</strong></span> <span class='ocrx_word' id='word_1_225' title='bbox 497 2839 627 2875; x_wconf 70' lang='lat' dir='ltr'><strong>BURM.</strong></span> 
     </span>
    </p>
   </div>
   <div class='ocr_carea' id='block_1_9' title="bbox 1063 1341 1753 2821">
    <p class='ocr_par' dir='ltr' id='par_1_12' title="bbox 1063 1341 1753 2210">
     <span class='ocr_line' id='line_1_45' title="bbox 1118 1341 1749 1386; baseline 0.005 -11"><span class='ocrx_word' id='word_1_226' title='bbox 1118 1341 1169 1386; x_wconf 85' lang='lat'><strong>78.</strong></span> <span class='ocrx_word' id='word_1_227' title='bbox 1203 1341 1374 1386; x_wconf 80' lang='lat' dir='ltr'><strong>AEquaque</strong></span> <span class='ocrx_word' id='word_1_228' title='bbox 1395 1341 1567 1386; x_wconf 73' lang='lat' dir='ltr'><strong>formose.</strong></span> <span class='ocrx_word' id='word_1_229' title='bbox 1597 1343 1749 1378; x_wconf 81' lang='lat' dir='ltr'><strong>Famosoe</strong></span> 
     </span>
     <span class='ocr_line' id='line_1_46' title="bbox 1073 1391 1750 1441; baseline 0.004 -15"><span class='ocrx_word' id='word_1_230' title='bbox 1073 1391 1308 1427; x_wconf 82' lang='lat' dir='ltr'><strong>Lovaniensis.</strong></span> <span class='ocrx_word' id='word_1_231' title='bbox 1345 1391 1403 1427; x_wconf 79' lang='lat' dir='ltr'><strong>sie</strong></span> <span class='ocrx_word' id='word_1_232' title='bbox 1427 1393 1585 1438; x_wconf 81' lang='lat' dir='ltr'><strong>famosus</strong></span> <span class='ocrx_word' id='word_1_233' title='bbox 1617 1395 1750 1441; x_wconf 82' lang='lat' dir='ltr'><strong>Hymen</strong></span> 
     </span>
     <span class='ocr_line' id='line_1_47' title="bbox 1073 1443 1751 1488; baseline 0.006 -10"><span class='ocrx_word' id='word_1_234' title='bbox 1073 1443 1163 1478; x_wconf 84' lang='lat' dir='ltr'><strong>infra</strong></span> <span class='ocrx_word' id='word_1_235' title='bbox 1175 1470 1185 1488; x_wconf 93' lang='lat'><strong>,</strong></span> <span class='ocrx_word' id='word_1_236' title='bbox 1221 1444 1281 1479; x_wconf 88' lang='lat' dir='ltr'><strong>uhi</strong></span> <span class='ocrx_word' id='word_1_237' title='bbox 1305 1443 1395 1479; x_wconf 83' lang='lat' dir='ltr'><strong>male</strong></span> <span class='ocrx_word' id='word_1_238' title='bbox 1420 1445 1563 1480; x_wconf 85' lang='lat' dir='ltr'><strong>turbant</strong></span> <span class='ocrx_word' id='word_1_239' title='bbox 1582 1445 1662 1481; x_wconf 78' lang='lat' dir='ltr'><strong>libri</strong></span> <span class='ocrx_word' id='word_1_240' title='bbox 1687 1448 1751 1482; x_wconf 73' lang='lat' dir='ltr'><strong>ve.-v</strong></span> 
     </span>
     <span class='ocr_line' id='line_1_48' title="bbox 1074 1495 1752 1539; baseline 0.004 -10"><span class='ocrx_word' id='word_1_241' title='bbox 1074 1501 1177 1539; x_wconf 82' lang='lat' dir='ltr'><strong>teres,</strong></span> <span class='ocrx_word' id='word_1_242' title='bbox 1189 1502 1224 1530; x_wconf 88' lang='lat' dir='ltr'><strong>et</strong></span> <span class='ocrx_word' id='word_1_243' title='bbox 1237 1495 1293 1530; x_wconf 87' lang='lat' dir='ltr'><strong>lib.</strong></span> <span class='ocrx_word' id='word_1_244' title='bbox 1311 1507 1335 1530; x_wconf 85' lang='lat'><strong>1.</strong></span> <span class='ocrx_word' id='word_1_245' title='bbox 1349 1495 1471 1531; x_wconf 86' lang='lat' dir='ltr'><strong>Amor.</strong></span> <span class='ocrx_word' id='word_1_246' title='bbox 1485 1496 1538 1532; x_wconf 86' lang='lat' dir='ltr'><strong>El.</strong></span> <span class='ocrx_word' id='word_1_247' title='bbox 1554 1499 1752 1534; x_wconf 55' lang='lat' dir='ltr'><strong>*swanum</strong></span> 
     </span>
     <span class='ocr_line' id='line_1_49' title="bbox 1074 1547 1751 1596; baseline 0.007 -16"><span class='ocrx_word' id='word_1_248' title='bbox 1074 1547 1286 1590; x_wconf 71' lang='lat' dir='ltr'><strong>Sernl&#39;ram125,·</strong></span> <span class='ocrx_word' id='word_1_249' title='bbox 1301 1555 1340 1583; x_wconf 90' lang='lat' dir='ltr'><strong>ut</strong></span> <span class='ocrx_word' id='word_1_250' title='bbox 1350 1548 1418 1584; x_wconf 84' lang='lat' dir='ltr'><strong>illic</strong></span> <span class='ocrx_word' id='word_1_251' title='bbox 1432 1549 1584 1595; x_wconf 81' lang='lat' dir='ltr'><strong>agnoscit</strong></span> <span class='ocrx_word' id='word_1_252' title='bbox 1599 1549 1751 1596; x_wconf 80' lang='lat' dir='ltr'><strong>optimus</strong></span> 
     </span>
     <span class='ocr_line' id='line_1_50' title="bbox 1072 1597 1752 1645; baseline 0.007 -14"><span class='ocrx_word' id='word_1_253' title='bbox 1072 1597 1168 1632; x_wconf 87' lang='lat' dir='ltr'><strong>liber.</strong></span> <span class='ocrx_word' id='word_1_254' title='bbox 1183 1601 1345 1634; x_wconf 81' lang='lat' dir='ltr'><strong>Famosus</strong></span> <span class='ocrx_word' id='word_1_255' title='bbox 1356 1612 1419 1645; x_wconf 86' lang='lat' dir='ltr'><strong>pro</strong></span> <span class='ocrx_word' id='word_1_256' title='bbox 1435 1600 1580 1645; x_wconf 81' lang='lat' dir='ltr'><strong>infami,</strong></span> <span class='ocrx_word' id='word_1_257' title='bbox 1601 1600 1661 1636; x_wconf 85' lang='lat' dir='ltr'><strong>illo</strong></span> <span class='ocrx_word' id='word_1_258' title='bbox 1676 1613 1752 1637; x_wconf 73' lang='lat' dir='ltr'><strong>aevo</strong></span> 
     </span>
     <span class='ocr_line' id='line_1_51' title="bbox 1073 1648 1751 1695; baseline 0.007 -13"><span class='ocrx_word' id='word_1_259' title='bbox 1073 1648 1244 1683; x_wconf 88' lang='lat' dir='ltr'><strong>dicebant.</strong></span> <span class='ocrx_word' id='word_1_260' title='bbox 1271 1649 1398 1685; x_wconf 87' lang='lat' dir='ltr'><strong>Cicero</strong></span> <span class='ocrx_word' id='word_1_261' title='bbox 1410 1676 1420 1694; x_wconf 93' lang='lat'><strong>,</strong></span> <span class='ocrx_word' id='word_1_262' title='bbox 1446 1650 1490 1686; x_wconf 87' lang='lat' dir='ltr'><strong>de</strong></span> <span class='ocrx_word' id='word_1_263' title='bbox 1507 1650 1608 1687; x_wconf 87' lang='lat' dir='ltr'><strong>Orat.</strong></span> <span class='ocrx_word' id='word_1_264' title='bbox 1624 1651 1681 1687; x_wconf 88' lang='lat' dir='ltr'><strong>lib.</strong></span> <span class='ocrx_word' id='word_1_265' title='bbox 1697 1663 1751 1695; x_wconf 76' lang='lat'><strong>113</strong></span> 
     </span>
     <span class='ocr_line' id='line_1_52' title="bbox 1072 1699 1753 1746; baseline 0.006 -13"><span class='ocrx_word' id='word_1_266' title='bbox 1072 1699 1115 1734; x_wconf 79' lang='lat'><strong>68</strong></span> <span class='ocrx_word' id='word_1_267' title='bbox 1129 1712 1138 1734; x_wconf 89' lang='lat'><strong>:</strong></span> <span class='ocrx_word' id='word_1_268' title='bbox 1154 1701 1230 1735; x_wconf 87' lang='lat' dir='ltr'><strong>Non</strong></span> <span class='ocrx_word' id='word_1_269' title='bbox 1233 1703 1300 1745; x_wconf 83' lang='lat' dir='ltr'><strong>pol</strong></span> <span class='ocrx_word' id='word_1_270' title='bbox 1304 1727 1314 1742; x_wconf 90' lang='lat'><em>‚</em></span> <span class='ocrx_word' id='word_1_271' title='bbox 1326 1705 1448 1746; x_wconf 80' lang='lat' dir='ltr'><strong>inquit,</strong></span> <span class='ocrx_word' id='word_1_272' title='bbox 1461 1704 1591 1744; x_wconf 81' lang='lat' dir='ltr'><strong>audeo,·</strong></span> <span class='ocrx_word' id='word_1_273' title='bbox 1609 1714 1688 1737; x_wconf 84' lang='lat' dir='ltr'><strong>nam</strong></span> <span class='ocrx_word' id='word_1_274' title='bbox 1698 1715 1753 1737; x_wconf 75' lang='lat' dir='ltr'><strong>me</strong></span> 
     </span>
     <span class='ocr_line' id='line_1_53' title="bbox 1071 1751 1753 1796; baseline 0.006 -11"><span class='ocrx_word' id='word_1_275' title='bbox 1071 1753 1123 1785; x_wconf 85' lang='lat' dir='ltr'><strong>ad</strong></span> <span class='ocrx_word' id='word_1_276' title='bbox 1130 1751 1292 1796; x_wconf 85' lang='lat' dir='ltr'><strong>famosas</strong></span> <span class='ocrx_word' id='word_1_277' title='bbox 1312 1756 1422 1788; x_wconf 77' lang='lat' dir='ltr'><strong>vetuit</strong></span> <span class='ocrx_word' id='word_1_278' title='bbox 1449 1757 1560 1788; x_wconf 80' lang='lat' dir='ltr'><strong>mater</strong></span> <span class='ocrx_word' id='word_1_279' title='bbox 1579 1755 1753 1790; x_wconf 73' lang='lat' dir='ltr'><strong>accedere.</strong></span> 
     </span>
     <span class='ocr_line' id='line_1_54' title="bbox 1072 1802 1751 1848; baseline 0.006 -12"><span class='ocrx_word' id='word_1_280' title='bbox 1072 1802 1186 1838; x_wconf 88' lang='lat' dir='ltr'><strong>Plaut.</strong></span> <span class='ocrx_word' id='word_1_281' title='bbox 1208 1803 1315 1840; x_wconf 81' lang='lat' dir='ltr'><strong>Asin:</strong></span> <span class='ocrx_word' id='word_1_282' title='bbox 1332 1806 1404 1848; x_wconf 66' lang='lat' dir='ltr'><strong>Qu!</strong></span> <span class='ocrx_word' id='word_1_283' title='bbox 1411 1808 1515 1840; x_wconf 79' lang='lat' dir='ltr'><strong>ctiam</strong></span> <span class='ocrx_word' id='word_1_284' title='bbox 1528 1818 1581 1840; x_wconf 80' lang='lat' dir='ltr'><strong>me</strong></span> <span class='ocrx_word' id='word_1_285' title='bbox 1596 1808 1751 1840; x_wconf 76' lang='lat' dir='ltr'><strong>miserum</strong></span> 
     </span>
     <span class='ocr_line' id='line_1_55' title="bbox 1063 1855 1751 1901; baseline 0.003 -11"><span class='ocrx_word' id='word_1_286' title='bbox 1063 1855 1237 1900; x_wconf 84' lang='lat' dir='ltr'><strong>famosum</strong></span> <span class='ocrx_word' id='word_1_287' title='bbox 1250 1856 1351 1900; x_wconf 80' lang='lat' dir='ltr'><strong>facit·</strong></span> <span class='ocrx_word' id='word_1_288' title='bbox 1361 1858 1511 1901; x_wconf 61' lang='lat' dir='ltr'><strong>flagitiis·</strong></span> <span class='ocrx_word' id='word_1_289' title='bbox 1535 1860 1616 1892; x_wconf 82' lang='lat' dir='ltr'><strong>suis.</strong></span> <span class='ocrx_word' id='word_1_290' title='bbox 1643 1857 1751 1892; x_wconf 81' lang='lat' dir='ltr'><strong>Plura</strong></span> 
     </span>
     <span class='ocr_line' id='line_1_56' title="bbox 1072 1907 1750 1954; baseline 0.004 -13"><span class='ocrx_word' id='word_1_291' title='bbox 1072 1907 1227 1953; x_wconf 88' lang='lat' dir='ltr'><strong>exempla</strong></span> <span class='ocrx_word' id='word_1_292' title='bbox 1248 1907 1354 1942; x_wconf 85' lang='lat' dir='ltr'><strong>habes</strong></span> <span class='ocrx_word' id='word_1_293' title='bbox 1370 1907 1462 1954; x_wconf 87' lang='lat' dir='ltr'><strong>apud</strong></span> <span class='ocrx_word' id='word_1_294' title='bbox 1483 1908 1577 1944; x_wconf 86' lang='lat' dir='ltr'><strong>Non.</strong></span> <span class='ocrx_word' id='word_1_295' title='bbox 1593 1908 1750 1944; x_wconf 83' lang='lat' dir='ltr'><strong>Marcell.</strong></span> 
     </span>
     <span class='ocr_line' id='line_1_57' title="bbox 1071 1959 1750 2004; baseline 0.001 -11"><span class='ocrx_word' id='word_1_296' title='bbox 1071 1959 1109 1993; x_wconf 87' lang='lat' dir='ltr'><strong>in</strong></span> <span class='ocrx_word' id='word_1_297' title='bbox 1115 1959 1226 2003; x_wconf 87' lang='lat' dir='ltr'><strong>sama.</strong></span> <span class='ocrx_word' id='word_1_298' title='bbox 1246 1959 1380 1994; x_wconf 62' lang='lat' dir='ltr'><strong>H‘Ents.</strong></span> <span class='ocrx_word' id='word_1_299' title='bbox 1395 1960 1506 2004; x_wconf 84' lang='lat' dir='ltr'><strong>AEqua</strong></span> <span class='ocrx_word' id='word_1_300' title='bbox 1521 1965 1658 1995; x_wconf 86' lang='lat' dir='ltr'><strong>rectum</strong></span> <span class='ocrx_word' id='word_1_301' title='bbox 1676 1966 1750 2002; x_wconf 86' lang='lat' dir='ltr'><strong>est;</strong></span> 
     </span>
     <span class='ocr_line' id='line_1_58' title="bbox 1071 2009 1751 2055; baseline 0 -10"><span class='ocrx_word' id='word_1_302' title='bbox 1071 2010 1168 2045; x_wconf 85' lang='lat' dir='ltr'><strong>idem</strong></span> <span class='ocrx_word' id='word_1_303' title='bbox 1191 2009 1287 2045; x_wconf 88' lang='lat' dir='ltr'><strong>enim</strong></span> <span class='ocrx_word' id='word_1_304' title='bbox 1309 2010 1467 2055; x_wconf 86' lang='lat' dir='ltr'><strong>pondus,</strong></span> <span class='ocrx_word' id='word_1_305' title='bbox 1494 2010 1589 2055; x_wconf 85' lang='lat' dir='ltr'><strong>quod</strong></span> <span class='ocrx_word' id='word_1_306' title='bbox 1607 2010 1751 2045; x_wconf 81' lang='lat' dir='ltr'><strong>domina</strong></span> 
     </span>
     <span class='ocr_line' id='line_1_59' title="bbox 1071 2061 1750 2107; baseline 0.001 -12"><span class='ocrx_word' id='word_1_307' title='bbox 1071 2061 1110 2095; x_wconf 88' lang='lat' dir='ltr'><strong>in</strong></span> <span class='ocrx_word' id='word_1_308' title='bbox 1125 2062 1203 2096; x_wconf 87' lang='lat' dir='ltr'><strong>lana</strong></span> <span class='ocrx_word' id='word_1_309' title='bbox 1220 2061 1456 2107; x_wconf 85' lang='lat' dir='ltr'><strong>appendebat,</strong></span> <span class='ocrx_word' id='word_1_310' title='bbox 1475 2061 1513 2096; x_wconf 89' lang='lat' dir='ltr'><strong>in</strong></span> <span class='ocrx_word' id='word_1_311' title='bbox 1529 2061 1594 2096; x_wconf 80' lang='lat' dir='ltr'><strong>filis</strong></span> <span class='ocrx_word' id='word_1_312' title='bbox 1612 2074 1750 2107; x_wconf 79' lang='lat' dir='ltr'><strong>repen-</strong></span> 
     </span>
     <span class='ocr_line' id='line_1_60' title="bbox 1072 2112 1751 2158; baseline 0 -11"><span class='ocrx_word' id='word_1_313' title='bbox 1072 2112 1155 2148; x_wconf 86' lang='lat' dir='ltr'><strong>dere</strong></span> <span class='ocrx_word' id='word_1_314' title='bbox 1179 2112 1326 2147; x_wconf 82' lang='lat' dir='ltr'><strong>debebat</strong></span> <span class='ocrx_word' id='word_1_315' title='bbox 1350 2112 1480 2148; x_wconf 85' lang='lat' dir='ltr'><strong>ancilla.</strong></span> <span class='ocrx_word' id='word_1_316' title='bbox 1517 2112 1577 2148; x_wconf 85' lang='lat' dir='ltr'><strong>sic</strong></span> <span class='ocrx_word' id='word_1_317' title='bbox 1596 2115 1751 2158; x_wconf 68' lang='lat' dir='ltr'><strong>grauiam</strong></span> 
     </span>
     <span class='ocr_line' id='line_1_61' title="bbox 1065 2165 1608 2210; baseline -0.002 -11"><span class='ocrx_word' id='word_1_318' title='bbox 1065 2177 1191 2209; x_wconf 81' lang='lat' dir='ltr'><strong>pensa,</strong></span> <span class='ocrx_word' id='word_1_319' title='bbox 1212 2165 1371 2209; x_wconf 77' lang='lat' dir='ltr'><strong>Propert.</strong></span> <span class='ocrx_word' id='word_1_320' title='bbox 1389 2175 1438 2199; x_wconf 79' lang='grc' dir='ltr'><strong>Π.</strong></span> <span class='ocrx_word' id='word_1_321' title='bbox 1453 2175 1528 2207; x_wconf 79' lang='lat' dir='ltr'><strong>vn,</strong></span> <span class='ocrx_word' id='word_1_322' title='bbox 1545 2165 1608 2210; x_wconf 87' lang='lat'><strong>37:</strong></span> 
     </span>
    </p>

    <p class='ocr_par' dir='ltr' id='par_1_13' title="bbox 1070 2222 1751 2565">
     <span class='ocr_line' id='line_1_62' title="bbox 1071 2222 1708 2258; baseline -0.002 -9"><span class='ocrx_word' id='word_1_323' title='bbox 1071 2225 1105 2250; x_wconf 75' lang='lat' dir='ltr'><strong>Et</strong></span> <span class='ocrx_word' id='word_1_324' title='bbox 1118 2224 1235 2256; x_wconf 69' lang='lat' dir='ltr'><strong>graviora</strong></span> <span class='ocrx_word' id='word_1_325' title='bbox 1246 2223 1363 2257; x_wconf 78' lang='lat' dir='ltr'><strong>rependit</strong></span> <span class='ocrx_word' id='word_1_326' title='bbox 1374 2223 1472 2257; x_wconf 69' lang='lat' dir='ltr'><strong>iniquis</strong></span> <span class='ocrx_word' id='word_1_327' title='bbox 1486 2231 1565 2257; x_wconf 74' lang='lat' dir='ltr'><strong>pensa</strong></span> <span class='ocrx_word' id='word_1_328' title='bbox 1580 2222 1708 2258; x_wconf 65' lang='lat' dir='ltr'><strong>quasillis.</strong></span> 
     </span>
     <span class='ocr_line' id='line_1_63' title="bbox 1073 2270 1749 2319; baseline -0.001 -13"><span class='ocrx_word' id='word_1_329' title='bbox 1073 2272 1126 2307; x_wconf 90' lang='lat' dir='ltr'><strong>Ita</strong></span> <span class='ocrx_word' id='word_1_330' title='bbox 1143 2275 1286 2317; x_wconf 70' lang='lat' dir='ltr'><strong>grandia</strong></span> <span class='ocrx_word' id='word_1_331' title='bbox 1300 2284 1401 2316; x_wconf 88' lang='lat' dir='ltr'><strong>mox,</strong></span> <span class='ocrx_word' id='word_1_332' title='bbox 1422 2272 1486 2317; x_wconf 90' lang='lat' dir='ltr'><strong>Ep.</strong></span> <span class='ocrx_word' id='word_1_333' title='bbox 1505 2283 1527 2306; x_wconf 84' lang='lat' dir='ltr'><strong>x</strong></span> <span class='ocrx_word' id='word_1_334' title='bbox 1539 2298 1550 2316; x_wconf 93' lang='lat'><strong>,</strong></span> <span class='ocrx_word' id='word_1_335' title='bbox 1575 2283 1637 2319; x_wconf 83' lang='lat'><strong>90;</strong></span> <span class='ocrx_word' id='word_1_336' title='bbox 1655 2277 1691 2306; x_wconf 84' lang='lat' dir='ltr'><strong>et</strong></span> <span class='ocrx_word' id='word_1_337' title='bbox 1710 2270 1749 2305; x_wconf 84' lang='lat' dir='ltr'><strong>in</strong></span> 
     </span>
     <span class='ocr_line' id='line_1_64' title="bbox 1072 2323 1751 2369; baseline -0.004 -11"><span class='ocrx_word' id='word_1_338' title='bbox 1072 2324 1258 2369; x_wconf 86' lang='lat' dir='ltr'><strong>Propertio</strong></span> <span class='ocrx_word' id='word_1_339' title='bbox 1272 2323 1375 2358; x_wconf 86' lang='lat' dir='ltr'><strong>habes</strong></span> <span class='ocrx_word' id='word_1_340' title='bbox 1391 2323 1498 2357; x_wconf 88' lang='lat' dir='ltr'><strong>etiam</strong></span> <span class='ocrx_word' id='word_1_341' title='bbox 1511 2324 1698 2367; x_wconf 78' lang='lat' dir='ltr'><strong>rependere,</strong></span> <span class='ocrx_word' id='word_1_342' title='bbox 1709 2327 1751 2355; x_wconf 85' lang='lat' dir='ltr'><strong>ut</strong></span> 
     </span>
     <span class='ocr_line' id='line_1_65' title="bbox 1072 2372 1749 2421; baseline -0.006 -11"><span class='ocrx_word' id='word_1_343' title='bbox 1072 2376 1153 2410; x_wconf 87' lang='lat' dir='ltr'><strong>etin</strong></span> <span class='ocrx_word' id='word_1_344' title='bbox 1164 2376 1227 2410; x_wconf 89' lang='lat' dir='ltr'><strong>alia</strong></span> <span class='ocrx_word' id='word_1_345' title='bbox 1238 2389 1275 2410; x_wconf 87' lang='lat' dir='ltr'><strong>re</strong></span> <span class='ocrx_word' id='word_1_346' title='bbox 1284 2374 1385 2421; x_wconf 87' lang='lat' dir='ltr'><strong>apud.</strong></span> <span class='ocrx_word' id='word_1_347' title='bbox 1394 2374 1481 2409; x_wconf 87' lang='lat' dir='ltr'><strong>Stat.</strong></span> <span class='ocrx_word' id='word_1_348' title='bbox 1489 2385 1540 2418; x_wconf 75' lang='lat' dir='ltr'><strong>w,</strong></span> <span class='ocrx_word' id='word_1_349' title='bbox 1548 2373 1659 2408; x_wconf 85' lang='lat' dir='ltr'><strong>Theb.</strong></span> <span class='ocrx_word' id='word_1_350' title='bbox 1669 2372 1749 2418; x_wconf 79' lang='lat'><strong>763:</strong></span> 
     </span>
     <span class='ocr_line' id='line_1_66' title="bbox 1070 2435 1732 2467; baseline -0.009 -5"><span class='ocrx_word' id='word_1_351' title='bbox 1070 2436 1184 2462; x_wconf 71' lang='lat' dir='ltr'><strong>Direaeos</strong></span> <span class='ocrx_word' id='word_1_352' title='bbox 1203 2435 1268 2466; x_wconf 85' lang='lat' dir='ltr'><strong>tibi,</strong></span> <span class='ocrx_word' id='word_1_353' title='bbox 1290 2435 1360 2460; x_wconf 69' lang='lat' dir='ltr'><strong>Diva</strong></span> <span class='ocrx_word' id='word_1_354' title='bbox 1371 2452 1380 2466; x_wconf 88' lang='lat'><strong>,</strong></span> <span class='ocrx_word' id='word_1_355' title='bbox 1407 2442 1494 2467; x_wconf 72' lang='lat' dir='ltr'><strong>greges</strong></span> <span class='ocrx_word' id='word_1_356' title='bbox 1505 2452 1515 2465; x_wconf 95' lang='lat'>‚</span> <span class='ocrx_word' id='word_1_357' title='bbox 1542 2439 1732 2466; x_wconf 71' lang='lat' dir='ltr'><strong>numerumque</strong></span> 
     </span>
     <span class='ocr_line' id='line_1_67' title="bbox 1174 2483 1311 2516; baseline -0.007 -8"><span class='ocrx_word' id='word_1_358' title='bbox 1174 2483 1311 2516; x_wconf 73' lang='lat' dir='ltr'><strong>rependam</strong></span> 
     </span>
     <span class='ocr_line' id='line_1_68' title="bbox 1070 2527 1729 2565; baseline -0.009 -8"><span class='ocrx_word' id='word_1_359' title='bbox 1070 2532 1173 2565; x_wconf 77' lang='lat' dir='ltr'><strong>Plebis;</strong></span> <span class='ocrx_word' id='word_1_360' title='bbox 1189 2537 1215 2557; x_wconf 83' lang='lat' dir='ltr'><strong>et</strong></span> <span class='ocrx_word' id='word_1_361' title='bbox 1227 2531 1268 2556; x_wconf 83' lang='lat' dir='ltr'><strong>bic</strong></span> <span class='ocrx_word' id='word_1_362' title='bbox 1285 2539 1378 2563; x_wconf 70' lang='lat' dir='ltr'><strong>magna</strong></span> <span class='ocrx_word' id='word_1_363' title='bbox 1387 2531 1462 2555; x_wconf 70' lang='lat' dir='ltr'><strong>lucus</strong></span> <span class='ocrx_word' id='word_1_364' title='bbox 1473 2528 1616 2562; x_wconf 69' lang='lat' dir='ltr'><strong>signabitur</strong></span> <span class='ocrx_word' id='word_1_365' title='bbox 1626 2535 1679 2552; x_wconf 71' lang='lat' dir='ltr'><strong>ern.</strong></span> <span class='ocrx_word' id='word_1_366' title='bbox 1697 2527 1729 2552; x_wconf 90' lang='lat' dir='ltr'><strong>B.</strong></span> 
     </span>
    </p>

    <p class='ocr_par' dir='ltr' id='par_1_14' title="bbox 1072 2575 1748 2780">
     <span class='ocr_line' id='line_1_69' title="bbox 1115 2575 1745 2619; baseline -0.01 -4"><span class='ocrx_word' id='word_1_367' title='bbox 1115 2581 1166 2615; x_wconf 87' lang='lat'><strong>82.</strong></span> <span class='ocrx_word' id='word_1_368' title='bbox 1183 2581 1402 2614; x_wconf 56' lang='lat' dir='ltr'><strong>Procubuekse</strong></span> <span class='ocrx_word' id='word_1_369' title='bbox 1414 2582 1491 2612; x_wconf 82' lang='lat' dir='ltr'><strong>luae.</strong></span> <span class='ocrx_word' id='word_1_370' title='bbox 1506 2577 1564 2612; x_wconf 85' lang='lat' dir='ltr'><strong>Sic</strong></span> <span class='ocrx_word' id='word_1_371' title='bbox 1580 2575 1724 2610; x_wconf 77' lang='lat' dir='ltr'><strong>feliciter</strong></span> <span class='ocrx_word' id='word_1_372' title='bbox 1733 2601 1745 2619; x_wconf 80' lang='lat'><strong>,</strong></span> 
     </span>
     <span class='ocr_line' id='line_1_70' title="bbox 1073 2627 1748 2676; baseline -0.009 -10"><span class='ocrx_word' id='word_1_373' title='bbox 1073 2645 1113 2667; x_wconf 85' lang='lat' dir='ltr'><strong>ex</strong></span> <span class='ocrx_word' id='word_1_374' title='bbox 1139 2631 1255 2666; x_wconf 87' lang='lat' dir='ltr'><strong>codice</strong></span> <span class='ocrx_word' id='word_1_375' title='bbox 1287 2631 1382 2676; x_wconf 88' lang='lat' dir='ltr'><strong>regio</strong></span> <span class='ocrx_word' id='word_1_376' title='bbox 1426 2641 1565 2664; x_wconf 87' lang='lat' dir='ltr'><strong>versum</strong></span> <span class='ocrx_word' id='word_1_377' title='bbox 1598 2627 1748 2661; x_wconf 85' lang='lat' dir='ltr'><strong>restituit</strong></span> 
     </span>
     <span class='ocr_line' id='line_1_71' title="bbox 1073 2656 1747 2727; baseline -0.01 -9"><span class='ocrx_word' id='word_1_378' title='bbox 1073 2684 1194 2718; x_wconf 84' lang='lat' dir='ltr'><strong>Burm.</strong></span> <span class='ocrx_word' id='word_1_379' title='bbox 1218 2683 1314 2727; x_wconf 87' lang='lat' dir='ltr'><strong>cujus</strong></span> <span class='ocrx_word' id='word_1_380' title='bbox 1330 2683 1366 2716; x_wconf 88' lang='lat' dir='ltr'><strong>in</strong></span> <span class='ocrx_word' id='word_1_381' title='bbox 1389 2656 1503 2716; x_wconf 66' lang='lat' dir='ltr'><strong>iocum</strong></span> <span class='ocrx_word' id='word_1_382' title='bbox 1523 2679 1611 2713; x_wconf 82' lang='lat' dir='ltr'><strong>male</strong></span> <span class='ocrx_word' id='word_1_383' title='bbox 1634 2678 1747 2723; x_wconf 88' lang='lat' dir='ltr'><strong>irrep-</strong></span> 
     </span>
     <span class='ocr_line' id='line_1_72' title="bbox 1072 2728 1679 2780; baseline -0.01 -10"><span class='ocrx_word' id='word_1_384' title='bbox 1072 2742 1162 2770; x_wconf 86' lang='lat' dir='ltr'><strong>serat</strong></span> <span class='ocrx_word' id='word_1_385' title='bbox 1178 2734 1295 2780; x_wconf 88' lang='lat' dir='ltr'><strong>putida</strong></span> <span class='ocrx_word' id='word_1_386' title='bbox 1311 2734 1384 2767; x_wconf 85' lang='lat' dir='ltr'><strong>haec</strong></span> <span class='ocrx_word' id='word_1_387' title='bbox 1397 2745 1428 2766; x_wconf 87' lang='lat' dir='ltr'><strong>v.</strong></span> <span class='ocrx_word' id='word_1_388' title='bbox 1443 2733 1483 2776; x_wconf 78' lang='lat'><strong>74</strong></span> <span class='ocrx_word' id='word_1_389' title='bbox 1497 2728 1679 2776; x_wconf 83' lang='lat' dir='ltr'><strong>repetitio:</strong></span> 
     </span>
    </p>

    <p class='ocr_par' dir='ltr' id='par_1_15' title="bbox 1103 2785 1657 2821">
     <span class='ocr_line' id='line_1_73' title="bbox 1103 2785 1657 2821; baseline -0.007 -8"><span class='ocrx_word' id='word_1_390' title='bbox 1103 2789 1173 2813; x_wconf 77' lang='lat' dir='ltr'><strong>Ante</strong></span> <span class='ocrx_word' id='word_1_391' title='bbox 1188 2788 1264 2821; x_wconf 83' lang='lat' dir='ltr'><strong>pedes</strong></span> <span class='ocrx_word' id='word_1_392' title='bbox 1274 2787 1382 2812; x_wconf 75' lang='lat' dir='ltr'><strong>dominae</strong></span> <span class='ocrx_word' id='word_1_393' title='bbox 1391 2786 1552 2820; x_wconf 71' lang='lat' dir='ltr'><strong>pertimuisse</strong></span> <span class='ocrx_word' id='word_1_394' title='bbox 1564 2785 1657 2810; x_wconf 70' lang='lat' dir='ltr'><strong>minas.</strong></span> 
     </span>
    </p>
   </div>
   <div class='ocr_carea' id='block_1_10' title="bbox 1115 2833 1745 2879">
    <p class='ocr_par' dir='ltr' id='par_1_16' title="bbox 1115 2833 1745 2879">
     <span class='ocr_line' id='line_1_74' title="bbox 1115 2833 1745 2879; baseline 0 -9"><span class='ocrx_word' id='word_1_395' title='bbox 1115 2837 1168 2870; x_wconf 84' lang='lat'><strong>83.</strong></span> <span class='ocrx_word' id='word_1_396' title='bbox 1194 2838 1351 2871; x_wconf 70' lang='lat' dir='ltr'><strong>Eximius</strong></span> <span class='ocrx_word' id='word_1_397' title='bbox 1360 2846 1502 2879; x_wconf 79' lang='lat' dir='ltr'><strong>pompas</strong></span> <span class='ocrx_word' id='word_1_398' title='bbox 1520 2839 1584 2870; x_wconf 87' lang='lat' dir='ltr'><strong>ete.</strong></span> <span class='ocrx_word' id='word_1_399' title='bbox 1609 2833 1745 2870; x_wconf 86' lang='lat' dir='ltr'><strong>Ironice</strong></span> 
     </span>
    </p>
   </div>
  </div>
 </body>
</html>
