1884 3112
415 215 721 263 PHYLLIS
762 213 1317 260 DEMOPHOONTI.
1523 213 1583 274 39

153 309 312 361 Adfuit
333 308 490 359 Alecto
499 347 511 368 ‚
535 307 750 358 brevibus
775 318 984 374 torquata
1006 305 1225 365 colubris3

219 388 422 455 Suntque
445 385 679 454 sepulcrali
702 385 871 434 lumina
892 395 1015 433 mota
1036 383 1142 432 face.
1523 405 1584 428 120

156 467 316 515 Maesta
338 477 485 514 tamen
508 463 717 531 scopulos
740 462 1040 528 fruticosaque
1063 460 1195 509 litora
1217 457 1363 518 calco;

222 542 412 610 Quaque
435 553 590 609 patent
613 539 754 589 oculis
778 558 957 606 aequora
980 538 1069 587 lata
1090 538 1221 597 meis,

157 620 258 670 Sive
282 620 352 669 die
375 619 547 670 laxatur
567 618 753 676 humus,
780 636 858 665 seu
881 615 1042 679 frigida
1065 615 1216 664 lucent

221 697 396 756 Sidera,
420 696 671 764 prospicio,
698 694 799 762 quis
821 693 934 747 freta
956 704 1114 742 ventus
1138 703 1251 754 agat.

158 776 219 824 Et
240 793 513 842 quaecunque
537 771 695 840 procul
716 771 938 820 venientia
960 770 1098 819 lintea
1119 769 1231 828 vidi,
1528 783 1590 818 12⁵

221 851 434 900 Protinus
455 849 532 899 illa
554 869 678 899 meos
702 868 898 912 auguror
920 867 1013 897 esse
1038 849 1174 896 Deos.

158 931 212 978 In
234 929 346 998 freta
366 948 607 996 procurro,
632 928 706 977 vix
726 947 797 976 me
820 925 1118 976 retinentibus
1142 922 1298 980 undis,

220 1005 397 1056 Mobile
422 1025 509 1073 qua
531 1006 696 1073 primas
719 1004 912 1071 porrigit
935 1021 1090 1069 aequor
1113 1019 1262 1067 aquas.

159 1179 256 1211 tiana
271 1202 281 1218 ‚
309 1186 350 1211 1v
385 1174 481 1223 Sylv.
510 1173 631 1210 Carm.
656 1185 703 1209 111
713 1200 723 1218 ,
754 1175 819 1221 59:

226 1235 278 1262 Hi·
288 1244 387 1270 pnrvus
404 1236 416 1268 (
425 1235 475 1261 nisi
485 1235 569 1261 ἀπίω
579 1239 697 1260 vetarent
709 1234 720 1266 )

225 1281 307 1306 Inous
316 1280 383 1306 freta
394 1280 541 1305 miscuisset
554 1278 678 1304 Isthmos.

162 1330 287 1376 Quem
301 1329 419 1365 locum
435 1354 445 1373 ,
461 1328 541 1373 quia
563 1340 637 1362 non
650 1333 816 1374 caperent
830 1354 840 1371 ,

159 1383 216 1417 vix
236 1381 400 1417 credibile
417 1379 596 1426 quomodo
612 1380 770 1414 vexarint
785 1379 843 1414 in-

161 1439 342 1480 terpretes.
363 1432 477 1468 Testis
501 1430 555 1468 Cl.
579 1430 778 1466 Markland.
799 1430 843 1465 ad

159 1485 279 1521 locum
292 1485 448 1520 citatum.

209 1551 223 1572 1
231 1551 282 1586 ¹9·
308 1538 487 1582 Torquato.
499 1534 557 1571 Sic
567 1541 604 1570 et
615 1527 778 1581 torquata·
790 1545 843 1569 co-

134 1563 136 1565 *
160 1591 272 1625 Iubm.
287 1587 452 1624 Priscian
467 1587 642 1634 Perieges.
654 1601 687 1634 p.
701 1587 784 1635 395:

159 1649 289 1676 Ptin-ou·
298 1647 342 1674 hic
352 1648 447 1674 viridis
457 1648 593 1674 decoratus
604 1652 697 1682 torque
708 1646 813 1673 rubenti

159 1692 298 1719 Nascitur.

162 1742 288 1778 Horat.
302 1741 367 1788 Ep.
381 1739 452 1777 od.
469 1752 506 1785 v,
528 1742 587 1777 15:

210 1802 320 1828 Canidia
328 1801 453 1827 brevibus
464 1802 595 1836 implicatu
608 1801 707 1835 viperis

210 1847 324 1873 Eminet.
605 1846 714 1873 Hemn-

162 1895 353 1932 vossianus
366 1922 376 1940 ,
391 1896 567 1941 latasace.
590 1895 723 1931 Bunm.

209 1962 223 1983 1
229 1962 248 1983 2
255 1962 268 1982 1
274 1948 418 1982 ‚Masta
425 1951 537 1983 lamen
544 1955 608 1983 etc.
615 1947 847 1993 Quamquam

163 1999 260 2035 nulla
271 2012 349 2046 spes
361 1999 494 2035 reditus
514 2000 559 2035 sit
577 2000 713 2035 miseroe
722 2025 731 2043 ,
746 2001 850 2034 litora

162 2058 283 2087 tamen
292 2054 421 2094 calcat,
432 2059 468 2088 et
479 2066 547 2098 qua
558 2059 673 2098 potest
682 2051 848 2086 latissime

164 2116 296 2149 equom
307 2104 489 2150 prospicit,
503 2111 543 2139 ut
558 2104 635 2139 vela
646 2102 849 2150 deprehen-

166 2154 245 2200 dat,
270 2155 299 2192 si
326 2168 405 2202 quae
428 2156 641 2192 redeuntem
670 2155 849 2202 Demoph.

166 2207 343 2243 nuntient.
353 2208 463 2244 Recte
473 2208 579 2255 igitur
587 2210 690 2244 litora
701 2214 737 2243 et
745 2221 851 2254 equo-

166 2270 233 2302 ra,·
250 2271 319 2295 nec
346 2260 539 2307 quidquam
561 2259 848 2305 immutandum,

167 2317 295 2358 praeter
316 2309 371 2346 Cl.
391 2311 590 2348 Burmanni
613 2312 825 2348 sententiam
839 2338 850 2356 ,

168 2363 229 2410 qui
238 2361 393 2398 multum
404 2362 462 2399 hic
473 2365 672 2411 frustraque
685 2365 800 2411 ipsum
814 2376 852 2399 se

169 2422 206 2451 et
225 2415 395 2451 lectorem
422 2422 562 2462 torquet
571 2443 582 2461 ,
606 2423 642 2452 et
662 2415 854 2464 legendum

169 2466 317 2503 tandem
334 2467 523 2514 proponit:

168 2527 266 2554 Monta
282 2533 370 2554 tamen
387 2529 509 2563 scopulos
520 2547 530 2560 ,
549 2527 726 2564 fruticosaque
737 2528 855 2556 cubnina

254 2577 326 2604 caleo
340 2595 350 2608 ,

203 2625 317 2660 Quaque
329 2630 418 2660 putent
428 2626 513 2652 oeulis
522 2626 604 2652 litora
614 2626 668 2652 lata
677 2627 752 2653 meis.

174 2681 263 2718 Haec
277 2694 363 2728 ego;
378 2695 461 2719 cum
475 2683 616 2718 fortuna
633 2682 784 2730 quadam
796 2682 855 2719 in-

174 2740 229 2769 ter
253 2747 379 2771 manus
406 2748 502 2772 meas
529 2735 729 2773 inciderunt
743 2762 753 2781 ,
779 2748 856 2782 quae

906 1172 944 1206 in
962 1171 1144 1205 Heroidum
1158 1169 1323 1213 epistolas
1337 1165 1518 1202 annotavit
1536 1166 1590 1200 vir

906 1222 1126 1258 hereditariae
1152 1221 1190 1256 in
1212 1219 1334 1255 litteris
1358 1218 1510 1264 antiquis
1530 1219 1589 1255 sa-.

907 1288 975 1310 mae
988 1302 998 1319 ‚
1037 1273 1091 1309 Cl.
1121 1274 1268 1319 Lennep
1282 1299 1292 1316 ,
1319 1271 1420 1317 cujus
1450 1270 1506 1305 vel
1535 1270 1591 1316 ip·-

907 1340 986 1363 sum
1006 1339 1140 1361 nomen
1159 1325 1324 1360 meritam
1338 1324 1377 1358 in
1392 1323 1498 1358 rebus
1513 1323 1589 1358 cri-

908 1379 982 1414 ticis
1004 1378 1247 1414 auctoritatem
1274 1375 1432 1411 servabit.
1455 1375 1568 1409 Porro
1579 1399 1589 1417 ,

906 1431 1025 1466 locum
1041 1430 1137 1465 hunc
1149 1430 1197 1464 ita
1211 1428 1394 1474 distinguit
1406 1434 1446 1469 ,et
1467 1439 1592 1461 emen-

908 1482 967 1517 dat
977 1503 993 1527 ,κ
1002 1482 1171 1518 suadente
1187 1480 1318 1527 collega
1334 1486 1455 1515 nostro
1470 1478 1592 1514 doctss.

907 1536 1132 1570 Boetcsonade.

908 1595 1004 1621 Moesta
1011 1600 1096 1619 lamen
1101 1593 1222 1628 scopulos
1226 1592 1404 1626 fruticosaque
1408 1591 1561 1617 litoracalco
1569 1600 1575 1616 :

941 1645 1055 1678 Quaque
1067 1648 1156 1677 patent
1166 1643 1249 1668 oculis
1259 1650 1363 1676 aequora
1373 1642 1426 1666 lata
1442 1641 1506 1665 meis
1516 1659 1525 1671 ,

910 1693 990 1726 (Sive
1003 1692 1046 1718 die
1062 1693 1166 1719 laxatur
1177 1691 1275 1716 humus
1283 1711 1292 1723 ,
1310 1700 1356 1717 seu
1366 1689 1461 1723 frigida
1472 1690 1560 1714 lucent

941 1730 1032 1768 Sidera
1040 1761 1048 1773 ,
1062 1742 1072 1774 )
1085 1741 1215 1775 prospicio
1224 1741 1285 1775 quis
1296 1740 1364 1765 freta
1375 1744 1469 1765 ventus
1482 1744 1549 1772 agat.

912 1790 997 1836 Qua
1014 1790 1149 1826 ratione
1175 1789 1290 1826 omnis
1305 1788 1490 1824 difficultas
1516 1786 1592 1821 tol-

909 1842 1004 1878 litur.

959 1895 1030 1929 123.
1055 1895 1232 1936 laxatur,
1256 1893 1421 1940 aperitur.
1441 1891 1592 1926 Terram

911 1954 1087 1982 nocturno
1095 1947 1223 1993 frigore
1236 1945 1459 1981 constrictam
1466 1942 1516 1978 sol
1523 1954 1595 1976 ma-

912 1999 1046 2034 tutinus
1061 1997 1195 2044 tepenti
1206 1997 1318 2033 calore
1326 1999 1468 2031 laxatet
1475 1994 1595 2041 aperit.

913 2051 1011 2098 Virg.
1027 2050 1157 2097 Georg.
1177 2062 1207 2085 11
1219 2076 1229 2095 ,
1246 2050 1329 2084 330:
1420 2095 1425 2098 ι

962 2128 972 2139 .
982 2129 988 2136 ·
1001 2129 1008 2137 .
1027 2110 1195 2145 Zephyrique
1209 2109 1356 2144 tepentibus
1366 2108 1438 2135 auris
1465 2141 1468 2143 .

961 2161 1065 2187 Lanm
1072 2168 1135 2185 arva
1147 2160 1229 2185 sinu».

962 2209 1033 2244 126.
1055 2209 1154 2243 Mos
1156 2235 1247 2244 .........
1271 2209 1377 2243 Deos.
1403 2207 1487 2243 Non
1512 2218 1594 2241 sane

914 2262 1063 2297 numina
1087 2260 1215 2308 quaevis
1239 2259 1328 2295 mihi
1354 2259 1504 2306 propitia
1520 2284 1529 2302 ,
1557 2265 1597 2292 ut

914 2314 1038 2349 volunt
1047 2314 1120 2350 sere
1136 2326 1259 2349 omnes
1271 2312 1382 2348 :solus
1394 2318 1446 2346 est
1456 2310 1518 2357 ipsi
1532 2323 1597 2357 pro

915 2366 1048 2403 cunctis
1055 2366 1260 2402 numinibus
1272 2363 1522 2410 Demophoon.
1538 2362 1598 2397 Sic

916 2418 1074 2465 Euripid.
1088 2417 1245 2465 Iphigen.
1256 2417 1293 2452 in
1307 2416 1388 2452 Aul.
1401 2422 1437 2451 et
1449 2417 1594 2456 Hacine,

917 2471 1029 2518 Iphig.
1043 2477 1105 2506 act.
1121 2470 1141 2505 3
1151 2496 1161 2515 ,
1173 2484 1218 2506 sc.
1234 2471 1264 2505 5.

1114 2546 1124 2556 .
1133 2548 1140 2554 .
1150 2547 1157 2554 .
1180 2530 1250 2555 Vous
1261 2528 1355 2554 &tuen
1364 2535 1405 2552 coc
1415 2526 1492 2552 lieux

916 2582 970 2608 Son
977 2582 1043 2616 pare
1050 2598 1061 2613 ,
1074 2588 1118 2605 ton
1126 2579 1215 2613 :ipen-2·
1221 2597 1232 2611 ,
1247 2586 1294 2603 son
1304 2576 1378 2611 asyle
1386 2595 1398 2611 ,
1410 2585 1449 2602 ωε
1458 2575 1552 2602 ὀίω.

965 2630 1036 2665 128.
1059 2629 1188 2664 Mobile
1201 2638 1276 2673 qua.
1289 2624 1500 2673 Legendum
1515 2629 1602 2671 puto

917 2693 1002 2729 quo‚·
1021 2693 1087 2727 qua
1106 2687 1224 2715 autem
1238 2706 1248 2724 ,
1263 2678 1302 2714 id
1322 2685 1375 2714 est
1393 2680 1466 2723 ubi,
1483 2677 1602 2715 minus

919 2734 1075 2771 hocloco
1090 2733 1261 2780 congruit.
1277 2730 1382 2768 Cror.
