<?xml version="1.0" encoding="UTF-8"?>
<!DOCTYPE html PUBLIC "-//W3C//DTD XHTML 1.0 Transitional//EN"
    "http://www.w3.org/TR/xhtml1/DTD/xhtml1-transitional.dtd">
<html xmlns="http://www.w3.org/1999/xhtml" xml:lang="en" lang="en">
 <head>
  <title>
</title>
<meta http-equiv="Content-Type" content="text/html;charset=utf-8" />
  <meta name='ocr-system' content='tesseract 3.04.00' />
  <meta name='ocr-capabilities' content='ocr_page ocr_carea ocr_par ocr_line ocrx_word'/>
</head>
<body>
  <div class='ocr_page' id='page_1' title='image "./quaeextantomniao01oviduoft_0337.png"; bbox 0 0 1884 3112; ppageno 0'>
   <div class='ocr_carea' id='block_1_1' title="bbox 0 0 49 2783">
    <p class='ocr_par' dir='ltr' id='par_1_1' title="bbox 0 0 49 2783">
     <span class='ocr_line' id='line_1_1' title="bbox 0 0 49 2783; baseline 0 0"><span class='ocrx_word' id='word_1_1' title='bbox 0 0 49 2783; x_wconf 95' lang='lat' dir='ltr'> </span> 
     </span>
    </p>
   </div>
   <div class='ocr_carea' id='block_1_2' title="bbox 593 265 1584 315">
    <p class='ocr_par' dir='ltr' id='par_1_2' title="bbox 593 265 1584 315">
     <span class='ocr_line' id='line_1_2' title="bbox 593 265 1584 315; baseline 0.005 -5"><span class='ocrx_word' id='word_1_2' title='bbox 593 265 799 312; x_wconf 88' lang='lat' dir='ltr'><strong>PARIS</strong></span> <span class='ocrx_word' id='word_1_3' title='bbox 844 265 1155 314; x_wconf 80' lang='lat' dir='ltr'><strong>HELENAE.</strong></span> <span class='ocrx_word' id='word_1_4' title='bbox 1498 271 1584 315; x_wconf 81' lang='lat'>305</span> 
     </span>
    </p>
   </div>
   <div class='ocr_carea' id='block_1_3' title="bbox 122 357 1381 659">
    <p class='ocr_par' dir='ltr' id='par_1_3' title="bbox 151 357 1281 422">
     <span class='ocr_line' id='line_1_3' title="bbox 151 357 1281 422; baseline 0 -13"><span class='ocrx_word' id='word_1_5' title='bbox 151 368 218 422; x_wconf 27' lang='grc' dir='ltr'>,ιθ-ἶ</span> <span class='ocrx_word' id='word_1_6' title='bbox 232 357 357 407; x_wconf 70' lang='lat' dir='ltr'>Laes‘a</span> <span class='ocrx_word' id='word_1_7' title='bbox 377 375 459 407; x_wconf 82' lang='lat' dir='ltr'>nec</span> <span class='ocrx_word' id='word_1_8' title='bbox 482 368 550 406; x_wconf 88' lang='lat' dir='ltr'>est</span> <span class='ocrx_word' id='word_1_9' title='bbox 573 357 741 409; x_wconf 86' lang='lat' dir='ltr'>Colcha</span> <span class='ocrx_word' id='word_1_10' title='bbox 762 358 973 409; x_wconf 88' lang='lat' dir='ltr'>Thessala</span> <span class='ocrx_word' id='word_1_11' title='bbox 996 371 1110 410; x_wconf 86' lang='lat' dir='ltr'>terra</span> <span class='ocrx_word' id='word_1_12' title='bbox 1130 375 1281 411; x_wconf 78' lang='lat' dir='ltr'>manu.&#39;</span> 
     </span>
    </p>

    <p class='ocr_par' dir='ltr' id='par_1_4' title="bbox 134 432 1381 566">
     <span class='ocr_line' id='line_1_4' title="bbox 134 432 1381 503; baseline 0.007 -22"><span class='ocrx_word' id='word_1_13' title='bbox 134 493 140 498; x_wconf 32' lang='grc' dir='ltr'>Ι</span> <span class='ocrx_word' id='word_1_14' title='bbox 165 432 232 482; x_wconf 90' lang='lat' dir='ltr'>Te</span> <span class='ocrx_word' id='word_1_15' title='bbox 257 451 437 501; x_wconf 75' lang='lat' dir='ltr'>quoque</span> <span class='ocrx_word' id='word_1_16' title='bbox 462 434 541 502; x_wconf 90' lang='lat' dir='ltr'>qui</span> <span class='ocrx_word' id='word_1_17' title='bbox 563 436 731 503; x_wconf 87' lang='lat' dir='ltr'><strong>rapuit,</strong></span> <span class='ocrx_word' id='word_1_18' title='bbox 757 436 906 503; x_wconf 81' lang='lat' dir='ltr'><strong>rapuit</strong></span> <span class='ocrx_word' id='word_1_19' title='bbox 927 436 1131 486; x_wconf 70' lang='lat' dir='ltr'>Minoida</span> <span class='ocrx_word' id='word_1_20' title='bbox 1153 438 1381 489; x_wconf 85' lang='lat' dir='ltr'><strong>Theseus:</strong></span> 
     </span>
     <span class='ocr_line' id='line_1_5' title="bbox 231 510 1268 566; baseline 0.007 -7"><span class='ocrx_word' id='word_1_21' title='bbox 231 510 367 560; x_wconf 86' lang='lat' dir='ltr'>Nulla</span> <span class='ocrx_word' id='word_1_22' title='bbox 391 523 536 562; x_wconf 88' lang='lat' dir='ltr'>tamen</span> <span class='ocrx_word' id='word_1_23' title='bbox 560 514 712 562; x_wconf 90' lang='lat' dir='ltr'>Minos</span> <span class='ocrx_word' id='word_1_24' title='bbox 737 516 890 564; x_wconf 85' lang='lat' dir='ltr'><strong>Cretas</strong></span> <span class='ocrx_word' id='word_1_25' title='bbox 913 514 970 562; x_wconf 83' lang='lat' dir='ltr'>ad</span> <span class='ocrx_word' id='word_1_26' title='bbox 991 534 1109 564; x_wconf 86' lang='lat' dir='ltr'>arma</span> <span class='ocrx_word' id='word_1_27' title='bbox 1132 529 1268 566; x_wconf 86' lang='lat' dir='ltr'>vocat.</span> 
     </span>
    </p>

    <p class='ocr_par' dir='ltr' id='par_1_5' title="bbox 122 589 1247 659">
     <span class='ocr_line' id='line_1_6' title="bbox 122 589 1247 659; baseline 0.005 -22"><span class='ocrx_word' id='word_1_28' title='bbox 122 591 124 594; x_wconf 69' lang='grc'>’</span> <span class='ocrx_word' id='word_1_29' title='bbox 164 589 331 638; x_wconf 83' lang='lat' dir='ltr'>Terror</span> <span class='ocrx_word' id='word_1_30' title='bbox 353 589 402 638; x_wconf 91' lang='lat' dir='ltr'>in</span> <span class='ocrx_word' id='word_1_31' title='bbox 421 590 493 640; x_wconf 82' lang='lat' dir='ltr'>his</span> <span class='ocrx_word' id='word_1_32' title='bbox 517 591 616 659; x_wconf 91' lang='lat' dir='ltr'>ipso</span> <span class='ocrx_word' id='word_1_33' title='bbox 638 592 778 657; x_wconf 89' lang='lat' dir='ltr'>major</span> <span class='ocrx_word' id='word_1_34' title='bbox 801 590 913 641; x_wconf 88' lang='lat' dir='ltr'>solet</span> <span class='ocrx_word' id='word_1_35' title='bbox 936 609 1028 640; x_wconf 89' lang='lat' dir='ltr'>esse</span> <span class='ocrx_word' id='word_1_36' title='bbox 1051 592 1247 658; x_wconf 87' lang='lat' dir='ltr'>periclo:</span> 
     </span>
    </p>
   </div>
   <div class='ocr_carea' id='block_1_4' title="bbox 234 667 1245 737">
    <p class='ocr_par' dir='ltr' id='par_1_6' title="bbox 234 667 1245 737">
     <span class='ocr_line' id='line_1_7' title="bbox 234 667 1245 737; baseline 0.002 -19"><span class='ocrx_word' id='word_1_37' title='bbox 234 667 437 736; x_wconf 80' lang='lat' dir='ltr'>Quaeque</span> <span class='ocrx_word' id='word_1_38' title='bbox 463 669 614 719; x_wconf 89' lang='lat' dir='ltr'>timere</span> <span class='ocrx_word' id='word_1_39' title='bbox 637 669 768 727; x_wconf 85' lang='lat' dir='ltr'>libet,</span> <span class='ocrx_word' id='word_1_40' title='bbox 793 669 1072 736; x_wconf 86' lang='lat' dir='ltr'>pertimuisse</span> <span class='ocrx_word' id='word_1_41' title='bbox 1093 671 1245 737; x_wconf 86' lang='lat' dir='ltr'>pudet.</span> 
     </span>
    </p>
   </div>
   <div class='ocr_carea' id='block_1_5' title="bbox 1524 691 1589 724">
    <p class='ocr_par' dir='ltr' id='par_1_7' title="bbox 1524 691 1589 724">
     <span class='ocr_line' id='line_1_8' title="bbox 1524 691 1589 724; baseline -0.031 0"><span class='ocrx_word' id='word_1_42' title='bbox 1524 691 1589 724; x_wconf 63' lang='lat'>3:70</span> 
     </span>
    </p>
   </div>
   <div class='ocr_carea' id='block_1_6' title="bbox 163 742 1357 1047">
    <p class='ocr_par' dir='ltr' id='par_1_8' title="bbox 163 742 1357 882">
     <span class='ocr_line' id='line_1_9' title="bbox 163 742 1357 809; baseline 0.006 -17"><span class='ocrx_word' id='word_1_43' title='bbox 163 742 304 808; x_wconf 81' lang='lat' dir='ltr'>Finge</span> <span class='ocrx_word' id='word_1_44' title='bbox 327 756 494 804; x_wconf 87' lang='lat' dir='ltr'>tamen,</span> <span class='ocrx_word' id='word_1_45' title='bbox 519 747 558 795; x_wconf 90' lang='lat' dir='ltr'>si</span> <span class='ocrx_word' id='word_1_46' title='bbox 579 747 668 804; x_wconf 87' lang='lat' dir='ltr'>vis,</span> <span class='ocrx_word' id='word_1_47' title='bbox 694 746 851 809; x_wconf 86' lang='lat' dir='ltr'>ingens</span> <span class='ocrx_word' id='word_1_48' title='bbox 875 764 1141 809; x_wconf 87' lang='lat' dir='ltr'>consurgere</span> <span class='ocrx_word' id='word_1_49' title='bbox 1163 747 1357 799; x_wconf 90' lang='lat' dir='ltr'>bellum:</span> 
     </span>
     <span class='ocr_line' id='line_1_10' title="bbox 229 821 1203 882; baseline 0.003 -12"><span class='ocrx_word' id='word_1_50' title='bbox 229 822 292 870; x_wconf 89' lang='lat' dir='ltr'>Et</span> <span class='ocrx_word' id='word_1_51' title='bbox 312 821 422 870; x_wconf 87' lang='lat' dir='ltr'>mihi</span> <span class='ocrx_word' id='word_1_52' title='bbox 445 834 552 872; x_wconf 89' lang='lat' dir='ltr'>sunt</span> <span class='ocrx_word' id='word_1_53' title='bbox 572 823 710 882; x_wconf 79' lang='lat' dir='ltr'>vires,</span> <span class='ocrx_word' id='word_1_54' title='bbox 735 834 780 872; x_wconf 88' lang='lat' dir='ltr'>et</span> <span class='ocrx_word' id='word_1_55' title='bbox 802 842 898 871; x_wconf 90' lang='lat' dir='ltr'>mea</span> <span class='ocrx_word' id='word_1_56' title='bbox 921 822 1006 872; x_wconf 90' lang='lat' dir='ltr'>tela</span> <span class='ocrx_word' id='word_1_57' title='bbox 1028 837 1203 873; x_wconf 84' lang='lat' dir='ltr'>nocent.</span> 
     </span>
    </p>

    <p class='ocr_par' dir='ltr' id='par_1_9' title="bbox 163 900 1340 1047">
     <span class='ocr_line' id='line_1_11' title="bbox 163 900 1340 970; baseline 0.003 -20"><span class='ocrx_word' id='word_1_58' title='bbox 163 902 256 950; x_wconf 89' lang='lat' dir='ltr'>Nec</span> <span class='ocrx_word' id='word_1_59' title='bbox 278 900 427 950; x_wconf 91' lang='lat' dir='ltr'>minor</span> <span class='ocrx_word' id='word_1_60' title='bbox 450 912 518 950; x_wconf 89' lang='lat' dir='ltr'>est</span> <span class='ocrx_word' id='word_1_61' title='bbox 537 901 675 960; x_wconf 83' lang='lat' dir='ltr'>Asiae,</span> <span class='ocrx_word' id='word_1_62' title='bbox 703 920 835 968; x_wconf 91' lang='lat' dir='ltr'>quam</span> <span class='ocrx_word' id='word_1_63' title='bbox 858 913 1011 950; x_wconf 88' lang='lat' dir='ltr'>vestrae</span> <span class='ocrx_word' id='word_1_64' title='bbox 1035 903 1166 970; x_wconf 90' lang='lat' dir='ltr'>copia</span> <span class='ocrx_word' id='word_1_65' title='bbox 1189 915 1340 954; x_wconf 86' lang='lat' dir='ltr'>terrae:</span> 
     </span>
     <span class='ocr_line' id='line_1_12' title="bbox 227 977 1134 1047; baseline 0.002 -19"><span class='ocrx_word' id='word_1_66' title='bbox 227 977 312 1028; x_wconf 81' lang='lat' dir='ltr'>Illa</span> <span class='ocrx_word' id='word_1_67' title='bbox 333 979 438 1028; x_wconf 87' lang='lat' dir='ltr'>viris</span> <span class='ocrx_word' id='word_1_68' title='bbox 463 979 604 1038; x_wconf 86' lang='lat' dir='ltr'>dives,</span> <span class='ocrx_word' id='word_1_69' title='bbox 630 979 750 1028; x_wconf 85' lang='lat' dir='ltr'>dives</span> <span class='ocrx_word' id='word_1_70' title='bbox 774 979 973 1028; x_wconf 85' lang='lat' dir='ltr'><strong>abundat</strong></span> <span class='ocrx_word' id='word_1_71' title='bbox 994 981 1134 1047; x_wconf 89' lang='lat' dir='ltr'>equis.</span> 
     </span>
    </p>
   </div>
   <div class='ocr_carea' id='block_1_7' title="bbox 163 1057 1226 1125">
    <p class='ocr_par' dir='ltr' id='par_1_10' title="bbox 163 1057 1226 1125">
     <span class='ocr_line' id='line_1_13' title="bbox 163 1057 1226 1125; baseline -0.001 -17"><span class='ocrx_word' id='word_1_72' title='bbox 163 1059 256 1108; x_wconf 86' lang='lat' dir='ltr'>Nec</span> <span class='ocrx_word' id='word_1_73' title='bbox 278 1057 382 1125; x_wconf 86' lang='lat' dir='ltr'>plus</span> <span class='ocrx_word' id='word_1_74' title='bbox 404 1057 585 1107; x_wconf 82' lang='lat' dir='ltr'>Atrides</span> <span class='ocrx_word' id='word_1_75' title='bbox 609 1058 743 1107; x_wconf 90' lang='lat' dir='ltr'>animi</span> <span class='ocrx_word' id='word_1_76' title='bbox 763 1057 993 1107; x_wconf 89' lang='lat' dir='ltr'>Menelaus</span> <span class='ocrx_word' id='word_1_77' title='bbox 1015 1057 1226 1119; x_wconf 85' lang='lat' dir='ltr'>habebit,</span> 
     </span>
    </p>
   </div>
   <div class='ocr_carea' id='block_1_8' title="bbox 1523 1079 1589 1112">
    <p class='ocr_par' dir='ltr' id='par_1_11' title="bbox 1523 1079 1589 1112">
     <span class='ocr_line' id='line_1_14' title="bbox 1523 1079 1589 1112; baseline -0.015 0"><span class='ocrx_word' id='word_1_78' title='bbox 1523 1079 1589 1112; x_wconf 72' lang='lat'>355</span> 
     </span>
    </p>
   </div>
   <div class='ocr_carea' id='block_1_9' title="bbox 163 1136 1252 1439">
    <p class='ocr_par' dir='ltr' id='par_1_12' title="bbox 163 1136 1252 1284">
     <span class='ocr_line' id='line_1_15' title="bbox 232 1136 1252 1203; baseline -0.002 -15"><span class='ocrx_word' id='word_1_79' title='bbox 232 1137 381 1203; x_wconf 84' lang='lat' dir='ltr'>Quam</span> <span class='ocrx_word' id='word_1_80' title='bbox 404 1138 553 1196; x_wconf 91' lang='lat' dir='ltr'>Paris;</span> <span class='ocrx_word' id='word_1_81' title='bbox 576 1150 651 1187; x_wconf 89' lang='lat' dir='ltr'>aut</span> <span class='ocrx_word' id='word_1_82' title='bbox 672 1138 802 1186; x_wconf 87' lang='lat' dir='ltr'>armis</span> <span class='ocrx_word' id='word_1_83' title='bbox 828 1136 1134 1186; x_wconf 88' lang='lat' dir='ltr'>anteferendus</span> <span class='ocrx_word' id='word_1_84' title='bbox 1158 1138 1252 1186; x_wconf 88' lang='lat' dir='ltr'>erit.</span> 
     </span>
     <span class='ocr_line' id='line_1_16' title="bbox 163 1215 1175 1284; baseline -0.003 -19"><span class='ocrx_word' id='word_1_85' title='bbox 163 1216 294 1266; x_wconf 85' lang='lat' dir='ltr'>Paene</span> <span class='ocrx_word' id='word_1_86' title='bbox 318 1235 430 1284; x_wconf 86' lang='lat' dir='ltr'>puer</span> <span class='ocrx_word' id='word_1_87' title='bbox 453 1216 574 1265; x_wconf 85' lang='lat' dir='ltr'>caesis</span> <span class='ocrx_word' id='word_1_88' title='bbox 598 1215 788 1264; x_wconf 89' lang='lat' dir='ltr'>abducta</span> <span class='ocrx_word' id='word_1_89' title='bbox 811 1226 1006 1263; x_wconf 88' lang='lat' dir='ltr'>armenta</span> <span class='ocrx_word' id='word_1_90' title='bbox 1027 1215 1175 1281; x_wconf 84' lang='lat' dir='ltr'>recepi</span> 
     </span>
    </p>

    <p class='ocr_par' dir='ltr' id='par_1_13' title="bbox 164 1291 1212 1439">
     <span class='ocr_line' id='line_1_17' title="bbox 227 1291 1212 1353; baseline -0.002 -11"><span class='ocrx_word' id='word_1_91' title='bbox 227 1294 474 1353; x_wconf 80' lang='lat' dir='ltr'>Hostibus3</span> <span class='ocrx_word' id='word_1_92' title='bbox 509 1305 554 1343; x_wconf 91' lang='lat' dir='ltr'>et</span> <span class='ocrx_word' id='word_1_93' title='bbox 577 1312 751 1342; x_wconf 89' lang='lat' dir='ltr'>causam</span> <span class='ocrx_word' id='word_1_94' title='bbox 772 1291 966 1341; x_wconf 89' lang='lat' dir='ltr'>nominis</span> <span class='ocrx_word' id='word_1_95' title='bbox 989 1291 1091 1340; x_wconf 91' lang='lat' dir='ltr'>inde</span> <span class='ocrx_word' id='word_1_96' title='bbox 1116 1292 1212 1341; x_wconf 90' lang='lat' dir='ltr'>tuli.</span> 
     </span>
     <span class='ocr_line' id='line_1_18' title="bbox 164 1369 1171 1439; baseline -0.005 -18"><span class='ocrx_word' id='word_1_97' title='bbox 164 1371 296 1421; x_wconf 84' lang='lat' dir='ltr'>Paene</span> <span class='ocrx_word' id='word_1_98' title='bbox 319 1390 432 1439; x_wconf 89' lang='lat' dir='ltr'>puer</span> <span class='ocrx_word' id='word_1_99' title='bbox 453 1370 575 1419; x_wconf 90' lang='lat' dir='ltr'>vario</span> <span class='ocrx_word' id='word_1_100' title='bbox 599 1370 779 1435; x_wconf 89' lang='lat' dir='ltr'>juvenes</span> <span class='ocrx_word' id='word_1_101' title='bbox 804 1369 1037 1418; x_wconf 88' lang='lat' dir='ltr'>certamine</span> <span class='ocrx_word' id='word_1_102' title='bbox 1057 1369 1141 1417; x_wconf 89' lang='lat' dir='ltr'>vici</span> <span class='ocrx_word' id='word_1_103' title='bbox 1161 1389 1171 1417; x_wconf 94' lang='lat'>:</span> 
     </span>
    </p>
   </div>
   <div class='ocr_carea' id='block_1_10' title="bbox 161 1484 845 2840">
    <p class='ocr_par' dir='ltr' id='par_1_14' title="bbox 162 1484 840 1686">
     <span class='ocr_line' id='line_1_19' title="bbox 206 1484 837 1530; baseline -0.003 -10"><span class='ocrx_word' id='word_1_104' title='bbox 206 1484 283 1530; x_wconf 75' lang='lat'><strong>346.</strong></span> <span class='ocrx_word' id='word_1_105' title='bbox 298 1485 568 1520; x_wconf 77' lang='lat' dir='ltr'>Thessalatma.</span> <span class='ocrx_word' id='word_1_106' title='bbox 583 1486 759 1519; x_wconf 79' lang='lat' dir='ltr'>Thessalis</span> <span class='ocrx_word' id='word_1_107' title='bbox 764 1496 837 1528; x_wconf 85' lang='lat' dir='ltr'>om,</span> 
     </span>
     <span class='ocr_line' id='line_1_20' title="bbox 163 1536 840 1583; baseline -0.001 -11"><span class='ocrx_word' id='word_1_108' title='bbox 163 1537 281 1581; x_wconf 68' lang='lat' dir='ltr'>Basil„</span> <span class='ocrx_word' id='word_1_109' title='bbox 293 1536 388 1583; x_wconf 80' lang='lat' dir='ltr'>quod</span> <span class='ocrx_word' id='word_1_110' title='bbox 399 1537 562 1583; x_wconf 67' lang='lat' dir='ltr'>placeret,</span> <span class='ocrx_word' id='word_1_111' title='bbox 573 1537 639 1571; x_wconf 79' lang='lat' dir='ltr'>nisi</span> <span class='ocrx_word' id='word_1_112' title='bbox 648 1537 840 1582; x_wconf 69' lang='lat' dir='ltr'>praecessis-</span> 
     </span>
     <span class='ocr_line' id='line_1_21' title="bbox 162 1588 837 1636; baseline -0.004 -11"><span class='ocrx_word' id='word_1_113' title='bbox 162 1596 216 1625; x_wconf 77' lang='lat' dir='ltr'>set</span> <span class='ocrx_word' id='word_1_114' title='bbox 227 1615 238 1633; x_wconf 93' lang='lat'>‚</span> <span class='ocrx_word' id='word_1_115' title='bbox 255 1590 414 1624; x_wconf 62' lang='lat' dir='ltr'>Bistonis</span> <span class='ocrx_word' id='word_1_116' title='bbox 426 1600 506 1631; x_wconf 84' lang='lat' dir='ltr'>om‚·</span> <span class='ocrx_word' id='word_1_117' title='bbox 520 1589 581 1624; x_wconf 84' lang='lat' dir='ltr'>uhi</span> <span class='ocrx_word' id='word_1_118' title='bbox 596 1588 704 1623; x_wconf 84' lang='lat' dir='ltr'>editio</span> <span class='ocrx_word' id='word_1_119' title='bbox 717 1588 837 1636; x_wconf 84' lang='lat' dir='ltr'>Micyl.</span> 
     </span>
     <span class='ocr_line' id='line_1_22' title="bbox 163 1640 838 1686; baseline -0.001 -10"><span class='ocrx_word' id='word_1_120' title='bbox 163 1647 201 1676; x_wconf 80' lang='lat' dir='ltr'>&#39;et</span> <span class='ocrx_word' id='word_1_121' title='bbox 213 1640 374 1686; x_wconf 67' lang='lat' dir='ltr'>Colinoei,</span> <span class='ocrx_word' id='word_1_122' title='bbox 391 1645 467 1676; x_wconf 76' lang='lat' dir='ltr'>tuta</span> <span class='ocrx_word' id='word_1_123' title='bbox 474 1645 587 1676; x_wconf 80' lang='lat' dir='ltr'>tamen</span> <span class='ocrx_word' id='word_1_124' title='bbox 602 1643 699 1675; x_wconf 84' lang='lat' dir='ltr'>bello.</span> <span class='ocrx_word' id='word_1_125' title='bbox 707 1640 838 1676; x_wconf 68' lang='lat' dir='ltr'>Burin.</span> 
     </span>
    </p>

    <p class='ocr_par' dir='ltr' id='par_1_15' title="bbox 162 1693 838 1787">
     <span class='ocr_line' id='line_1_23' title="bbox 204 1693 838 1738; baseline -0.002 -9"><span class='ocrx_word' id='word_1_126' title='bbox 204 1693 282 1729; x_wconf 79' lang='lat'><strong>350.</strong></span> <span class='ocrx_word' id='word_1_127' title='bbox 301 1694 530 1728; x_wconf 65' lang='lat' dir='ltr'>Pammme.</span> <span class='ocrx_word' id='word_1_128' title='bbox 549 1693 697 1728; x_wconf 83' lang='lat' dir='ltr'>Mallem</span> <span class='ocrx_word' id='word_1_129' title='bbox 710 1719 720 1738; x_wconf 93' lang='lat'>,</span> <span class='ocrx_word' id='word_1_130' title='bbox 742 1706 838 1738; x_wconf 71' lang='lat' dir='ltr'>pm—</span> 
     </span>
     <span class='ocr_line' id='line_1_24' title="bbox 162 1744 440 1787; baseline -0.004 -6"><span class='ocrx_word' id='word_1_131' title='bbox 162 1748 340 1787; x_wconf 69' lang='lat' dir='ltr'>mtue‘soe,</span> <span class='ocrx_word' id='word_1_132' title='bbox 359 1744 416 1780; x_wconf 85' lang='lat' dir='ltr'>vel</span> <span class='ocrx_word' id='word_1_133' title='bbox 431 1756 440 1780; x_wconf 90' lang='lat'><strong>:</strong></span> 
     </span>
    </p>

    <p class='ocr_par' dir='ltr' id='par_1_16' title="bbox 161 1800 840 1990">
     <span class='ocr_line' id='line_1_25' title="bbox 185 1800 837 1836; baseline -0.002 -9"><span class='ocrx_word' id='word_1_134' title='bbox 185 1800 420 1836; x_wconf 70' lang='lat' dir='ltr'>Qmmqmtinere</span> <span class='ocrx_word' id='word_1_135' title='bbox 429 1801 505 1833; x_wconf 70' lang='lat' dir='ltr'>libet,</span> <span class='ocrx_word' id='word_1_136' title='bbox 513 1806 567 1827; x_wconf 68' lang='lat' dir='ltr'>um</span> <span class='ocrx_word' id='word_1_137' title='bbox 575 1801 694 1827; x_wconf 69' lang='lat' dir='ltr'>timuisse</span> <span class='ocrx_word' id='word_1_138' title='bbox 701 1801 791 1835; x_wconf 84' lang='lat' dir='ltr'>pudet.</span> <span class='ocrx_word' id='word_1_139' title='bbox 799 1801 837 1826; x_wconf 86' lang='lat' dir='ltr'>H.</span> 
     </span>
     <span class='ocr_line' id='line_1_26' title="bbox 161 1850 840 1896; baseline -0.001 -9"><span class='ocrx_word' id='word_1_140' title='bbox 161 1850 331 1887; x_wconf 74' lang='lat' dir='ltr'>Francius</span> <span class='ocrx_word' id='word_1_141' title='bbox 346 1876 357 1895; x_wconf 89' lang='lat'>,</span> <span class='ocrx_word' id='word_1_142' title='bbox 380 1854 464 1896; x_wconf 75' lang='lat' dir='ltr'>post</span> <span class='ocrx_word' id='word_1_143' title='bbox 486 1853 646 1886; x_wconf 79' lang='lat' dir='ltr'>timuisse.</span> <span class='ocrx_word' id='word_1_144' title='bbox 670 1852 840 1896; x_wconf 78' lang='lat' dir='ltr'>Quamque</span> 
     </span>
     <span class='ocr_line' id='line_1_27' title="bbox 163 1902 833 1949; baseline 0 -11"><span class='ocrx_word' id='word_1_145' title='bbox 163 1903 268 1938; x_wconf 77' lang='lat' dir='ltr'>estin</span> <span class='ocrx_word' id='word_1_146' title='bbox 283 1914 357 1938; x_wconf 87' lang='lat' dir='ltr'>uno</span> <span class='ocrx_word' id='word_1_147' title='bbox 373 1902 510 1938; x_wconf 77' lang='lat' dir='ltr'>Mureti</span> <span class='ocrx_word' id='word_1_148' title='bbox 530 1915 540 1937; x_wconf 70' lang='grc' dir='ltr'>ε</span> <span class='ocrx_word' id='word_1_149' title='bbox 560 1916 686 1949; x_wconf 80' lang='lat' dir='ltr'>quaque</span> <span class='ocrx_word' id='word_1_150' title='bbox 708 1904 746 1938; x_wconf 90' lang='lat' dir='ltr'>in</span> <span class='ocrx_word' id='word_1_151' title='bbox 764 1905 833 1939; x_wconf 86' lang='lat' dir='ltr'>Pu-</span> 
     </span>
     <span class='ocr_line' id='line_1_28' title="bbox 162 1954 591 1990; baseline -0.002 0"><span class='ocrx_word' id='word_1_152' title='bbox 162 1961 291 1990; x_wconf 71' lang='lat' dir='ltr'>teaneo</span> <span class='ocrx_word' id='word_1_153' title='bbox 305 1961 342 1990; x_wconf 81' lang='lat' dir='ltr'>et</span> <span class='ocrx_word' id='word_1_154' title='bbox 354 1966 426 1989; x_wconf 83' lang='lat' dir='ltr'>uno</span> <span class='ocrx_word' id='word_1_155' title='bbox 442 1954 591 1989; x_wconf 85' lang='lat' dir='ltr'>Heinsii.</span> 
     </span>
    </p>

    <p class='ocr_par' dir='ltr' id='par_1_17' title="bbox 164 2007 842 2100">
     <span class='ocr_line' id='line_1_29' title="bbox 205 2007 842 2053; baseline 0 -11"><span class='ocrx_word' id='word_1_156' title='bbox 205 2007 283 2042; x_wconf 82' lang='lat'>351.</span> <span class='ocrx_word' id='word_1_157' title='bbox 309 2008 517 2053; x_wconf 72' lang='lat' dir='ltr'>Consurgere.</span> <span class='ocrx_word' id='word_1_158' title='bbox 538 2008 754 2050; x_wconf 70' lang='lat' dir='ltr'>Concurrere,</span> <span class='ocrx_word' id='word_1_159' title='bbox 770 2007 842 2042; x_wconf 89' lang='lat' dir='ltr'>Ba-</span> 
     </span>
     <span class='ocr_line' id='line_1_30' title="bbox 164 2058 818 2100; baseline 0 -6"><span class='ocrx_word' id='word_1_160' title='bbox 164 2058 330 2095; x_wconf 75' lang='lat' dir='ltr'>sileemis.</span> <span class='ocrx_word' id='word_1_161' title='bbox 814 2097 818 2100; x_wconf 69' lang='grc'><strong>,</strong></span> 
     </span>
    </p>

    <p class='ocr_par' dir='ltr' id='par_1_18' title="bbox 162 2111 839 2198">
     <span class='ocr_line' id='line_1_31' title="bbox 206 2111 839 2156; baseline 0.003 -10"><span class='ocrx_word' id='word_1_162' title='bbox 206 2111 283 2148; x_wconf 82' lang='lat'><strong>352.</strong></span> <span class='ocrx_word' id='word_1_163' title='bbox 311 2112 398 2146; x_wconf 82' lang='lat' dir='ltr'>Tela</span> <span class='ocrx_word' id='word_1_164' title='bbox 419 2116 551 2147; x_wconf 77' lang='lat' dir='ltr'>nocent.</span> <span class='ocrx_word' id='word_1_165' title='bbox 593 2114 678 2147; x_wconf 84' lang='lat' dir='ltr'>Tela</span> <span class='ocrx_word' id='word_1_166' title='bbox 703 2116 839 2156; x_wconf 79' lang='lat' dir='ltr'>valent,</span> 
     </span>
     <span class='ocr_line' id='line_1_32' title="bbox 162 2162 340 2198; baseline 0 0"><span class='ocrx_word' id='word_1_167' title='bbox 162 2162 236 2198; x_wconf 79' lang='lat' dir='ltr'>duo</span> <span class='ocrx_word' id='word_1_168' title='bbox 250 2163 340 2198; x_wconf 85' lang='lat' dir='ltr'>libri.</span> 
     </span>
    </p>

    <p class='ocr_par' dir='ltr' id='par_1_19' title="bbox 163 2216 845 2628">
     <span class='ocr_line' id='line_1_33' title="bbox 206 2216 842 2262; baseline 0.005 -12"><span class='ocrx_word' id='word_1_169' title='bbox 206 2216 284 2250; x_wconf 80' lang='lat'>355.</span> <span class='ocrx_word' id='word_1_170' title='bbox 305 2217 380 2252; x_wconf 88' lang='lat' dir='ltr'>Nec</span> <span class='ocrx_word' id='word_1_171' title='bbox 397 2218 478 2262; x_wconf 83' lang='lat' dir='ltr'>plus</span> <span class='ocrx_word' id='word_1_172' title='bbox 499 2217 642 2252; x_wconf 78' lang='lat' dir='ltr'>Atn&#39;des</span> <span class='ocrx_word' id='word_1_173' title='bbox 656 2220 766 2252; x_wconf 77' lang='lat' dir='ltr'>animi</span> <span class='ocrx_word' id='word_1_174' title='bbox 778 2224 842 2257; x_wconf 80' lang='lat' dir='ltr'>etc,</span> 
     </span>
     <span class='ocr_line' id='line_1_34' title="bbox 164 2266 843 2315; baseline 0.004 -13"><span class='ocrx_word' id='word_1_175' title='bbox 164 2266 300 2302; x_wconf 81' lang='lat' dir='ltr'>Alludit</span> <span class='ocrx_word' id='word_1_176' title='bbox 308 2268 487 2314; x_wconf 77' lang='lat' dir='ltr'>ingeniose</span> <span class='ocrx_word' id='word_1_177' title='bbox 498 2276 600 2315; x_wconf 80' lang='lat' dir='ltr'>poeta</span> <span class='ocrx_word' id='word_1_178' title='bbox 611 2269 653 2304; x_wconf 87' lang='lat' dir='ltr'>ad</span> <span class='ocrx_word' id='word_1_179' title='bbox 663 2278 843 2306; x_wconf 85' lang='lat' dir='ltr'>certamen</span> 
     </span>
     <span class='ocr_line' id='line_1_35' title="bbox 164 2319 840 2367; baseline 0.006 -13"><span class='ocrx_word' id='word_1_180' title='bbox 164 2319 339 2366; x_wconf 72' lang='lat' dir='ltr'>singulare</span> <span class='ocrx_word' id='word_1_181' title='bbox 375 2321 510 2356; x_wconf 87' lang='lat' dir='ltr'>Paridis</span> <span class='ocrx_word' id='word_1_182' title='bbox 535 2334 617 2356; x_wconf 91' lang='lat' dir='ltr'>cum</span> <span class='ocrx_word' id='word_1_183' title='bbox 648 2322 814 2358; x_wconf 85' lang='lat' dir='ltr'>Menelao</span> <span class='ocrx_word' id='word_1_184' title='bbox 830 2349 840 2367; x_wconf 90' lang='lat'><em>‚</em></span> 
     </span>
     <span class='ocr_line' id='line_1_36' title="bbox 163 2371 844 2419; baseline 0.004 -12"><span class='ocrx_word' id='word_1_185' title='bbox 163 2371 264 2417; x_wconf 78' lang='lat' dir='ltr'>cuius</span> <span class='ocrx_word' id='word_1_186' title='bbox 279 2371 335 2407; x_wconf 81' lang='lat' dir='ltr'>vel</span> <span class='ocrx_word' id='word_1_187' title='bbox 351 2371 424 2417; x_wconf 85' lang='lat' dir='ltr'>ipso</span> <span class='ocrx_word' id='word_1_188' title='bbox 441 2380 580 2419; x_wconf 83' lang='lat' dir='ltr'>aspectu</span> <span class='ocrx_word' id='word_1_189' title='bbox 596 2375 676 2418; x_wconf 83' lang='lat' dir='ltr'>(non</span> <span class='ocrx_word' id='word_1_190' title='bbox 690 2376 754 2409; x_wconf 77' lang='lat' dir='ltr'>hoc</span> <span class='ocrx_word' id='word_1_191' title='bbox 763 2377 844 2419; x_wconf 81' lang='lat' dir='ltr'>pol-</span> 
     </span>
     <span class='ocr_line' id='line_1_37' title="bbox 164 2424 843 2472; baseline 0.003 -13"><span class='ocrx_word' id='word_1_192' title='bbox 164 2427 281 2459; x_wconf 76' lang='lat' dir='ltr'>licitus</span> <span class='ocrx_word' id='word_1_193' title='bbox 301 2425 394 2468; x_wconf 77' lang='lat' dir='ltr'>suae)</span> <span class='ocrx_word' id='word_1_194' title='bbox 421 2424 509 2460; x_wconf 78' lang='lat' dir='ltr'>adeo</span> <span class='ocrx_word' id='word_1_195' title='bbox 523 2426 733 2461; x_wconf 80' lang='lat' dir='ltr'>conterritus</span> <span class='ocrx_word' id='word_1_196' title='bbox 751 2427 816 2461; x_wconf 87' lang='lat' dir='ltr'>suit</span> <span class='ocrx_word' id='word_1_197' title='bbox 831 2453 843 2472; x_wconf 90' lang='lat'>,</span> 
     </span>
     <span class='ocr_line' id='line_1_38' title="bbox 164 2477 845 2523; baseline 0.003 -11"><span class='ocrx_word' id='word_1_198' title='bbox 164 2483 206 2512; x_wconf 79' lang='lat' dir='ltr'>ut</span> <span class='ocrx_word' id='word_1_199' title='bbox 225 2483 371 2522; x_wconf 85' lang='lat' dir='ltr'>repente</span> <span class='ocrx_word' id='word_1_200' title='bbox 393 2489 473 2512; x_wconf 79' lang='lat' dir='ltr'>suos</span> <span class='ocrx_word' id='word_1_201' title='bbox 490 2477 583 2512; x_wconf 82' lang='lat' dir='ltr'>inter</span> <span class='ocrx_word' id='word_1_202' title='bbox 598 2479 764 2523; x_wconf 84' lang='lat' dir='ltr'>refugerit</span> <span class='ocrx_word' id='word_1_203' title='bbox 776 2505 786 2523; x_wconf 87' lang='lat'>‚</span> <span class='ocrx_word' id='word_1_204' title='bbox 804 2486 845 2515; x_wconf 86' lang='lat' dir='ltr'>ut</span> 
     </span>
     <span class='ocr_line' id='line_1_39' title="bbox 164 2528 844 2576; baseline 0.007 -14"><span class='ocrx_word' id='word_1_205' title='bbox 164 2529 296 2573; x_wconf 82' lang='lat' dir='ltr'>viator,</span> <span class='ocrx_word' id='word_1_206' title='bbox 315 2528 376 2574; x_wconf 91' lang='lat' dir='ltr'>qui</span> <span class='ocrx_word' id='word_1_207' title='bbox 396 2529 434 2563; x_wconf 90' lang='lat' dir='ltr'>in</span> <span class='ocrx_word' id='word_1_208' title='bbox 458 2542 610 2575; x_wconf 79' lang='lat' dir='ltr'>anguem</span> <span class='ocrx_word' id='word_1_209' title='bbox 638 2530 844 2576; x_wconf 81' lang='lat' dir='ltr'>improvisus</span> 
     </span>
     <span class='ocr_line' id='line_1_40' title="bbox 164 2580 706 2628; baseline 0.002 -12"><span class='ocrx_word' id='word_1_210' title='bbox 164 2580 337 2616; x_wconf 80' lang='lat' dir='ltr'>inciderit.</span> <span class='ocrx_word' id='word_1_211' title='bbox 354 2580 451 2615; x_wconf 83' lang='lat' dir='ltr'>Iliad.</span> <span class='ocrx_word' id='word_1_212' title='bbox 470 2587 493 2616; x_wconf 87' lang='grc' dir='ltr'>Γ</span> <span class='ocrx_word' id='word_1_213' title='bbox 507 2607 517 2625; x_wconf 90' lang='grc'><em>,</em></span> <span class='ocrx_word' id='word_1_214' title='bbox 536 2582 602 2626; x_wconf 84' lang='grc' dir='ltr'>3ο,</span> <span class='ocrx_word' id='word_1_215' title='bbox 621 2595 706 2628; x_wconf 88' lang='lat' dir='ltr'>sqq:</span> 
     </span>
    </p>

    <p class='ocr_par' dir='ltr' id='par_1_20' title="bbox 166 2632 843 2729">
     <span class='ocr_line' id='line_1_41' title="bbox 166 2632 843 2685; baseline -0.009 -16"><span class='ocrx_word' id='word_1_216' title='bbox 166 2635 228 2669; x_wconf 71' lang='grc' dir='ltr'>Τδν</span> <span class='ocrx_word' id='word_1_217' title='bbox 245 2632 275 2669; x_wconf 63' lang='grc' dir='ltr'>δ’</span> <span class='ocrx_word' id='word_1_218' title='bbox 297 2635 338 2673; x_wconf 79' lang='grc' dir='ltr'>ὡς</span> <span class='ocrx_word' id='word_1_219' title='bbox 358 2634 406 2676; x_wconf 68' lang='grc' dir='ltr'>οἷον</span> <span class='ocrx_word' id='word_1_220' title='bbox 426 2635 540 2675; x_wconf 71' lang='grc' dir='ltr'>ἐνόησεν</span> <span class='ocrx_word' id='word_1_221' title='bbox 556 2634 750 2685; x_wconf 66' lang='grc' dir='ltr'>Ἀλίξανδρος</span> <span class='ocrx_word' id='word_1_222' title='bbox 772 2643 843 2673; x_wconf 58' lang='lat'>9⁶0-</span> 
     </span>
     <span class='ocr_line' id='line_1_42' title="bbox 259 2689 367 2729; baseline -0.009 -3"><span class='ocrx_word' id='word_1_223' title='bbox 259 2689 344 2726; x_wconf 51' lang='grc' dir='ltr'>ηᾶἰ</span> <span class='ocrx_word' id='word_1_224' title='bbox 357 2711 367 2729; x_wconf 71' lang='lat'><em>2</em></span> 
     </span>
    </p>

    <p class='ocr_par' dir='ltr' id='par_1_21' title="bbox 166 2735 844 2840">
     <span class='ocr_line' id='line_1_43' title="bbox 166 2735 844 2788; baseline 0.003 -14"><span class='ocrx_word' id='word_1_225' title='bbox 166 2735 221 2774; x_wconf 78' lang='grc' dir='ltr'>Ἐν</span> <span class='ocrx_word' id='word_1_226' title='bbox 236 2739 426 2783; x_wconf 69' lang='grc' dir='ltr'>προμάχοισι</span> <span class='ocrx_word' id='word_1_227' title='bbox 442 2741 567 2786; x_wconf 58' lang='grc' dir='ltr'>,σανίντοι</span> <span class='ocrx_word' id='word_1_228' title='bbox 578 2765 588 2785; x_wconf 86' lang='lat'>‚</span> <span class='ocrx_word' id='word_1_229' title='bbox 605 2744 773 2786; x_wconf 73' lang='grc' dir='ltr'><strong><em>κατεπλήγη</em></strong></span> <span class='ocrx_word' id='word_1_230' title='bbox 792 2745 844 2788; x_wconf 62' lang='lat' dir='ltr'>Pi·-</span> 
     </span>
     <span class='ocr_line' id='line_1_44' title="bbox 254 2792 402 2840; baseline -0.007 -14"><span class='ocrx_word' id='word_1_231' title='bbox 254 2794 304 2826; x_wconf 79' lang='grc' dir='ltr'>λον</span> <span class='ocrx_word' id='word_1_232' title='bbox 322 2792 402 2840; x_wconf 70' lang='grc' dir='ltr'>ἦτορ·</span> 
     </span>
    </p>
   </div>
   <div class='ocr_carea' id='block_1_11' title="bbox 346 2856 390 2901">
    <p class='ocr_par' dir='ltr' id='par_1_22' title="bbox 346 2856 390 2901">
     <span class='ocr_line' id='line_1_45' title="bbox 346 2856 390 2901; baseline 0 0"><span class='ocrx_word' id='word_1_233' title='bbox 346 2856 390 2901; x_wconf 90' lang='grc' dir='ltr'>Ι.</span> 
     </span>
    </p>
   </div>
   <div class='ocr_carea' id='block_1_12' title="bbox 903 1476 1585 2093">
    <p class='ocr_par' dir='ltr' id='par_1_23' title="bbox 903 1476 1585 2093">
     <span class='ocr_line' id='line_1_46' title="bbox 903 1476 1583 1539; baseline 0.007 -20"><span class='ocrx_word' id='word_1_234' title='bbox 903 1476 961 1530; x_wconf 51' lang='lat' dir='ltr'>KP,</span> <span class='ocrx_word' id='word_1_235' title='bbox 996 1483 1026 1520; x_wconf 64' lang='grc' dir='ltr'>δ’</span> <span class='ocrx_word' id='word_1_236' title='bbox 1051 1486 1162 1529; x_wconf 71' lang='grc' dir='ltr'>ἑτάρων</span> <span class='ocrx_word' id='word_1_237' title='bbox 1190 1489 1231 1525; x_wconf 82' lang='grc' dir='ltr'>εὶς</span> <span class='ocrx_word' id='word_1_238' title='bbox 1260 1489 1336 1526; x_wconf 70' lang='grc' dir='ltr'>ἕθνος</span> <span class='ocrx_word' id='word_1_239' title='bbox 1365 1488 1492 1532; x_wconf 74' lang='grc' dir='ltr'>ε’χάζετο</span> <span class='ocrx_word' id='word_1_240' title='bbox 1515 1488 1583 1539; x_wconf 65' lang='grc' dir='ltr'>κῆρ’</span> 
     </span>
     <span class='ocr_line' id='line_1_47' title="bbox 995 1537 1143 1572; baseline 0.014 -2"><span class='ocrx_word' id='word_1_241' title='bbox 995 1537 1143 1572; x_wconf 69' lang='grc' dir='ltr'>ἀλεείνων.</span> 
     </span>
     <span class='ocr_line' id='line_1_48' title="bbox 906 1587 1585 1636; baseline 0.007 -14"><span class='ocrx_word' id='word_1_242' title='bbox 906 1587 1016 1632; x_wconf 87' lang='lat' dir='ltr'>Quod</span> <span class='ocrx_word' id='word_1_243' title='bbox 1028 1589 1146 1623; x_wconf 88' lang='lat' dir='ltr'>Paridi</span> <span class='ocrx_word' id='word_1_244' title='bbox 1159 1589 1197 1624; x_wconf 87' lang='lat' dir='ltr'>in</span> <span class='ocrx_word' id='word_1_245' title='bbox 1207 1602 1393 1636; x_wconf 85' lang='lat' dir='ltr'>congressu</span> <span class='ocrx_word' id='word_1_246' title='bbox 1407 1603 1488 1626; x_wconf 89' lang='lat' dir='ltr'>cum</span> <span class='ocrx_word' id='word_1_247' title='bbox 1500 1591 1585 1627; x_wconf 91' lang='lat' dir='ltr'>Dio-</span> 
     </span>
     <span class='ocr_line' id='line_1_49' title="bbox 903 1641 1585 1689; baseline 0.006 -14"><span class='ocrx_word' id='word_1_248' title='bbox 903 1641 1007 1676; x_wconf 82' lang='lat' dir='ltr'>mede</span> <span class='ocrx_word' id='word_1_249' title='bbox 1033 1649 1245 1677; x_wconf 84' lang='lat' dir='ltr'>eventurum</span> <span class='ocrx_word' id='word_1_250' title='bbox 1265 1642 1367 1689; x_wconf 81' lang='lat' dir='ltr'>fingit</span> <span class='ocrx_word' id='word_1_251' title='bbox 1380 1670 1389 1687; x_wconf 90' lang='lat'>,</span> <span class='ocrx_word' id='word_1_252' title='bbox 1418 1643 1478 1679; x_wconf 87' lang='lat' dir='ltr'>sed</span> <span class='ocrx_word' id='word_1_253' title='bbox 1501 1645 1585 1679; x_wconf 80' lang='lat' dir='ltr'>salso</span> 
     </span>
     <span class='ocr_line' id='line_1_50' title="bbox 906 1694 1584 1738; baseline 0.006 -10"><span class='ocrx_word' id='word_1_254' title='bbox 906 1694 1092 1738; x_wconf 85' lang='lat' dir='ltr'>Horatius,</span> <span class='ocrx_word' id='word_1_255' title='bbox 1110 1694 1147 1729; x_wconf 89' lang='lat' dir='ltr'>in</span> <span class='ocrx_word' id='word_1_256' title='bbox 1161 1695 1388 1730; x_wconf 87' lang='lat' dir='ltr'>celeberrimo</span> <span class='ocrx_word' id='word_1_257' title='bbox 1398 1696 1505 1732; x_wconf 87' lang='lat' dir='ltr'>Nerei</span> <span class='ocrx_word' id='word_1_258' title='bbox 1521 1710 1584 1732; x_wconf 84' lang='lat' dir='ltr'>va-</span> 
     </span>
     <span class='ocr_line' id='line_1_51' title="bbox 905 1746 1372 1794; baseline 0.004 -14"><span class='ocrx_word' id='word_1_259' title='bbox 905 1746 1025 1781; x_wconf 79' lang='lat' dir='ltr'>ticinio</span> <span class='ocrx_word' id='word_1_260' title='bbox 1038 1773 1048 1791; x_wconf 93' lang='lat'>,</span> <span class='ocrx_word' id='word_1_261' title='bbox 1066 1758 1101 1787; x_wconf 91' lang='lat'>1,</span> <span class='ocrx_word' id='word_1_262' title='bbox 1122 1746 1192 1782; x_wconf 87' lang='lat' dir='ltr'>Od.</span> <span class='ocrx_word' id='word_1_263' title='bbox 1215 1749 1253 1782; x_wconf 86' lang='lat'>15</span> <span class='ocrx_word' id='word_1_264' title='bbox 1270 1774 1279 1792; x_wconf 90' lang='lat'>,</span> <span class='ocrx_word' id='word_1_265' title='bbox 1308 1761 1372 1794; x_wconf 85' lang='lat'>27:</span> 
     </span>
     <span class='ocr_line' id='line_1_52' title="bbox 937 1806 1393 1841; baseline 0.007 -10"><span class='ocrx_word' id='word_1_266' title='bbox 937 1824 968 1832; x_wconf 71' lang='lat'>...</span> <span class='ocrx_word' id='word_1_267' title='bbox 988 1807 1059 1831; x_wconf 76' lang='lat' dir='ltr'>Ecce</span> <span class='ocrx_word' id='word_1_268' title='bbox 1069 1806 1134 1832; x_wconf 74' lang='lat' dir='ltr'>furit</span> <span class='ocrx_word' id='word_1_269' title='bbox 1140 1826 1149 1838; x_wconf 90' lang='lat'><em>,</em></span> <span class='ocrx_word' id='word_1_270' title='bbox 1162 1812 1187 1832; x_wconf 76' lang='lat' dir='ltr'>te</span> <span class='ocrx_word' id='word_1_271' title='bbox 1197 1808 1309 1841; x_wconf 78' lang='lat' dir='ltr'>reperire</span> <span class='ocrx_word' id='word_1_272' title='bbox 1318 1813 1393 1834; x_wconf 73' lang='lat' dir='ltr'>atrox</span> 
     </span>
     <span class='ocr_line' id='line_1_53' title="bbox 969 1858 1307 1893; baseline 0.009 -11"><span class='ocrx_word' id='word_1_273' title='bbox 969 1858 1086 1892; x_wconf 76' lang='lat' dir='ltr'>Tydides</span> <span class='ocrx_word' id='word_1_274' title='bbox 1097 1877 1105 1889; x_wconf 95' lang='lat'><strong><em>,</em></strong></span> <span class='ocrx_word' id='word_1_275' title='bbox 1118 1859 1209 1884; x_wconf 80' lang='lat' dir='ltr'>melior</span> <span class='ocrx_word' id='word_1_276' title='bbox 1221 1864 1307 1893; x_wconf 77' lang='lat' dir='ltr'>patre:</span> 
     </span>
     <span class='ocr_line' id='line_1_54' title="bbox 937 1899 1455 1942; baseline 0.006 -8"><span class='ocrx_word' id='word_1_277' title='bbox 937 1909 1024 1942; x_wconf 85' lang='lat' dir='ltr'>Quem</span> <span class='ocrx_word' id='word_1_278' title='bbox 1034 1915 1079 1941; x_wconf 85' lang='lat' dir='ltr'>tu,</span> <span class='ocrx_word' id='word_1_279' title='bbox 1092 1899 1184 1936; x_wconf 71' lang='lat' dir='ltr'>cervus</span> <span class='ocrx_word' id='word_1_280' title='bbox 1195 1911 1234 1936; x_wconf 82' lang='lat' dir='ltr'>uti</span> <span class='ocrx_word' id='word_1_281' title='bbox 1245 1912 1322 1937; x_wconf 67' lang='lat' dir='ltr'>vanis</span> <span class='ocrx_word' id='word_1_282' title='bbox 1336 1912 1363 1937; x_wconf 82' lang='lat' dir='ltr'>in</span> <span class='ocrx_word' id='word_1_283' title='bbox 1375 1912 1455 1937; x_wconf 77' lang='lat' dir='ltr'>altem</span> 
     </span>
     <span class='ocr_line' id='line_1_55' title="bbox 938 1959 1551 1993; baseline 0.003 -9"><span class='ocrx_word' id='word_1_284' title='bbox 938 1959 1032 1984; x_wconf 79' lang='lat' dir='ltr'>visum</span> <span class='ocrx_word' id='word_1_285' title='bbox 1042 1965 1115 1992; x_wconf 73' lang='lat' dir='ltr'>parte</span> <span class='ocrx_word' id='word_1_286' title='bbox 1130 1960 1221 1992; x_wconf 85' lang='lat' dir='ltr'>lupum</span> <span class='ocrx_word' id='word_1_287' title='bbox 1232 1979 1241 1991; x_wconf 95' lang='lat'><em>,</em></span> <span class='ocrx_word' id='word_1_288' title='bbox 1264 1961 1387 1993; x_wconf 74' lang='lat' dir='ltr'>graminis</span> <span class='ocrx_word' id='word_1_289' title='bbox 1400 1961 1534 1989; x_wconf 81' lang='lat' dir='ltr'>immemor</span> <span class='ocrx_word' id='word_1_290' title='bbox 1543 1982 1551 1993; x_wconf 90' lang='lat'><em>,</em></span> 
     </span>
     <span class='ocr_line' id='line_1_56' title="bbox 938 2010 1388 2045; baseline 0.007 -10"><span class='ocrx_word' id='word_1_291' title='bbox 938 2010 1050 2036; x_wconf 79' lang='lat' dir='ltr'>Sublimi</span> <span class='ocrx_word' id='word_1_292' title='bbox 1062 2011 1145 2044; x_wconf 79' lang='lat' dir='ltr'>fugies</span> <span class='ocrx_word' id='word_1_293' title='bbox 1155 2013 1241 2038; x_wconf 74' lang='lat' dir='ltr'>mollis</span> <span class='ocrx_word' id='word_1_294' title='bbox 1252 2011 1368 2038; x_wconf 77' lang='lat' dir='ltr'>anhelitu</span> <span class='ocrx_word' id='word_1_295' title='bbox 1377 2032 1388 2045; x_wconf 92' lang='lat'>‚</span> 
     </span>
     <span class='ocr_line' id='line_1_57' title="bbox 971 2059 1306 2093; baseline 0.003 -8"><span class='ocrx_word' id='word_1_296' title='bbox 971 2059 1033 2085; x_wconf 86' lang='lat' dir='ltr'>Non</span> <span class='ocrx_word' id='word_1_297' title='bbox 1043 2059 1091 2085; x_wconf 84' lang='lat' dir='ltr'>hoc</span> <span class='ocrx_word' id='word_1_298' title='bbox 1105 2060 1237 2093; x_wconf 67' lang='lat' dir='ltr'>pollicitus</span> <span class='ocrx_word' id='word_1_299' title='bbox 1247 2065 1306 2086; x_wconf 67' lang='lat' dir='ltr'>tua.</span> 
     </span>
    </p>
   </div>
   <div class='ocr_carea' id='block_1_13' title="bbox 905 2111 1590 2840">
    <p class='ocr_par' dir='ltr' id='par_1_24' title="bbox 906 2111 1583 2267">
     <span class='ocr_line' id='line_1_58' title="bbox 908 2111 1583 2158; baseline 0.006 -12"><span class='ocrx_word' id='word_1_300' title='bbox 908 2111 1116 2146; x_wconf 87' lang='lat' dir='ltr'>Vulneravit</span> <span class='ocrx_word' id='word_1_301' title='bbox 1132 2112 1275 2158; x_wconf 87' lang='lat' dir='ltr'>quidem</span> <span class='ocrx_word' id='word_1_302' title='bbox 1291 2112 1492 2149; x_wconf 78' lang='lat' dir='ltr'>Diomeden</span> <span class='ocrx_word' id='word_1_303' title='bbox 1512 2115 1583 2150; x_wconf 81' lang='lat' dir='ltr'>Pa-</span> 
     </span>
     <span class='ocr_line' id='line_1_59' title="bbox 906 2164 1583 2211; baseline 0.006 -13"><span class='ocrx_word' id='word_1_304' title='bbox 906 2164 954 2199; x_wconf 86' lang='lat' dir='ltr'>ris</span> <span class='ocrx_word' id='word_1_305' title='bbox 965 2191 975 2208; x_wconf 95' lang='lat'>‚</span> <span class='ocrx_word' id='word_1_306' title='bbox 996 2172 1023 2200; x_wconf 86' lang='lat' dir='ltr'><strong>A</strong></span> <span class='ocrx_word' id='word_1_307' title='bbox 1035 2191 1044 2208; x_wconf 88' lang='lat'>,</span> <span class='ocrx_word' id='word_1_308' title='bbox 1058 2165 1124 2211; x_wconf 87' lang='lat'>370</span> <span class='ocrx_word' id='word_1_309' title='bbox 1137 2191 1146 2209; x_wconf 93' lang='lat'>,</span> <span class='ocrx_word' id='word_1_310' title='bbox 1163 2178 1227 2211; x_wconf 81' lang='lat' dir='ltr'>sqq</span> <span class='ocrx_word' id='word_1_311' title='bbox 1241 2179 1251 2207; x_wconf 85' lang='lat'>;</span> <span class='ocrx_word' id='word_1_312' title='bbox 1266 2165 1327 2200; x_wconf 83' lang='lat' dir='ltr'>sed</span> <span class='ocrx_word' id='word_1_313' title='bbox 1340 2165 1439 2210; x_wconf 90' lang='lat' dir='ltr'>dolo,</span> <span class='ocrx_word' id='word_1_314' title='bbox 1457 2174 1496 2202; x_wconf 87' lang='lat' dir='ltr'>ut</span> <span class='ocrx_word' id='word_1_315' title='bbox 1507 2180 1583 2202; x_wconf 87' lang='lat' dir='ltr'>mos</span> 
     </span>
     <span class='ocr_line' id='line_1_60' title="bbox 906 2215 1478 2267; baseline 0.007 -17"><span class='ocrx_word' id='word_1_316' title='bbox 906 2215 1122 2261; x_wconf 83' lang='lat' dir='ltr'>imbellibus,</span> <span class='ocrx_word' id='word_1_317' title='bbox 1146 2224 1182 2252; x_wconf 83' lang='lat' dir='ltr'>et</span> <span class='ocrx_word' id='word_1_318' title='bbox 1206 2222 1286 2267; x_wconf 64' lang='grc' dir='ltr'>ς-ἦλῃ</span> <span class='ocrx_word' id='word_1_319' title='bbox 1305 2222 1478 2263; x_wconf 77' lang='grc' dir='ltr'>κεκλιμένος.</span> 
     </span>
    </p>

    <p class='ocr_par' dir='ltr' id='par_1_25' title="bbox 906 2269 1586 2575">
     <span class='ocr_line' id='line_1_61' title="bbox 951 2269 1584 2308; baseline 0.005 -5"><span class='ocrx_word' id='word_1_320' title='bbox 951 2269 1026 2303; x_wconf 86' lang='grc'><strong>358.</strong></span> <span class='ocrx_word' id='word_1_321' title='bbox 1043 2271 1094 2303; x_wconf 85' lang='lat' dir='ltr'>Et</span> <span class='ocrx_word' id='word_1_322' title='bbox 1105 2281 1243 2304; x_wconf 84' lang='lat' dir='ltr'>causam</span> <span class='ocrx_word' id='word_1_323' title='bbox 1258 2274 1403 2305; x_wconf 72' lang='lat' dir='ltr'>nominis</span> <span class='ocrx_word' id='word_1_324' title='bbox 1416 2274 1496 2306; x_wconf 76' lang='lat' dir='ltr'>inde</span> <span class='ocrx_word' id='word_1_325' title='bbox 1511 2274 1584 2308; x_wconf 77' lang='lat' dir='ltr'>tuli.</span> 
     </span>
     <span class='ocr_line' id='line_1_62' title="bbox 906 2324 1586 2366; baseline 0.009 -11"><span class='ocrx_word' id='word_1_326' title='bbox 906 2324 1063 2365; x_wconf 74' lang='grc' dir='ltr'>Γενόμενος</span> <span class='ocrx_word' id='word_1_327' title='bbox 1083 2326 1114 2357; x_wconf 63' lang='grc' dir='ltr'>δὲ</span> <span class='ocrx_word' id='word_1_328' title='bbox 1128 2327 1276 2363; x_wconf 75' lang='grc' dir='ltr'>νεανίσκος</span> <span class='ocrx_word' id='word_1_329' title='bbox 1288 2349 1298 2366; x_wconf 88' lang='grc'>,</span> <span class='ocrx_word' id='word_1_330' title='bbox 1320 2329 1372 2359; x_wconf 82' lang='grc' dir='ltr'>καὶ</span> <span class='ocrx_word' id='word_1_331' title='bbox 1388 2330 1500 2360; x_wconf 72' lang='grc' dir='ltr'>πολλῶν</span> <span class='ocrx_word' id='word_1_332' title='bbox 1514 2330 1586 2361; x_wconf 64' lang='lat' dir='ltr'>‹5⁸1oe-</span> 
     </span>
     <span class='ocr_line' id='line_1_63' title="bbox 909 2376 1586 2427; baseline -0.003 -19"><span class='ocrx_word' id='word_1_333' title='bbox 909 2376 1001 2424; x_wconf 65' lang='grc' dir='ltr'>φέρων</span> <span class='ocrx_word' id='word_1_334' title='bbox 1010 2377 1111 2411; x_wconf 75' lang='grc' dir='ltr'>κάλλει</span> <span class='ocrx_word' id='word_1_335' title='bbox 1123 2392 1154 2411; x_wconf 81' lang='grc' dir='ltr'>τε</span> <span class='ocrx_word' id='word_1_336' title='bbox 1162 2382 1215 2412; x_wconf 72' lang='grc' dir='ltr'>καὶ</span> <span class='ocrx_word' id='word_1_337' title='bbox 1226 2379 1329 2427; x_wconf 74' lang='grc' dir='ltr'><strong><em>ῥώμῃ,</em></strong></span> <span class='ocrx_word' id='word_1_338' title='bbox 1343 2379 1427 2417; x_wconf 71' lang='grc' dir='ltr'>αὖθις</span> <span class='ocrx_word' id='word_1_339' title='bbox 1437 2378 1586 2423; x_wconf 65' lang='grc' dir='ltr'>Ἀλέξαν-</span> 
     </span>
     <span class='ocr_line' id='line_1_64' title="bbox 909 2429 1586 2477; baseline 0.006 -16"><span class='ocrx_word' id='word_1_340' title='bbox 909 2431 976 2476; x_wconf 53' lang='lat' dir='ltr'>&amp;pos</span> <span class='ocrx_word' id='word_1_341' title='bbox 990 2429 1223 2477; x_wconf 71' lang='grc' dir='ltr'>προσωνομάσθη</span> <span class='ocrx_word' id='word_1_342' title='bbox 1236 2454 1246 2472; x_wconf 87' lang='lat'><em>,</em></span> <span class='ocrx_word' id='word_1_343' title='bbox 1269 2437 1331 2468; x_wconf 78' lang='grc' dir='ltr'>τοῖς</span> <span class='ocrx_word' id='word_1_344' title='bbox 1347 2436 1496 2475; x_wconf 75' lang='grc' dir='ltr'>ποιμνίοις</span> <span class='ocrx_word' id='word_1_345' title='bbox 1515 2431 1586 2465; x_wconf 74' lang='grc' dir='ltr'>ἀλε-</span> 
     </span>
     <span class='ocr_line' id='line_1_65' title="bbox 907 2482 1582 2530; baseline 0.001 -15"><span class='ocrx_word' id='word_1_346' title='bbox 907 2483 1020 2524; x_wconf 75' lang='grc' dir='ltr'>ξήσας,</span> <span class='ocrx_word' id='word_1_347' title='bbox 1052 2482 1119 2530; x_wconf 68' lang='grc' dir='ltr'>ὅπερ</span> <span class='ocrx_word' id='word_1_348' title='bbox 1146 2482 1198 2523; x_wconf 77' lang='grc' dir='ltr'>ε’ςὶ</span> <span class='ocrx_word' id='word_1_349' title='bbox 1229 2485 1392 2525; x_wconf 74' lang='grc' dir='ltr'>βοηθήσας.</span> <span class='ocrx_word' id='word_1_350' title='bbox 1422 2482 1582 2528; x_wconf 87' lang='lat' dir='ltr'>Apollod.</span> 
     </span>
     <span class='ocr_line' id='line_1_66' title="bbox 908 2541 1060 2575; baseline -0.007 -9"><span class='ocrx_word' id='word_1_351' title='bbox 908 2541 955 2566; x_wconf 89' lang='lat'>111</span> <span class='ocrx_word' id='word_1_352' title='bbox 968 2557 978 2575; x_wconf 88' lang='lat'>,</span> <span class='ocrx_word' id='word_1_353' title='bbox 1011 2545 1060 2566; x_wconf 82' lang='lat'>12.</span> 
     </span>
    </p>

    <p class='ocr_par' dir='ltr' id='par_1_26' title="bbox 905 2581 1590 2840">
     <span class='ocr_line' id='line_1_67' title="bbox 951 2581 1586 2631; baseline 0.006 -14"><span class='ocrx_word' id='word_1_354' title='bbox 951 2581 1026 2631; x_wconf 70' lang='lat'><strong>359.</strong></span> <span class='ocrx_word' id='word_1_355' title='bbox 1059 2585 1170 2618; x_wconf 83' lang='lat' dir='ltr'>Van‘o.</span> <span class='ocrx_word' id='word_1_356' title='bbox 1204 2585 1326 2620; x_wconf 78' lang='lat' dir='ltr'>Valido</span> <span class='ocrx_word' id='word_1_357' title='bbox 1339 2612 1349 2626; x_wconf 87' lang='lat'><em>‚</em></span> <span class='ocrx_word' id='word_1_358' title='bbox 1380 2585 1558 2621; x_wconf 87' lang='lat' dir='ltr'>Leidensis</span> <span class='ocrx_word' id='word_1_359' title='bbox 1577 2599 1586 2621; x_wconf 87' lang='lat'><strong>:</strong></span> 
     </span>
     <span class='ocr_line' id='line_1_68' title="bbox 906 2635 1584 2682; baseline 0.006 -13"><span class='ocrx_word' id='word_1_360' title='bbox 906 2635 968 2670; x_wconf 84' lang='lat' dir='ltr'>sed</span> <span class='ocrx_word' id='word_1_361' title='bbox 978 2636 1139 2682; x_wconf 85' lang='lat' dir='ltr'>intelligit</span> <span class='ocrx_word' id='word_1_362' title='bbox 1150 2639 1316 2673; x_wconf 77' lang='grc' dir='ltr'>πένταθλον.</span> <span class='ocrx_word' id='word_1_363' title='bbox 1329 2638 1353 2671; x_wconf 88' lang='lat' dir='ltr'>J</span> <span class='ocrx_word' id='word_1_364' title='bbox 1356 2638 1458 2672; x_wconf 81' lang='lat' dir='ltr'>ustin.</span> <span class='ocrx_word' id='word_1_365' title='bbox 1470 2648 1538 2682; x_wconf 82' lang='lat' dir='ltr'>vn,</span> <span class='ocrx_word' id='word_1_366' title='bbox 1549 2651 1584 2673; x_wconf 81' lang='lat'>2:</span> 
     </span>
     <span class='ocr_line' id='line_1_69' title="bbox 905 2689 1581 2725; baseline 0 -1"><span class='ocrx_word' id='word_1_367' title='bbox 905 2689 1103 2724; x_wconf 75' lang='lat' dir='ltr'>Alexandro</span> <span class='ocrx_word' id='word_1_368' title='bbox 1124 2694 1222 2724; x_wconf 78' lang='lat' dir='ltr'>tanta</span> <span class='ocrx_word' id='word_1_369' title='bbox 1254 2694 1399 2724; x_wconf 82' lang='lat' dir='ltr'>omnium</span> <span class='ocrx_word' id='word_1_370' title='bbox 1424 2693 1581 2725; x_wconf 78' lang='lat' dir='ltr'>virtutum</span> 
     </span>
     <span class='ocr_line' id='line_1_70' title="bbox 906 2746 1588 2783; baseline 0.001 -8"><span class='ocrx_word' id='word_1_371' title='bbox 906 2746 1030 2776; x_wconf 77' lang='lat' dir='ltr'>natura</span> <span class='ocrx_word' id='word_1_372' title='bbox 1040 2746 1236 2776; x_wconf 78' lang='lat' dir='ltr'>ornamenta</span> <span class='ocrx_word' id='word_1_373' title='bbox 1244 2746 1416 2783; x_wconf 71' lang='lat' dir='ltr'>exstitere,</span> <span class='ocrx_word' id='word_1_374' title='bbox 1433 2747 1472 2777; x_wconf 81' lang='lat' dir='ltr'>ut</span> <span class='ocrx_word' id='word_1_375' title='bbox 1484 2746 1588 2777; x_wconf 76' lang='lat' dir='ltr'>eliam</span> 
     </span>
     <span class='ocr_line' id='line_1_71' title="bbox 912 2795 1590 2840; baseline 0.004 -13"><span class='ocrx_word' id='word_1_376' title='bbox 912 2795 1088 2840; x_wconf 76' lang='lat' dir='ltr'>Olympico</span> <span class='ocrx_word' id='word_1_377' title='bbox 1102 2798 1300 2837; x_wconf 77' lang='lat' dir='ltr'>certamine,</span> <span class='ocrx_word' id='word_1_378' title='bbox 1328 2795 1422 2836; x_wconf 74' lang='lat' dir='ltr'>vario</span> <span class='ocrx_word' id='word_1_379' title='bbox 1442 2797 1590 2831; x_wconf 82' lang='lat' dir='ltr'>ludicro-</span> 
     </span>
    </p>
   </div>
   <div class='ocr_carea' id='block_1_14' title="bbox 1287 2876 1343 2905">
    <p class='ocr_par' dir='ltr' id='par_1_27' title="bbox 1287 2876 1343 2905">
     <span class='ocr_line' id='line_1_72' title="bbox 1287 2876 1343 2905; baseline -0.018 0"><span class='ocrx_word' id='word_1_380' title='bbox 1287 2876 1343 2905; x_wconf 85' lang='lat'>20</span> 
     </span>
    </p>
   </div>
  </div>
 </body>
</html>
