1884 3112
304 247 385 290 108

778 244 1129 290 EPISTOLA
1161 246 1218 292 V.

360 338 475 402 Quae
497 337 556 385 sit
576 336 623 384 in
644 335 868 403 amplexus
891 348 979 384 tam
1002 337 1090 385 cito
1113 355 1236 385 versa
1259 348 1378 386 tuos:

1644 359 1704 382 loo

296 415 360 461 Ut
380 412 527 461 minor
547 412 727 461 Atrides
752 413 950 460 temerati
972 411 1136 461 foedera
1157 411 1259 460 lecti

363 488 555 546 Clamat,
582 500 626 536 et
648 499 828 536 externo
852 488 982 537 laesus
1006 508 1152 538 amore
1176 488 1322 548 dolet;

295 568 367 615 Tu
392 585 570 632 quoque
595 565 816 614 clamabis.
841 566 975 615 Nulla
997 567 1255 633 reparabilis
1279 579 1369 616 arte

361 645 484 691 Laesa
507 642 721 709 pudicitia
744 654 812 691 est
831 643 1032 710 :deperit
1049 643 1125 692 illa
1148 645 1291 693 semel.

295 718 436 767 Ardet
452 738 598 768 amore
622 719 688 767 tui
709 738 718 766 :
739 718 801 767 sic
822 730 865 767 et
887 719 1124 768 Menelaon
1142 721 1325 779 amavit;
1650 733 1709 767 105

361 796 490 843 Nunc
508 795 622 860 jacet
642 795 690 843 in
709 795 843 843 viduo
869 795 1072 844 credulus
1094 795 1167 844 ille
1193 809 1305 844 toro.

295 870 418 919 Felix
441 871 772 930 Andromache,
799 883 918 920 certo
942 873 1054 921 bene
1080 885 1220 939 nupta
1242 872 1423 922 marito!

361 948 487 994 Uxor
504 946 560 995 ad
584 947 830 1014 exemplum
854 947 1002 996 fratris
1025 949 1228 997 habenda
1249 949 1327 996 fui.

296 1024 367 1071 Tu
386 1022 524 1071 levior
543 1023 684 1082 foliis,
711 1036 817 1073 tunc
842 1043 980 1090 quum
1004 1025 1097 1073 sine
1119 1025 1314 1091 pondere
1332 1023 1451 1072 succi
1460 1036 1477 1081 ,¹

361 1098 614 1148 Mobilibus
634 1101 776 1149 ventis
800 1100 920 1149 arida
942 1100 1074 1159 facta,
1101 1102 1288 1159 cadunt;
1650 1119 1708 1144 1¹0

295 1178 356 1224 Et
377 1176 523 1224 minus
547 1189 614 1225 est
636 1178 684 1225 in
707 1189 771 1235 te,
799 1197 931 1243 quam
954 1196 1123 1226 summa
1142 1179 1321 1245 pondus
1343 1178 1495 1236 arista,

360 1253 475 1317 Quae
493 1252 601 1302 levis
625 1254 814 1302 assiduis
839 1253 1010 1303 solibus
1034 1266 1134 1302 usta
1154 1254 1280 1316 riget.

294 1332 395 1378 Hoc
412 1342 512 1389 tua,
535 1349 638 1379 nam
658 1330 830 1390 recolo,
859 1331 1082 1397 quondam
1106 1349 1310 1394 germana
1333 1329 1537 1388 canebat,

292 1454 403 1490 teritis
412 1455 449 1489 in
460 1454 690 1500 suspicionem
705 1454 969 1498 inducitsuturi,
1035 1455 1186 1500 ceperit,
1215 1462 1248 1489 te
1277 1467 1415 1500 quoque
1437 1453 1608 1500 decipiet,
1633 1453 1713 1489 licet

292 1515 329 1541 et
353 1507 490 1542 invidiae
513 1506 658 1542 stimulis
674 1513 785 1542 tentat
801 1506 969 1552 exagitare
1032 1521 1144 1542 amore
1158 1511 1312 1542 tuinunc
1322 1509 1440 1541 ardere
1451 1505 1621 1540 videatur.

294 1558 470 1593 Paridem.

1082 1574 1094 1593 1
1101 1560 1154 1593 06.
1178 1561 1275 1593 Nunc
1279 1559 1383 1603 jacet
1394 1561 1430 1593 in
1443 1559 1543 1592 viduo
1559 1558 1712 1592 credulus

342 1622 414 1644 101.
436 1612 485 1644 Ut
497 1613 606 1645 m'z‘nor
614 1611 762 1645 Atrides.
773 1610 969 1654 Menelaus,
1033 1613 1092 1645 ille
1107 1614 1188 1644 loro.
1210 1610 1315 1645 Nunc
1330 1610 1367 1643 in
1383 1616 1461 1644 toro
1479 1621 1585 1654 quem
1604 1608 1712 1644 dese-

296 1662 355 1707 qui
372 1669 458 1696 natu
477 1662 595 1696 minor
617 1662 884 1708 Agamemnone
899 1663 972 1696 sra-

294 1721 346 1748 tre
375 1724 383 1745 ε
408 1720 493 1758 quot
521 1726 604 1748 vero
632 1714 731 1748 annis
744 1740 753 1757 ,
775 1715 948 1748 incertum
963 1727 972 1754 ;

296 1779 364 1800 nec
379 1766 467 1800 tanti
483 1766 590 1800 refert
604 1766 791 1811 inquirere.
801 1784 845 1791 ·-
861 1767 973 1799 Teme-

295 1818 501 1861 mtisaedera
507 1820 592 1851 lecti
599 1819 733 1851 Clamat
741 1824 803 1851 etc.
813 1817 837 1850 J
839 1829 878 1851 us
889 1829 976 1851 con-

301 1869 386 1915 jugii
400 1869 634 1903 vindicaturus
646 1895 655 1913 ,
674 1869 715 1903 ab
724 1868 857 1913 hospite
869 1867 975 1902 adul-

295 1928 373 1956 tero
390 1928 462 1955 tam
477 1920 625 1966 turpiter
640 1920 822 1954 violatum!
838 1937 883 1944 ·—
896 1921 977 1954 Cla-

299 1977 373 2007 mat
384 1986 394 2006 :
409 1972 588 2018 praedicat,
609 1985 672 2017 per
686 1979 796 2006 totam
807 1971 978 2006 Graeciam

299 2025 462 2068 celebrat,
473 2036 542 2068 quo
554 2024 687 2068 gravius
698 2023 830 2057 irarum
842 2021 978 2068 pondus

300 2079 338 2110 in
350 2083 528 2121 raptorem
540 2076 737 2120 Troianum
749 2075 897 2109 suscitet.

348 2128 419 2162 103.
447 2130 499 2161 Tu
513 2140 636 2172 quoque
647 2128 819 2160 clamabis.
838 2126 978 2171 Perpe-

301 2192 378 2213 ram
389 2178 570 2224 sequentia
585 2178 846 2224 distinguuntur
859 2177 895 2211 in
907 2177 978 2211 vul-

300 2231 385 2276 gatis
402 2230 515 2273 libris,
534 2243 572 2264 ac
585 2230 612 2264 si
627 2229 805 2264 clamantis
824 2228 978 2264 Menelai

299 2282 406 2316 verba
416 2282 485 2316 sint
498 2296 506 2323 ;
531 2281 625 2326 quod
636 2282 744 2316 Poeta
756 2281 902 2315 minime
916 2292 979 2314 vo-

301 2333 366 2368 luit
380 2334 487 2367 :sorte
502 2339 620 2366 tamen
632 2335 818 2373 damnabis,
833 2339 868 2366 et
878 2344 979 2366 versu

301 2385 479 2430 superiore
492 2386 633 2418 damnat
640 2384 836 2429 legendum.
847 2384 979 2418 HEINS.

302 2437 399 2472 Nihil
422 2443 521 2470 muto
549 2446 556 2467 :
583 2439 728 2470 clamare
745 2437 840 2470 enim
855 2442 906 2470 est
924 2434 980 2469 hic

304 2488 400 2522 Deos
417 2488 603 2522 inclamare
620 2488 664 2521 ob
681 2491 838 2521 temerati
843 2487 981 2532 soedera

302 2543 393 2574 lecti.
411 2540 491 2574 Vid.
507 2540 620 2585 ipsum
638 2540 824 2574 Heinsium
843 2538 885 2573 ad
904 2539 980 2573 Pe—

304 2599 396 2625 tron.
415 2602 517 2626 Lv111.
541 2592 670 2626 Bunm.

354 2645 425 2676 105.
438 2644 548 2677 Ardet
559 2655 670 2677 amore
683 2646 805 2677 tuietc.
813 2641 980 2686 Exemplo

306 2694 489 2740 perfidiam
497 2695 643 2728 Helenae
655 2693 848 2739 portendit3
862 2700 981 2738 utquae

307 2746 510 2781 Menelaum
520 2772 529 2790 ,
549 2746 704 2790 quamvis
717 2753 870 2780 amatum
883 2771 892 2789 ,
911 2744 980 2779 de—

1037 1663 1107 1697 ruit
1119 1662 1255 1696 Helena
1265 1688 1275 1706 ,
1291 1662 1381 1706 jacet
1396 1660 1520 1695 viduus
1532 1686 1542 1704 ,
1562 1660 1711 1706 conjuge

1039 1715 1177 1748 orbatus
1198 1740 1207 1757 ,
1238 1713 1394 1747 mentitae
1418 1713 1517 1758 cujus
1540 1711 1713 1758 pudicitiae

1039 1765 1215 1801 credulam
1228 1764 1378 1799 nimium
1390 1763 1496 1798 fidem
1509 1763 1713 1810 praebuerat.

1088 1830 1159 1863 ¹⁰7·
1176 1819 1272 1851 Certo
1288 1819 1415 1851 man‘to.
1437 1818 1543 1851 Cedo.
1562 1815 1636 1851 Uni
1646 1815 1713 1850 sci-

1041 1869 1137 1913 licet,
1154 1868 1225 1903 fido
1239 1876 1274 1903 et
1289 1868 1469 1903 constanti.

1090 1933 1160 1967 ¹09·
1178 1921 1227 1954 Tu
1238 1920 1444 1965 leviorsoliis·
1458 1926 1522 1954 etc.
1534 1918 1591 1954 Ad
1602 1931 1712 1954 excu-

1043 1971 1190 2007 sandum
1201 1972 1331 2017 potius,
1345 1983 1450 2017 quam
1460 1970 1503 2005 ad
1514 1969 1712 2016 augendum

1042 2024 1174 2058 crimen
1184 2023 1328 2057 amantis
1337 2037 1345 2064 ;
1359 2030 1393 2057 et
1403 2029 1520 2057 mente
1531 2021 1710 2065 leviorem,

1043 2088 1148 2120 quam
1159 2088 1199 2109 ex
1211 2074 1326 2109 animo
1342 2074 1516 2120 perfidum
1525 2099 1535 2118 ,
1548 2073 1713 2108 Paridem

1041 2127 1104 2161 sihi
1119 2133 1264 2161 conatur
1279 2125 1454 2171 effingere.

1089 2193 1102 2212 1
1111 2193 1123 2212 1
1133 2193 1159 2212 1.
1186 2180 1236 2213 Et
1259 2181 1366 2212 minus
1390 2182 1446 2212 est
1465 2180 1501 2212 in
1528 2181 1562 2212 le
1575 2201 1585 2220 ‚
1616 2189 1713 2222 quam

1040 2243 1168 2264 summa
1178 2231 1309 2274 pondus
1323 2233 1440 2264 arth-la.
1460 2231 1567 2272 Quam
1575 2232 1611 2263 1⁸11
1623 2242 1714 2263 sum-

1042 2295 1107 2323 ma,
1120 2282 1269 2327 antiquae
1281 2281 1461 2324 editiones,
1476 2288 1510 2315 et
1521 2280 1666 2328 Gryphii
1678 2286 1714 2314 et

1041 2334 1259 2369 Bersmanni.
1275 2334 1332 2368 Sic
1347 2332 1436 2378 apud
1453 2331 1588 2367 Phaedr.
1603 2342 1656 2374 1v,
1672 2333 1693 2374 4
1706 2343 1715 2364 :

1041 2388 1124 2421 Plus
1138 2398 1212 2420 esse
1227 2390 1263 2419 in
1272 2398 1337 2420 uno
1346 2397 1435 2429 soepe
1443 2411 1452 2426 ‚
1465 2397 1561 2430 quam
1571 2387 1607 2418 in
1618 2385 1714 2417 turba

1042 2442 1140 2481 bom'‚·
1161 2438 1219 2472 ubi
1236 2437 1433 2472 Schefferus
1450 2437 1572 2482 ejicere
1587 2438 1624 2470 ιἰι
1644 2447 1714 2469 vo-

1042 2491 1142 2525 lebat.
1171 2491 1293 2524 Levius
1314 2492 1416 2524 estin
1433 2493 1482 2528 le,
1507 2487 1612 2522 etiam
1636 2486 1714 2520 Lo-

1042 2542 1213 2576 vaniensis
1233 2540 1348 2576 codex.
1368 2540 1496 2575 BURM.

1091 2608 1102 2627 1
1113 2594 1161 2627 13.
1181 2594 1257 2627 Hoc
1271 2597 1340 2634 lua,
1355 2605 1432 2625 nam
1446 2591 1563 2624 recolo.
1575 2589 1712 2633 Refero,

1043 2645 1121 2679 libri
1147 2644 1327 2688 nonnulli,
1354 2642 1479 2678 eodem
1505 2654 1607 2676 sensu
1633 2653 1642 2676 ε
1668 2641 1714 2676 sic

1046 2696 1219 2731 Remedio
1235 2695 1373 2730 Amoris
1385 2720 1394 2738 ,
1410 2706 1473 2740 ²99
1486 2706 1493 2727 :

1044 2757 1114 2789 Soepe
1130 2755 1200 2790 refivr
1215 2760 1299 2780 tecum
1315 2754 1441 2779 sceleratae
1454 2752 1520 2778 sacta
1532 2751 1631 2785 puello.
