<?xml version="1.0" encoding="UTF-8"?>
<!DOCTYPE html PUBLIC "-//W3C//DTD XHTML 1.0 Transitional//EN"
    "http://www.w3.org/TR/xhtml1/DTD/xhtml1-transitional.dtd">
<html xmlns="http://www.w3.org/1999/xhtml" xml:lang="en" lang="en">
 <head>
  <title>
</title>
<meta http-equiv="Content-Type" content="text/html;charset=utf-8" />
  <meta name='ocr-system' content='tesseract 3.04.00' />
  <meta name='ocr-capabilities' content='ocr_page ocr_carea ocr_par ocr_line ocrx_word'/>
</head>
<body>
  <div class='ocr_page' id='page_1' title='image "./quaeextantomniao01oviduoft_0333.png"; bbox 0 0 1884 3112; ppageno 0'>
   <div class='ocr_carea' id='block_1_1' title="bbox 0 0 110 2208">
    <p class='ocr_par' dir='ltr' id='par_1_1' title="bbox 0 0 110 2208">
     <span class='ocr_line' id='line_1_1' title="bbox 0 0 110 2208; baseline 0 0"><span class='ocrx_word' id='word_1_1' title='bbox 0 0 110 2208; x_wconf 95' lang='lat' dir='ltr'><strong> </strong></span> 
     </span>
    </p>
   </div>
   <div class='ocr_carea' id='block_1_2' title="bbox 601 222 1154 292">
    <p class='ocr_par' dir='ltr' id='par_1_2' title="bbox 601 222 1154 292">
     <span class='ocr_line' id='line_1_2' title="bbox 601 222 1154 292; baseline 0.007 -4"><span class='ocrx_word' id='word_1_2' title='bbox 601 222 801 290; x_wconf 76' lang='lat' dir='ltr'>PARIS</span> <span class='ocrx_word' id='word_1_3' title='bbox 841 246 1154 292; x_wconf 81' lang='lat' dir='ltr'><strong>HELENAE.</strong></span> 
     </span>
    </p>
   </div>
   <div class='ocr_carea' id='block_1_3' title="bbox 241 331 1093 403">
    <p class='ocr_par' dir='ltr' id='par_1_3' title="bbox 241 331 1093 403">
     <span class='ocr_line' id='line_1_3' title="bbox 241 331 1093 403; baseline 0.007 -20"><span class='ocrx_word' id='word_1_4' title='bbox 241 331 460 401; x_wconf 81' lang='lat' dir='ltr'><strong>Castaque</strong></span> <span class='ocrx_word' id='word_1_5' title='bbox 478 332 664 399; x_wconf 82' lang='lat' dir='ltr'><strong>legitimi</strong></span> <span class='ocrx_word' id='word_1_6' title='bbox 686 336 835 387; x_wconf 86' lang='lat' dir='ltr'><strong>fallere</strong></span> <span class='ocrx_word' id='word_1_7' title='bbox 856 338 954 403; x_wconf 88' lang='lat' dir='ltr'><strong>jura</strong></span> <span class='ocrx_word' id='word_1_8' title='bbox 977 341 1093 390; x_wconf 84' lang='lat' dir='ltr'><strong>tori?</strong></span> 
     </span>
    </p>
   </div>
   <div class='ocr_carea' id='block_1_4' title="bbox 176 410 1381 481">
    <p class='ocr_par' dir='ltr' id='par_1_4' title="bbox 176 410 1381 481">
     <span class='ocr_line' id='line_1_4' title="bbox 176 410 1381 481; baseline 0.008 -22"><span class='ocrx_word' id='word_1_9' title='bbox 176 410 272 460; x_wconf 76' lang='lat' dir='ltr'><strong>Ah!</strong></span> <span class='ocrx_word' id='word_1_10' title='bbox 297 410 484 460; x_wconf 87' lang='lat' dir='ltr'><strong>nimium</strong></span> <span class='ocrx_word' id='word_1_11' title='bbox 506 412 716 480; x_wconf 82' lang='lat' dir='ltr'>simplex,</span> <span class='ocrx_word' id='word_1_12' title='bbox 742 414 932 475; x_wconf 86' lang='lat' dir='ltr'><strong>Helene,</strong></span> <span class='ocrx_word' id='word_1_13' title='bbox 955 435 1012 466; x_wconf 90' lang='lat' dir='ltr'><strong>ne</strong></span> <span class='ocrx_word' id='word_1_14' title='bbox 1035 417 1199 467; x_wconf 90' lang='lat' dir='ltr'><strong>rustica</strong></span> <span class='ocrx_word' id='word_1_15' title='bbox 1221 417 1381 481; x_wconf 89' lang='lat' dir='ltr'><strong>dicam,</strong></span> 
     </span>
    </p>
   </div>
   <div class='ocr_carea' id='block_1_5' title="bbox 178 486 1398 786">
    <p class='ocr_par' dir='ltr' id='par_1_5' title="bbox 243 486 1191 561">
     <span class='ocr_line' id='line_1_5' title="bbox 243 486 1191 561; baseline 0.008 -25"><span class='ocrx_word' id='word_1_16' title='bbox 243 488 370 537; x_wconf 87' lang='lat' dir='ltr'><strong>Hanc</strong></span> <span class='ocrx_word' id='word_1_17' title='bbox 390 486 544 538; x_wconf 85' lang='lat' dir='ltr'><strong>faciem</strong></span> <span class='ocrx_word' id='word_1_18' title='bbox 567 489 698 558; x_wconf 82' lang='lat' dir='ltr'><strong>culpa</strong></span> <span class='ocrx_word' id='word_1_19' title='bbox 719 510 850 558; x_wconf 89' lang='lat' dir='ltr'><strong>posse</strong></span> <span class='ocrx_word' id='word_1_20' title='bbox 873 512 1016 543; x_wconf 85' lang='lat' dir='ltr'><strong>carere</strong></span> <span class='ocrx_word' id='word_1_21' title='bbox 1039 496 1191 561; x_wconf 86' lang='lat' dir='ltr'><strong>putas!</strong></span> 
     </span>
    </p>

    <p class='ocr_par' dir='ltr' id='par_1_6' title="bbox 178 563 1398 712">
     <span class='ocr_line' id='line_1_6' title="bbox 178 563 1398 629; baseline 0.01 -18"><span class='ocrx_word' id='word_1_22' title='bbox 178 563 272 612; x_wconf 86' lang='lat' dir='ltr'><strong>Aut</strong></span> <span class='ocrx_word' id='word_1_23' title='bbox 292 563 446 613; x_wconf 87' lang='lat' dir='ltr'><strong>faciem</strong></span> <span class='ocrx_word' id='word_1_24' title='bbox 467 576 633 624; x_wconf 91' lang='lat' dir='ltr'><strong>mutes,</strong></span> <span class='ocrx_word' id='word_1_25' title='bbox 657 578 734 615; x_wconf 88' lang='lat' dir='ltr'><strong>aut</strong></span> <span class='ocrx_word' id='word_1_26' title='bbox 756 567 817 616; x_wconf 89' lang='lat' dir='ltr'><strong>sis</strong></span> <span class='ocrx_word' id='word_1_27' title='bbox 836 587 930 617; x_wconf 92' lang='lat' dir='ltr'><strong>non</strong></span> <span class='ocrx_word' id='word_1_28' title='bbox 954 570 1087 629; x_wconf 90' lang='lat' dir='ltr'><strong>dura,</strong></span> <span class='ocrx_word' id='word_1_29' title='bbox 1111 589 1286 622; x_wconf 85' lang='lat' dir='ltr'><strong>neccsse</strong></span> <span class='ocrx_word' id='word_1_30' title='bbox 1303 585 1398 623; x_wconf 86' lang='lat' dir='ltr'><strong>est:</strong></span> 
     </span>
     <span class='ocr_line' id='line_1_7' title="bbox 244 641 1126 712; baseline 0.008 -23"><span class='ocrx_word' id='word_1_31' title='bbox 244 641 322 690; x_wconf 90' lang='lat' dir='ltr'><strong>Lis</strong></span> <span class='ocrx_word' id='word_1_32' title='bbox 345 653 413 691; x_wconf 91' lang='lat' dir='ltr'><strong>est</strong></span> <span class='ocrx_word' id='word_1_33' title='bbox 434 659 534 690; x_wconf 92' lang='lat' dir='ltr'><strong>cum</strong></span> <span class='ocrx_word' id='word_1_34' title='bbox 551 641 693 692; x_wconf 88' lang='lat' dir='ltr'><strong>forma</strong></span> <span class='ocrx_word' id='word_1_35' title='bbox 714 663 874 707; x_wconf 86' lang='lat' dir='ltr'><strong>magna</strong></span> <span class='ocrx_word' id='word_1_36' title='bbox 890 645 1126 712; x_wconf 86' lang='lat' dir='ltr'><strong>pudicitiae.</strong></span> 
     </span>
    </p>

    <p class='ocr_par' dir='ltr' id='par_1_7' title="bbox 179 718 1331 786">
     <span class='ocr_line' id='line_1_8' title="bbox 179 718 1331 786; baseline 0.009 -20"><span class='ocrx_word' id='word_1_37' title='bbox 179 718 357 786; x_wconf 84' lang='lat' dir='ltr'><strong>Jupiter</strong></span> <span class='ocrx_word' id='word_1_38' title='bbox 377 718 448 767; x_wconf 89' lang='lat' dir='ltr'><strong>his</strong></span> <span class='ocrx_word' id='word_1_39' title='bbox 471 718 652 782; x_wconf 88' lang='lat' dir='ltr'><strong>gaudet,</strong></span> <span class='ocrx_word' id='word_1_40' title='bbox 679 720 841 783; x_wconf 86' lang='lat' dir='ltr'><strong>gaudet</strong></span> <span class='ocrx_word' id='word_1_41' title='bbox 863 723 1015 772; x_wconf 88' lang='lat' dir='ltr'><strong>Venus</strong></span> <span class='ocrx_word' id='word_1_42' title='bbox 1038 744 1167 774; x_wconf 87' lang='lat' dir='ltr'><strong>aurea</strong></span> <span class='ocrx_word' id='word_1_43' title='bbox 1188 725 1331 776; x_wconf 84' lang='lat' dir='ltr'><strong>furtis.</strong></span> 
     </span>
    </p>
   </div>
   <div class='ocr_carea' id='block_1_6' title="bbox 247 796 1346 864">
    <p class='ocr_par' dir='ltr' id='par_1_8' title="bbox 247 796 1346 864">
     <span class='ocr_line' id='line_1_9' title="bbox 247 796 1346 864; baseline 0.008 -19"><span class='ocrx_word' id='word_1_44' title='bbox 247 797 352 846; x_wconf 86' lang='lat' dir='ltr'><strong>Haec</strong></span> <span class='ocrx_word' id='word_1_45' title='bbox 376 796 461 845; x_wconf 89' lang='lat' dir='ltr'><strong>tibi</strong></span> <span class='ocrx_word' id='word_1_46' title='bbox 483 815 640 864; x_wconf 89' lang='lat' dir='ltr'><strong>nempe</strong></span> <span class='ocrx_word' id='word_1_47' title='bbox 663 809 834 864; x_wconf 87' lang='lat' dir='ltr'><strong>patrem</strong></span> <span class='ocrx_word' id='word_1_48' title='bbox 855 798 974 849; x_wconf 89' lang='lat' dir='ltr'><strong>furta</strong></span> <span class='ocrx_word' id='word_1_49' title='bbox 997 801 1151 852; x_wconf 87' lang='lat' dir='ltr'><strong>dedere</strong></span> <span class='ocrx_word' id='word_1_50' title='bbox 1177 805 1206 852; x_wconf 91' lang='lat' dir='ltr'><strong>J</strong></span> <span class='ocrx_word' id='word_1_51' title='bbox 1209 823 1346 854; x_wconf 89' lang='lat' dir='ltr'><strong>ovem.</strong></span> 
     </span>
    </p>
   </div>
   <div class='ocr_carea' id='block_1_7' title="bbox 1530 833 1595 868">
    <p class='ocr_par' dir='ltr' id='par_1_9' title="bbox 1530 833 1595 868">
     <span class='ocr_line' id='line_1_10' title="bbox 1530 833 1595 868; baseline -0.015 -11"><span class='ocrx_word' id='word_1_52' title='bbox 1530 833 1595 868; x_wconf 72' lang='lat'><strong>290</strong></span> 
     </span>
    </p>
   </div>
   <div class='ocr_carea' id='block_1_8' title="bbox 180 873 1431 1174">
    <p class='ocr_par' dir='ltr' id='par_1_10' title="bbox 180 873 1206 1022">
     <span class='ocr_line' id='line_1_11' title="bbox 180 873 1206 941; baseline 0.009 -20"><span class='ocrx_word' id='word_1_53' title='bbox 180 874 269 923; x_wconf 85' lang='lat' dir='ltr'><strong>Vix</strong></span> <span class='ocrx_word' id='word_1_54' title='bbox 289 873 407 933; x_wconf 86' lang='lat' dir='ltr'><strong>fieri,</strong></span> <span class='ocrx_word' id='word_1_55' title='bbox 433 874 472 922; x_wconf 94' lang='lat' dir='ltr'><strong>si</strong></span> <span class='ocrx_word' id='word_1_56' title='bbox 493 885 600 922; x_wconf 89' lang='lat' dir='ltr'><strong>sunt</strong></span> <span class='ocrx_word' id='word_1_57' title='bbox 621 873 734 923; x_wconf 91' lang='lat' dir='ltr'><strong>vires</strong></span> <span class='ocrx_word' id='word_1_58' title='bbox 753 875 800 923; x_wconf 88' lang='lat' dir='ltr'><strong>in</strong></span> <span class='ocrx_word' id='word_1_59' title='bbox 822 877 987 927; x_wconf 89' lang='lat' dir='ltr'><strong>semine</strong></span> <span class='ocrx_word' id='word_1_60' title='bbox 1005 899 1206 941; x_wconf 88' lang='lat' dir='ltr'><strong>avorum,</strong></span> 
     </span>
     <span class='ocr_line' id='line_1_12' title="bbox 245 949 1110 1022; baseline 0.008 -24"><span class='ocrx_word' id='word_1_61' title='bbox 245 952 306 999; x_wconf 84' lang='lat' dir='ltr'><strong>Et</strong></span> <span class='ocrx_word' id='word_1_62' title='bbox 327 949 454 999; x_wconf 83' lang='lat' dir='ltr'><strong>Jovis</strong></span> <span class='ocrx_word' id='word_1_63' title='bbox 478 961 524 999; x_wconf 88' lang='lat' dir='ltr'><strong>et</strong></span> <span class='ocrx_word' id='word_1_64' title='bbox 544 950 674 1000; x_wconf 83' lang='lat' dir='ltr'><strong>Ledae</strong></span> <span class='ocrx_word' id='word_1_65' title='bbox 693 950 805 1012; x_wconf 89' lang='lat' dir='ltr'><strong>filia,</strong></span> <span class='ocrx_word' id='word_1_66' title='bbox 830 965 946 1003; x_wconf 87' lang='lat' dir='ltr'><strong>casta</strong></span> <span class='ocrx_word' id='word_1_67' title='bbox 969 967 1110 1022; x_wconf 80' lang='lat' dir='ltr'><strong>potes.</strong></span> 
     </span>
    </p>

    <p class='ocr_par' dir='ltr' id='par_1_11' title="bbox 183 1028 1431 1174">
     <span class='ocr_line' id='line_1_13' title="bbox 183 1028 1431 1100; baseline 0.007 -23"><span class='ocrx_word' id='word_1_68' title='bbox 183 1028 316 1078; x_wconf 75' lang='lat' dir='ltr'><strong>Casta</strong></span> <span class='ocrx_word' id='word_1_69' title='bbox 337 1039 484 1077; x_wconf 90' lang='lat' dir='ltr'><strong>tamen</strong></span> <span class='ocrx_word' id='word_1_70' title='bbox 506 1039 601 1077; x_wconf 89' lang='lat' dir='ltr'><strong>tum</strong></span> <span class='ocrx_word' id='word_1_71' title='bbox 622 1029 684 1077; x_wconf 88' lang='lat' dir='ltr'><strong>sis</strong></span> <span class='ocrx_word' id='word_1_72' title='bbox 698 1067 710 1088; x_wconf 94' lang='lat'><strong>,</strong></span> <span class='ocrx_word' id='word_1_73' title='bbox 736 1049 874 1096; x_wconf 90' lang='lat' dir='ltr'><strong>quum</strong></span> <span class='ocrx_word' id='word_1_74' title='bbox 896 1043 938 1080; x_wconf 88' lang='lat' dir='ltr'><strong>te</strong></span> <span class='ocrx_word' id='word_1_75' title='bbox 958 1050 1055 1081; x_wconf 90' lang='lat' dir='ltr'><strong>mea</strong></span> <span class='ocrx_word' id='word_1_76' title='bbox 1076 1033 1212 1100; x_wconf 87' lang='lat' dir='ltr'><strong>Troja</strong></span> <span class='ocrx_word' id='word_1_77' title='bbox 1236 1035 1431 1087; x_wconf 84' lang='lat' dir='ltr'><strong>tenebit:</strong></span> 
     </span>
     <span class='ocr_line' id='line_1_14' title="bbox 248 1105 1199 1174; baseline 0.006 -21"><span class='ocrx_word' id='word_1_78' title='bbox 248 1105 310 1153; x_wconf 90' lang='lat' dir='ltr'><strong>Et</strong></span> <span class='ocrx_word' id='word_1_79' title='bbox 331 1116 407 1154; x_wconf 89' lang='lat' dir='ltr'><strong>tua</strong></span> <span class='ocrx_word' id='word_1_80' title='bbox 429 1105 534 1164; x_wconf 89' lang='lat' dir='ltr'><strong>sim,</strong></span> <span class='ocrx_word' id='word_1_81' title='bbox 560 1125 730 1173; x_wconf 82' lang='lat' dir='ltr'><strong>quaeso,</strong></span> <span class='ocrx_word' id='word_1_82' title='bbox 756 1107 938 1157; x_wconf 89' lang='lat' dir='ltr'><strong>crimina</strong></span> <span class='ocrx_word' id='word_1_83' title='bbox 960 1108 1083 1158; x_wconf 92' lang='lat' dir='ltr'><strong>solus</strong></span> <span class='ocrx_word' id='word_1_84' title='bbox 1104 1129 1199 1174; x_wconf 83' lang='lat' dir='ltr'><strong>ego.</strong></span> 
     </span>
    </p>
   </div>
   <div class='ocr_carea' id='block_1_9' title="bbox 182 1182 1338 1253">
    <p class='ocr_par' dir='ltr' id='par_1_12' title="bbox 182 1182 1338 1253">
     <span class='ocr_line' id='line_1_15' title="bbox 182 1182 1338 1253; baseline 0.006 -22"><span class='ocrx_word' id='word_1_85' title='bbox 182 1182 314 1232; x_wconf 88' lang='lat' dir='ltr'><strong>Nunc</strong></span> <span class='ocrx_word' id='word_1_86' title='bbox 336 1202 387 1232; x_wconf 92' lang='lat' dir='ltr'><strong>ea</strong></span> <span class='ocrx_word' id='word_1_87' title='bbox 408 1202 661 1251; x_wconf 87' lang='lat' dir='ltr'><strong>peccemus,</strong></span> <span class='ocrx_word' id='word_1_88' title='bbox 689 1204 785 1252; x_wconf 88' lang='lat' dir='ltr'><strong>quae</strong></span> <span class='ocrx_word' id='word_1_89' title='bbox 807 1186 997 1249; x_wconf 87' lang='lat' dir='ltr'><strong>corrigat</strong></span> <span class='ocrx_word' id='word_1_90' title='bbox 1018 1186 1130 1236; x_wconf 89' lang='lat' dir='ltr'><strong>hora</strong></span> <span class='ocrx_word' id='word_1_91' title='bbox 1147 1188 1308 1253; x_wconf 86' lang='lat' dir='ltr'><strong>jugalis</strong></span> <span class='ocrx_word' id='word_1_92' title='bbox 1326 1209 1338 1238; x_wconf 73' lang='grc' dir='ltr'><strong><em>ε</em></strong></span> 
     </span>
    </p>
   </div>
   <div class='ocr_carea' id='block_1_10' title="bbox 1532 1207 1598 1253">
    <p class='ocr_par' dir='ltr' id='par_1_13' title="bbox 1532 1207 1598 1253">
     <span class='ocr_line' id='line_1_16' title="bbox 1532 1207 1598 1253; baseline 0 -13"><span class='ocrx_word' id='word_1_93' title='bbox 1532 1207 1598 1253; x_wconf 80' lang='lat'><strong>295</strong></span> 
     </span>
    </p>
   </div>
   <div class='ocr_carea' id='block_1_11' title="bbox 185 1259 1414 1491">
    <p class='ocr_par' dir='ltr' id='par_1_14' title="bbox 185 1259 1414 1491">
     <span class='ocr_line' id='line_1_17' title="bbox 249 1259 1244 1328; baseline 0.006 -20"><span class='ocrx_word' id='word_1_94' title='bbox 249 1259 298 1308; x_wconf 91' lang='lat' dir='ltr'><strong>Si</strong></span> <span class='ocrx_word' id='word_1_95' title='bbox 321 1259 456 1309; x_wconf 91' lang='lat' dir='ltr'><strong>modo</strong></span> <span class='ocrx_word' id='word_1_96' title='bbox 478 1261 685 1328; x_wconf 83' lang='lat' dir='ltr'><strong>promisit</strong></span> <span class='ocrx_word' id='word_1_97' title='bbox 706 1281 797 1310; x_wconf 91' lang='lat' dir='ltr'><strong>non</strong></span> <span class='ocrx_word' id='word_1_98' title='bbox 816 1262 927 1311; x_wconf 88' lang='lat' dir='ltr'><strong>mihi</strong></span> <span class='ocrx_word' id='word_1_99' title='bbox 949 1283 1059 1313; x_wconf 86' lang='lat' dir='ltr'><strong>vana</strong></span> <span class='ocrx_word' id='word_1_100' title='bbox 1079 1266 1244 1314; x_wconf 82' lang='lat' dir='ltr'><strong>Venus.</strong></span> 
     </span>
     <span class='ocr_line' id='line_1_18' title="bbox 185 1335 1414 1400; baseline 0.007 -16"><span class='ocrx_word' id='word_1_101' title='bbox 185 1335 275 1385; x_wconf 89' lang='lat' dir='ltr'><strong>Sed</strong></span> <span class='ocrx_word' id='word_1_102' title='bbox 297 1335 381 1384; x_wconf 87' lang='lat' dir='ltr'><strong>tibi</strong></span> <span class='ocrx_word' id='word_1_103' title='bbox 405 1348 451 1385; x_wconf 83' lang='lat' dir='ltr'><strong>et</strong></span> <span class='ocrx_word' id='word_1_104' title='bbox 470 1336 556 1385; x_wconf 91' lang='lat' dir='ltr'><strong>hoc</strong></span> <span class='ocrx_word' id='word_1_105' title='bbox 580 1337 735 1386; x_wconf 86' lang='lat' dir='ltr'><strong>suadet</strong></span> <span class='ocrx_word' id='word_1_106' title='bbox 756 1338 912 1398; x_wconf 88' lang='lat' dir='ltr'><strong>rebus,</strong></span> <span class='ocrx_word' id='word_1_107' title='bbox 937 1359 1030 1388; x_wconf 91' lang='lat' dir='ltr'><strong>non</strong></span> <span class='ocrx_word' id='word_1_108' title='bbox 1052 1360 1179 1400; x_wconf 83' lang='lat' dir='ltr'><strong>voce,</strong></span> <span class='ocrx_word' id='word_1_109' title='bbox 1203 1343 1385 1392; x_wconf 89' lang='lat' dir='ltr'><strong>maritus</strong></span> <span class='ocrx_word' id='word_1_110' title='bbox 1403 1363 1414 1394; x_wconf 91' lang='lat'>:</span> 
     </span>
     <span class='ocr_line' id='line_1_19' title="bbox 248 1413 1189 1491; baseline 0.006 -29"><span class='ocrx_word' id='word_1_111' title='bbox 248 1415 369 1463; x_wconf 85' lang='lat' dir='ltr'><strong>Neve</strong></span> <span class='ocrx_word' id='word_1_112' title='bbox 393 1414 463 1462; x_wconf 91' lang='lat' dir='ltr'><strong>sui</strong></span> <span class='ocrx_word' id='word_1_113' title='bbox 485 1413 617 1462; x_wconf 84' lang='lat' dir='ltr'><strong>furtis</strong></span> <span class='ocrx_word' id='word_1_114' title='bbox 639 1414 831 1482; x_wconf 89' lang='lat' dir='ltr'><strong>hospitis</strong></span> <span class='ocrx_word' id='word_1_115' title='bbox 856 1417 1006 1491; x_wconf 71' lang='lat' dir='ltr'><strong>obstet</strong></span> <span class='ocrx_word' id='word_1_116' title='bbox 1019 1455 1031 1476; x_wconf 98' lang='lat'><strong>,</strong></span> <span class='ocrx_word' id='word_1_117' title='bbox 1053 1418 1189 1468; x_wconf 90' lang='lat' dir='ltr'><strong>abest.</strong></span> 
     </span>
    </p>
   </div>
   <div class='ocr_carea' id='block_1_12' title="bbox 184 1490 1372 1558">
    <p class='ocr_par' dir='ltr' id='par_1_15' title="bbox 184 1490 1372 1558">
     <span class='ocr_line' id='line_1_20' title="bbox 184 1490 1372 1558; baseline 0.007 -20"><span class='ocrx_word' id='word_1_118' title='bbox 184 1490 290 1539; x_wconf 87' lang='lat' dir='ltr'><strong>Non</strong></span> <span class='ocrx_word' id='word_1_119' title='bbox 310 1490 471 1539; x_wconf 88' lang='lat' dir='ltr'><strong>habuit</strong></span> <span class='ocrx_word' id='word_1_120' title='bbox 493 1502 688 1557; x_wconf 87' lang='lat' dir='ltr'><strong>tempus,</strong></span> <span class='ocrx_word' id='word_1_121' title='bbox 715 1511 806 1558; x_wconf 90' lang='lat' dir='ltr'><strong>quo</strong></span> <span class='ocrx_word' id='word_1_122' title='bbox 831 1493 1004 1542; x_wconf 87' lang='lat' dir='ltr'><strong>Cressia</strong></span> <span class='ocrx_word' id='word_1_123' title='bbox 1025 1514 1161 1558; x_wconf 84' lang='lat' dir='ltr'><strong>regna</strong></span> <span class='ocrx_word' id='word_1_124' title='bbox 1181 1496 1372 1555; x_wconf 86' lang='lat' dir='ltr'><strong>videret,</strong></span> 
     </span>
    </p>
   </div>
   <div class='ocr_carea' id='block_1_13' title="bbox 251 1568 1074 1636">
    <p class='ocr_par' dir='ltr' id='par_1_16' title="bbox 251 1568 1074 1636">
     <span class='ocr_line' id='line_1_21' title="bbox 251 1568 1074 1636; baseline 0.004 -19"><span class='ocrx_word' id='word_1_125' title='bbox 251 1569 429 1636; x_wconf 88' lang='lat' dir='ltr'><strong>Aptius.</strong></span> <span class='ocrx_word' id='word_1_126' title='bbox 455 1570 498 1618; x_wconf 92' lang='grc' dir='ltr'><strong>Ο</strong></span> <span class='ocrx_word' id='word_1_127' title='bbox 521 1569 631 1617; x_wconf 88' lang='lat' dir='ltr'><strong>mira</strong></span> <span class='ocrx_word' id='word_1_128' title='bbox 654 1568 889 1618; x_wconf 85' lang='lat' dir='ltr'><strong>calliditate</strong></span> <span class='ocrx_word' id='word_1_129' title='bbox 912 1571 1074 1620; x_wconf 85' lang='lat' dir='ltr'><strong>virum!</strong></span> 
     </span>
    </p>
   </div>
   <div class='ocr_carea' id='block_1_14' title="bbox 1535 1591 1602 1626">
    <p class='ocr_par' dir='ltr' id='par_1_17' title="bbox 1535 1591 1602 1626">
     <span class='ocr_line' id='line_1_22' title="bbox 1535 1591 1602 1626; baseline -0.03 0"><span class='ocrx_word' id='word_1_130' title='bbox 1535 1591 1602 1626; x_wconf 80' lang='lat'><strong>300</strong></span> 
     </span>
    </p>
   </div>
   <div class='ocr_carea' id='block_1_15' title="bbox 186 1645 1238 1864">
    <p class='ocr_par' dir='ltr' id='par_1_18' title="bbox 186 1645 1238 1864">
     <span class='ocr_line' id='line_1_23' title="bbox 186 1645 1156 1708; baseline 0.003 -12"><span class='ocrx_word' id='word_1_131' title='bbox 186 1646 296 1705; x_wconf 84' lang='lat' dir='ltr'><strong>Ivit,</strong></span> <span class='ocrx_word' id='word_1_132' title='bbox 321 1658 386 1705; x_wconf 91' lang='lat' dir='ltr'><strong>et,</strong></span> <span class='ocrx_word' id='word_1_133' title='bbox 411 1645 517 1695; x_wconf 82' lang='lat' dir='ltr'><strong>Idaei</strong></span> <span class='ocrx_word' id='word_1_134' title='bbox 538 1646 700 1694; x_wconf 88' lang='lat' dir='ltr'><strong>mando</strong></span> <span class='ocrx_word' id='word_1_135' title='bbox 725 1647 833 1706; x_wconf 88' lang='lat' dir='ltr'><strong>tibi,</strong></span> <span class='ocrx_word' id='word_1_136' title='bbox 859 1647 970 1698; x_wconf 83' lang='lat' dir='ltr'><strong>dixit</strong></span> <span class='ocrx_word' id='word_1_137' title='bbox 991 1650 1156 1708; x_wconf 88' lang='lat' dir='ltr'><strong>iturus,</strong></span> 
     </span>
     <span class='ocr_line' id='line_1_24' title="bbox 253 1722 1163 1790; baseline 0.003 -18"><span class='ocrx_word' id='word_1_138' title='bbox 253 1723 416 1772; x_wconf 88' lang='lat' dir='ltr'><strong>Curam</strong></span> <span class='ocrx_word' id='word_1_139' title='bbox 436 1741 521 1790; x_wconf 90' lang='lat' dir='ltr'><strong>pro</strong></span> <span class='ocrx_word' id='word_1_140' title='bbox 543 1722 678 1771; x_wconf 91' lang='lat' dir='ltr'><strong>nobis</strong></span> <span class='ocrx_word' id='word_1_141' title='bbox 700 1723 893 1790; x_wconf 88' lang='lat' dir='ltr'><strong>hospitis</strong></span> <span class='ocrx_word' id='word_1_142' title='bbox 915 1745 1030 1774; x_wconf 88' lang='lat' dir='ltr'><strong>uxor</strong></span> <span class='ocrx_word' id='word_1_143' title='bbox 1047 1746 1163 1790; x_wconf 85' lang='lat' dir='ltr'><strong>agas.</strong></span> 
     </span>
     <span class='ocr_line' id='line_1_25' title="bbox 186 1799 1238 1864; baseline 0.002 -15"><span class='ocrx_word' id='word_1_144' title='bbox 186 1799 387 1864; x_wconf 81' lang='lat' dir='ltr'><strong>Negligis</strong></span> <span class='ocrx_word' id='word_1_145' title='bbox 410 1799 630 1860; x_wconf 84' lang='lat' dir='ltr'><strong>absentis,</strong></span> <span class='ocrx_word' id='word_1_146' title='bbox 655 1811 812 1860; x_wconf 88' lang='lat' dir='ltr'><strong>testor,</strong></span> <span class='ocrx_word' id='word_1_147' title='bbox 836 1801 1043 1851; x_wconf 89' lang='lat' dir='ltr'><strong>mandata</strong></span> <span class='ocrx_word' id='word_1_148' title='bbox 1063 1803 1238 1851; x_wconf 85' lang='lat' dir='ltr'><strong>mariti:</strong></span> 
     </span>
    </p>
   </div>
   <div class='ocr_carea' id='block_1_16' title="bbox 156 1923 877 2805">
    <p class='ocr_par' dir='ltr' id='par_1_19' title="bbox 188 1923 870 2379">
     <span class='ocr_line' id='line_1_26' title="bbox 231 1923 864 1970; baseline -0.002 -10"><span class='ocrx_word' id='word_1_149' title='bbox 231 1924 306 1969; x_wconf 76' lang='lat'><strong>284.</strong></span> <span class='ocrx_word' id='word_1_150' title='bbox 321 1924 550 1970; x_wconf 74' lang='lat' dir='ltr'><strong>Falleoejum.</strong></span> <span class='ocrx_word' id='word_1_151' title='bbox 563 1924 766 1970; x_wconf 77' lang='lat' dir='ltr'><strong>ElegantIor</strong></span> <span class='ocrx_word' id='word_1_152' title='bbox 775 1923 864 1959; x_wconf 86' lang='lat' dir='ltr'><strong>mihi</strong></span> 
     </span>
     <span class='ocr_line' id='line_1_27' title="bbox 188 1975 866 2020; baseline -0.004 -8"><span class='ocrx_word' id='word_1_153' title='bbox 188 1975 292 2012; x_wconf 85' lang='lat' dir='ltr'><strong>lectio</strong></span> <span class='ocrx_word' id='word_1_154' title='bbox 307 1976 440 2011; x_wconf 73' lang='lat' dir='ltr'><strong>Mon-eti</strong></span> <span class='ocrx_word' id='word_1_155' title='bbox 463 1975 588 2011; x_wconf 89' lang='lat' dir='ltr'><strong>codicis</strong></span> <span class='ocrx_word' id='word_1_156' title='bbox 608 1975 748 2010; x_wconf 85' lang='lat' dir='ltr'><strong>videtur</strong></span> <span class='ocrx_word' id='word_1_157' title='bbox 760 2002 770 2020; x_wconf 97' lang='lat'><strong>,</strong></span> <span class='ocrx_word' id='word_1_158' title='bbox 794 1978 866 2010; x_wconf 89' lang='lat' dir='ltr'><strong>sol—</strong></span> 
     </span>
     <span class='ocr_line' id='line_1_28' title="bbox 191 2027 867 2073; baseline -0.003 -10"><span class='ocrx_word' id='word_1_159' title='bbox 191 2039 290 2071; x_wconf 70' lang='grc' dir='ltr'><em>σειτς</em></span> <span class='ocrx_word' id='word_1_160' title='bbox 322 2027 421 2073; x_wconf 76' lang='lat' dir='ltr'><strong>cujus</strong></span> <span class='ocrx_word' id='word_1_161' title='bbox 445 2027 590 2073; x_wconf 82' lang='lat' dir='ltr'><strong>glossam</strong></span> <span class='ocrx_word' id='word_1_162' title='bbox 600 2027 728 2072; x_wconf 80' lang='lat' dir='ltr'><strong>fallere</strong></span> <span class='ocrx_word' id='word_1_163' title='bbox 750 2027 867 2062; x_wconf 84' lang='lat' dir='ltr'><strong>credo.</strong></span> 
     </span>
     <span class='ocr_line' id='line_1_29' title="bbox 192 2079 865 2124; baseline -0.003 -9"><span class='ocrx_word' id='word_1_164' title='bbox 192 2081 325 2115; x_wconf 74' lang='lat' dir='ltr'><strong>Fallere</strong></span> <span class='ocrx_word' id='word_1_165' title='bbox 355 2079 451 2115; x_wconf 89' lang='lat' dir='ltr'><strong>enim</strong></span> <span class='ocrx_word' id='word_1_166' title='bbox 462 2081 570 2124; x_wconf 82' lang='lat' dir='ltr'><strong>fldem</strong></span> <span class='ocrx_word' id='word_1_167' title='bbox 596 2087 689 2114; x_wconf 81' lang='lat' dir='ltr'><strong>recte</strong></span> <span class='ocrx_word' id='word_1_168' title='bbox 717 2079 865 2122; x_wconf 60' lang='lat' dir='ltr'><strong>dicium</strong></span> 
     </span>
     <span class='ocr_line' id='line_1_30' title="bbox 190 2131 869 2179; baseline -0.003 -12"><span class='ocrx_word' id='word_1_169' title='bbox 190 2132 261 2168; x_wconf 63' lang='lat' dir='ltr'><strong>vid.</strong></span> <span class='ocrx_word' id='word_1_170' title='bbox 274 2132 317 2167; x_wconf 83' lang='lat' dir='ltr'><strong>ad</strong></span> <span class='ocrx_word' id='word_1_171' title='bbox 329 2132 437 2179; x_wconf 80' lang='lat' dir='ltr'><strong>Epist.</strong></span> <span class='ocrx_word' id='word_1_172' title='bbox 451 2143 506 2167; x_wconf 87' lang='lat' dir='ltr'><strong>vu</strong></span> <span class='ocrx_word' id='word_1_173' title='bbox 517 2158 526 2176; x_wconf 90' lang='lat'>‚</span> <span class='ocrx_word' id='word_1_174' title='bbox 552 2132 591 2166; x_wconf 88' lang='lat'><strong>18</strong></span> <span class='ocrx_word' id='word_1_175' title='bbox 608 2144 615 2166; x_wconf 92' lang='lat'><strong>:</strong></span> <span class='ocrx_word' id='word_1_176' title='bbox 630 2131 689 2166; x_wconf 83' lang='lat' dir='ltr'><strong>sed</strong></span> <span class='ocrx_word' id='word_1_177' title='bbox 691 2132 776 2177; x_wconf 80' lang='lat' dir='ltr'><strong>jura</strong></span> <span class='ocrx_word' id='word_1_178' title='bbox 790 2143 869 2165; x_wconf 91' lang='lat' dir='ltr'><strong>me-</strong></span> 
     </span>
     <span class='ocr_line' id='line_1_31' title="bbox 192 2183 869 2226; baseline -0.003 -7"><span class='ocrx_word' id='word_1_179' title='bbox 192 2183 258 2220; x_wconf 70' lang='lat' dir='ltr'><strong>lius</strong></span> <span class='ocrx_word' id='word_1_180' title='bbox 268 2186 394 2220; x_wconf 74' lang='lat' dir='ltr'><strong>solvere</strong></span> <span class='ocrx_word' id='word_1_181' title='bbox 399 2183 548 2219; x_wconf 86' lang='lat' dir='ltr'><strong>dicimur</strong></span> <span class='ocrx_word' id='word_1_182' title='bbox 555 2183 616 2218; x_wconf 88' lang='lat' dir='ltr'><strong>:ita</strong></span> <span class='ocrx_word' id='word_1_183' title='bbox 621 2186 747 2218; x_wconf 71' lang='lat' dir='ltr'><strong>solvere</strong></span> <span class='ocrx_word' id='word_1_184' title='bbox 755 2184 869 2226; x_wconf 69' lang='lat' dir='ltr'><strong>Iegem.</strong></span> 
     </span>
     <span class='ocr_line' id='line_1_32' title="bbox 194 2235 870 2282; baseline -0.004 -10"><span class='ocrx_word' id='word_1_185' title='bbox 194 2235 313 2271; x_wconf 85' lang='lat' dir='ltr'><strong>Valer.</strong></span> <span class='ocrx_word' id='word_1_186' title='bbox 323 2237 418 2272; x_wconf 86' lang='lat' dir='ltr'><strong>Max.</strong></span> <span class='ocrx_word' id='word_1_187' title='bbox 433 2247 473 2271; x_wconf 78' lang='lat' dir='ltr'><strong>vl</strong></span> <span class='ocrx_word' id='word_1_188' title='bbox 484 2263 494 2282; x_wconf 90' lang='lat'><strong>,</strong></span> <span class='ocrx_word' id='word_1_189' title='bbox 507 2236 603 2282; x_wconf 81' lang='lat' dir='ltr'><strong>Virg.</strong></span> <span class='ocrx_word' id='word_1_190' title='bbox 614 2245 645 2269; x_wconf 83' lang='lat'><strong>11</strong></span> <span class='ocrx_word' id='word_1_191' title='bbox 658 2261 668 2280; x_wconf 97' lang='lat'><strong>,</strong></span> <span class='ocrx_word' id='word_1_192' title='bbox 685 2235 769 2270; x_wconf 89' lang='lat' dir='ltr'><strong>AEu.</strong></span> <span class='ocrx_word' id='word_1_193' title='bbox 789 2237 847 2281; x_wconf 86' lang='lat'><strong>¹57</strong></span> <span class='ocrx_word' id='word_1_194' title='bbox 862 2246 870 2269; x_wconf 90' lang='lat'>:</span> 
     </span>
     <span class='ocr_line' id='line_1_33' title="bbox 194 2292 805 2326; baseline -0.005 -7"><span class='ocrx_word' id='word_1_195' title='bbox 194 2293 246 2320; x_wconf 73' lang='lat' dir='ltr'><strong>Fu</strong></span> <span class='ocrx_word' id='word_1_196' title='bbox 257 2293 322 2318; x_wconf 82' lang='lat' dir='ltr'><strong>mihi</strong></span> <span class='ocrx_word' id='word_1_197' title='bbox 331 2293 472 2326; x_wconf 74' lang='lat' dir='ltr'><strong>Graiorum</strong></span> <span class='ocrx_word' id='word_1_198' title='bbox 488 2297 586 2317; x_wconf 69' lang='lat' dir='ltr'><strong>secuta</strong></span> <span class='ocrx_word' id='word_1_199' title='bbox 599 2293 722 2317; x_wconf 68' lang='lat' dir='ltr'><strong>resolvor-e</strong></span> <span class='ocrx_word' id='word_1_200' title='bbox 736 2292 805 2324; x_wconf 75' lang='lat' dir='ltr'><strong>jun.</strong></span> 
     </span>
     <span class='ocr_line' id='line_1_34' title="bbox 194 2340 816 2379; baseline -0.008 -1"><span class='ocrx_word' id='word_1_201' title='bbox 194 2343 270 2379; x_wconf 84' lang='lat' dir='ltr'><strong>Pro</strong></span> <span class='ocrx_word' id='word_1_202' title='bbox 283 2345 351 2378; x_wconf 79' lang='lat' dir='ltr'><strong>ton·</strong></span> <span class='ocrx_word' id='word_1_203' title='bbox 361 2341 462 2377; x_wconf 83' lang='lat' dir='ltr'><strong>multi</strong></span> <span class='ocrx_word' id='word_1_204' title='bbox 477 2341 582 2376; x_wconf 85' lang='lat' dir='ltr'><strong>etiam</strong></span> <span class='ocrx_word' id='word_1_205' title='bbox 596 2343 670 2375; x_wconf 81' lang='lat' dir='ltr'><strong>vin&#39;.</strong></span> <span class='ocrx_word' id='word_1_206' title='bbox 685 2340 816 2375; x_wconf 75' lang='lat' dir='ltr'><strong>Bunm.</strong></span> 
     </span>
    </p>

    <p class='ocr_par' dir='ltr' id='par_1_20' title="bbox 239 2393 873 2438">
     <span class='ocr_line' id='line_1_35' title="bbox 239 2393 873 2438; baseline -0.005 -9"><span class='ocrx_word' id='word_1_207' title='bbox 239 2394 314 2430; x_wconf 79' lang='lat'>288.</span> <span class='ocrx_word' id='word_1_208' title='bbox 324 2395 387 2428; x_wconf 74' lang='lat' dir='ltr'><strong>Lis</strong></span> <span class='ocrx_word' id='word_1_209' title='bbox 400 2398 456 2428; x_wconf 83' lang='lat' dir='ltr'><strong>est</strong></span> <span class='ocrx_word' id='word_1_210' title='bbox 470 2406 543 2428; x_wconf 86' lang='lat' dir='ltr'><strong>cum</strong></span> <span class='ocrx_word' id='word_1_211' title='bbox 548 2393 665 2438; x_wconf 80' lang='lat' dir='ltr'><strong>forma</strong></span> <span class='ocrx_word' id='word_1_212' title='bbox 673 2404 797 2436; x_wconf 69' lang='lat' dir='ltr'><strong>magna</strong></span> <span class='ocrx_word' id='word_1_213' title='bbox 805 2405 873 2437; x_wconf 82' lang='lat' dir='ltr'><strong>pu-</strong></span> 
     </span>
    </p>

    <p class='ocr_par' dir='ltr' id='par_1_21' title="bbox 156 2444 873 2590">
     <span class='ocr_line' id='line_1_36' title="bbox 197 2444 873 2492; baseline -0.006 -10"><span class='ocrx_word' id='word_1_214' title='bbox 197 2449 331 2483; x_wconf 61' lang='lat' dir='ltr'><strong>h‘cttis.</strong></span> <span class='ocrx_word' id='word_1_215' title='bbox 346 2445 398 2480; x_wconf 85' lang='lat' dir='ltr'><strong>Ex</strong></span> <span class='ocrx_word' id='word_1_216' title='bbox 411 2444 540 2481; x_wconf 85' lang='lat' dir='ltr'><strong>ovidio</strong></span> <span class='ocrx_word' id='word_1_217' title='bbox 551 2445 575 2479; x_wconf 90' lang='lat' dir='ltr'>J</span> <span class='ocrx_word' id='word_1_218' title='bbox 578 2457 631 2479; x_wconf 86' lang='lat' dir='ltr'><strong>uv.</strong></span> <span class='ocrx_word' id='word_1_219' title='bbox 643 2444 715 2479; x_wconf 86' lang='lat' dir='ltr'><strong>Sat.</strong></span> <span class='ocrx_word' id='word_1_220' title='bbox 727 2455 750 2478; x_wconf 84' lang='lat' dir='ltr'>x</span> <span class='ocrx_word' id='word_1_221' title='bbox 760 2469 770 2488; x_wconf 92' lang='lat'><strong>,</strong></span> <span class='ocrx_word' id='word_1_222' title='bbox 789 2457 850 2492; x_wconf 77' lang='lat'><strong>297</strong></span> <span class='ocrx_word' id='word_1_223' title='bbox 864 2459 873 2483; x_wconf 68' lang='grc' dir='ltr'><strong><em>ε</em></strong></span> 
     </span>
     <span class='ocr_line' id='line_1_37' title="bbox 156 2503 807 2536; baseline -0.008 -4"><span class='ocrx_word' id='word_1_224' title='bbox 156 2508 161 2516; x_wconf 80' lang='lat'><strong><em>¹</em></strong></span> <span class='ocrx_word' id='word_1_225' title='bbox 300 2523 332 2532; x_wconf 80' lang='grc'><strong>...</strong></span> <span class='ocrx_word' id='word_1_226' title='bbox 348 2505 419 2531; x_wconf 76' lang='lat' dir='ltr'><strong>nm</strong></span> <span class='ocrx_word' id='word_1_227' title='bbox 430 2510 469 2530; x_wconf 72' lang='lat' dir='ltr'><strong>est</strong></span> <span class='ocrx_word' id='word_1_228' title='bbox 480 2504 543 2530; x_wconf 70' lang='lat' dir='ltr'><strong>adeo</strong></span> <span class='ocrx_word' id='word_1_229' title='bbox 557 2504 693 2530; x_wconf 71' lang='lat' dir='ltr'><strong>eoncordi-</strong></span> <span class='ocrx_word' id='word_1_230' title='bbox 701 2503 789 2529; x_wconf 71' lang='lat' dir='ltr'><strong>sormae</strong></span> <span class='ocrx_word' id='word_1_231' title='bbox 797 2521 807 2536; x_wconf 82' lang='lat'>‚</span> 
     </span>
     <span class='ocr_line' id='line_1_38' title="bbox 198 2554 451 2590; baseline -0.016 -8"><span class='ocrx_word' id='word_1_232' title='bbox 198 2554 288 2590; x_wconf 80' lang='lat' dir='ltr'><strong>Atque</strong></span> <span class='ocrx_word' id='word_1_233' title='bbox 301 2554 432 2588; x_wconf 69' lang='lat' dir='ltr'><strong>pudicitia</strong></span> <span class='ocrx_word' id='word_1_234' title='bbox 443 2555 451 2579; x_wconf 79' lang='lat'>1</span> 
     </span>
    </p>

    <p class='ocr_par' dir='ltr' id='par_1_22' title="bbox 202 2604 877 2805">
     <span class='ocr_line' id='line_1_39' title="bbox 243 2604 876 2653; baseline -0.005 -13"><span class='ocrx_word' id='word_1_235' title='bbox 243 2618 318 2653; x_wconf 81' lang='lat'><strong>29¹·</strong></span> <span class='ocrx_word' id='word_1_236' title='bbox 343 2604 516 2649; x_wconf 72' lang='lat' dir='ltr'><strong>W‘xfien’,</strong></span> <span class='ocrx_word' id='word_1_237' title='bbox 541 2604 657 2636; x_wconf 70' lang='lat' dir='ltr'><strong>sisini</strong></span> <span class='ocrx_word' id='word_1_238' title='bbox 665 2605 755 2636; x_wconf 75' lang='lat' dir='ltr'><strong>vines</strong></span> <span class='ocrx_word' id='word_1_239' title='bbox 769 2605 805 2636; x_wconf 78' lang='lat' dir='ltr'><strong>in</strong></span> <span class='ocrx_word' id='word_1_240' title='bbox 817 2614 876 2637; x_wconf 58' lang='lat' dir='ltr'><strong>se*</strong></span> 
     </span>
     <span class='ocr_line' id='line_1_40' title="bbox 202 2655 874 2699; baseline -0.006 -7"><span class='ocrx_word' id='word_1_241' title='bbox 202 2660 291 2693; x_wconf 80' lang='lat' dir='ltr'><strong>mine</strong></span> <span class='ocrx_word' id='word_1_242' title='bbox 312 2662 456 2691; x_wconf 66' lang='lat' dir='ltr'><strong>aeorum.</strong></span> <span class='ocrx_word' id='word_1_243' title='bbox 490 2656 530 2690; x_wconf 89' lang='lat' dir='ltr'><strong>Si</strong></span> <span class='ocrx_word' id='word_1_244' title='bbox 550 2658 629 2689; x_wconf 80' lang='lat' dir='ltr'><strong>sunt</strong></span> <span class='ocrx_word' id='word_1_245' title='bbox 652 2655 852 2689; x_wconf 78' lang='lat' dir='ltr'><strong>Puteaneus</strong></span> <span class='ocrx_word' id='word_1_246' title='bbox 864 2680 874 2699; x_wconf 87' lang='lat'><strong>,</strong></span> 
     </span>
     <span class='ocr_line' id='line_1_41' title="bbox 205 2704 877 2754; baseline -0.006 -11"><span class='ocrx_word' id='word_1_247' title='bbox 205 2708 329 2754; x_wconf 80' lang='lat' dir='ltr'><strong>aliique</strong></span> <span class='ocrx_word' id='word_1_248' title='bbox 354 2714 424 2743; x_wconf 86' lang='lat' dir='ltr'><strong>tres</strong></span> <span class='ocrx_word' id='word_1_249' title='bbox 442 2719 450 2742; x_wconf 90' lang='lat'>:</span> <span class='ocrx_word' id='word_1_250' title='bbox 474 2719 536 2753; x_wconf 85' lang='lat' dir='ltr'><strong>pro</strong></span> <span class='ocrx_word' id='word_1_251' title='bbox 561 2719 707 2740; x_wconf 86' lang='lat' dir='ltr'><strong>amorum</strong></span> <span class='ocrx_word' id='word_1_252' title='bbox 717 2732 726 2746; x_wconf 86' lang='lat'><em>‚</em></span> <span class='ocrx_word' id='word_1_253' title='bbox 755 2704 877 2740; x_wconf 88' lang='lat' dir='ltr'><strong>decem</strong></span> 
     </span>
     <span class='ocr_line' id='line_1_42' title="bbox 203 2757 877 2805; baseline -0.004 -9"><span class='ocrx_word' id='word_1_254' title='bbox 203 2759 305 2805; x_wconf 85' lang='lat' dir='ltr'><strong>libri,</strong></span> <span class='ocrx_word' id='word_1_255' title='bbox 321 2774 470 2804; x_wconf 63' lang='lat' dir='ltr'><strong>avorum,</strong></span> <span class='ocrx_word' id='word_1_256' title='bbox 488 2758 581 2805; x_wconf 86' lang='lat' dir='ltr'><strong>quod</strong></span> <span class='ocrx_word' id='word_1_257' title='bbox 592 2757 877 2804; x_wconf 83' lang='lat' dir='ltr'><strong>praeponendum.</strong></span> 
     </span>
    </p>
   </div>
   <div class='ocr_carea' id='block_1_17' title="bbox 930 1919 1609 2436">
    <p class='ocr_par' dir='ltr' id='par_1_23' title="bbox 930 1919 1606 2113">
     <span class='ocr_line' id='line_1_43' title="bbox 972 1919 1601 1970; baseline 0.011 -18"><span class='ocrx_word' id='word_1_258' title='bbox 972 1931 1046 1966; x_wconf 80' lang='lat'><strong>292.</strong></span> <span class='ocrx_word' id='word_1_259' title='bbox 1062 1919 1114 1952; x_wconf 81' lang='lat' dir='ltr'><strong>Et</strong></span> <span class='ocrx_word' id='word_1_260' title='bbox 1121 1921 1218 1954; x_wconf 74' lang='lat' dir='ltr'><strong>Jovis</strong></span> <span class='ocrx_word' id='word_1_261' title='bbox 1228 1923 1265 1953; x_wconf 83' lang='lat' dir='ltr'><strong>et</strong></span> <span class='ocrx_word' id='word_1_262' title='bbox 1274 1921 1375 1955; x_wconf 71' lang='lat' dir='ltr'><strong>leda·</strong></span> <span class='ocrx_word' id='word_1_263' title='bbox 1386 1927 1449 1957; x_wconf 86' lang='lat' dir='ltr'><strong>etc.</strong></span> <span class='ocrx_word' id='word_1_264' title='bbox 1462 1922 1518 1957; x_wconf 91' lang='lat' dir='ltr'><strong>An</strong></span> <span class='ocrx_word' id='word_1_265' title='bbox 1531 1923 1601 1970; x_wconf 77' lang='lat' dir='ltr'><strong>ille,</strong></span> 
     </span>
     <span class='ocr_line' id='line_1_44' title="bbox 930 1971 1606 2016; baseline 0.012 -12"><span class='ocrx_word' id='word_1_266' title='bbox 930 1971 990 2016; x_wconf 88' lang='lat' dir='ltr'><strong>qui</strong></span> <span class='ocrx_word' id='word_1_267' title='bbox 1000 1971 1108 2005; x_wconf 90' lang='lat' dir='ltr'><strong>modo</strong></span> <span class='ocrx_word' id='word_1_268' title='bbox 1119 1975 1320 2007; x_wconf 52' lang='lat' dir='ltr'><strong>rusticitat&amp;</strong></span> <span class='ocrx_word' id='word_1_269' title='bbox 1331 1974 1536 2010; x_wconf 84' lang='lat' dir='ltr'><strong>Menelaum</strong></span> <span class='ocrx_word' id='word_1_270' title='bbox 1547 1977 1606 2011; x_wconf 89' lang='lat' dir='ltr'><strong>in-</strong></span> 
     </span>
     <span class='ocr_line' id='line_1_45' title="bbox 931 2022 1605 2072; baseline 0.013 -17"><span class='ocrx_word' id='word_1_271' title='bbox 931 2022 1086 2056; x_wconf 83' lang='lat' dir='ltr'><strong>cusabat!</strong></span> <span class='ocrx_word' id='word_1_272' title='bbox 1103 2035 1134 2058; x_wconf 78' lang='lat' dir='ltr'><strong>v,</strong></span> <span class='ocrx_word' id='word_1_273' title='bbox 1152 2035 1226 2057; x_wconf 81' lang='lat'>220.</span> <span class='ocrx_word' id='word_1_274' title='bbox 1240 2023 1337 2068; x_wconf 90' lang='lat' dir='ltr'><strong>Quid</strong></span> <span class='ocrx_word' id='word_1_275' title='bbox 1350 2024 1415 2060; x_wconf 91' lang='lat' dir='ltr'><strong>hoc</strong></span> <span class='ocrx_word' id='word_1_276' title='bbox 1424 2039 1526 2072; x_wconf 86' lang='lat' dir='ltr'><strong>vero,</strong></span> <span class='ocrx_word' id='word_1_277' title='bbox 1539 2028 1605 2064; x_wconf 87' lang='lat' dir='ltr'><strong>nisi</strong></span> 
     </span>
     <span class='ocr_line' id='line_1_46' title="bbox 930 2073 1502 2113; baseline 0.009 -5"><span class='ocrx_word' id='word_1_278' title='bbox 930 2078 1075 2109; x_wconf 59' lang='grc' dir='ltr'><strong>ναι-ἥσω</strong></span> <span class='ocrx_word' id='word_1_279' title='bbox 1088 2073 1280 2110; x_wconf 87' lang='lat' dir='ltr'><strong>admodum</strong></span> <span class='ocrx_word' id='word_1_280' title='bbox 1295 2089 1411 2111; x_wconf 85' lang='lat' dir='ltr'><strong>sermo</strong></span> <span class='ocrx_word' id='word_1_281' title='bbox 1427 2079 1502 2113; x_wconf 86' lang='lat' dir='ltr'><strong>est?</strong></span> 
     </span>
    </p>

    <p class='ocr_par' dir='ltr' id='par_1_24' title="bbox 931 2127 1609 2385">
     <span class='ocr_line' id='line_1_47' title="bbox 977 2127 1605 2175; baseline 0.013 -15"><span class='ocrx_word' id='word_1_282' title='bbox 977 2128 1052 2174; x_wconf 80' lang='lat'><strong>295·</strong></span> <span class='ocrx_word' id='word_1_283' title='bbox 1067 2127 1165 2161; x_wconf 84' lang='lat' dir='ltr'><strong>Nunc</strong></span> <span class='ocrx_word' id='word_1_284' title='bbox 1174 2140 1215 2161; x_wconf 82' lang='lat' dir='ltr'><strong>ea</strong></span> <span class='ocrx_word' id='word_1_285' title='bbox 1224 2140 1401 2171; x_wconf 82' lang='lat' dir='ltr'><strong>peccemus</strong></span> <span class='ocrx_word' id='word_1_286' title='bbox 1413 2156 1423 2170; x_wconf 87' lang='lat'><strong>,</strong></span> <span class='ocrx_word' id='word_1_287' title='bbox 1440 2144 1510 2175; x_wconf 79' lang='lat' dir='ltr'><strong>quoe</strong></span> <span class='ocrx_word' id='word_1_288' title='bbox 1524 2145 1605 2168; x_wconf 81' lang='lat' dir='ltr'><strong>cor-</strong></span> 
     </span>
     <span class='ocr_line' id='line_1_48' title="bbox 931 2179 1604 2230; baseline 0.009 -16"><span class='ocrx_word' id='word_1_289' title='bbox 931 2181 1022 2223; x_wconf 70' lang='lat' dir='ltr'><strong>rigat</strong></span> <span class='ocrx_word' id='word_1_290' title='bbox 1027 2179 1253 2224; x_wconf 61' lang='lat' dir='ltr'><strong>horal&#39;ugaldr.</strong></span> <span class='ocrx_word' id='word_1_291' title='bbox 1271 2179 1322 2214; x_wconf 88' lang='lat' dir='ltr'><strong>Ea</strong></span> <span class='ocrx_word' id='word_1_292' title='bbox 1333 2182 1604 2230; x_wconf 77' lang='lat' dir='ltr'><strong>committamus,</strong></span> 
     </span>
     <span class='ocr_line' id='line_1_49' title="bbox 935 2232 1606 2277; baseline 0.01 -13"><span class='ocrx_word' id='word_1_293' title='bbox 935 2243 1012 2276; x_wconf 86' lang='lat' dir='ltr'><strong>quae</strong></span> <span class='ocrx_word' id='word_1_294' title='bbox 1023 2237 1140 2277; x_wconf 84' lang='lat' dir='ltr'><strong>postea</strong></span> <span class='ocrx_word' id='word_1_295' title='bbox 1153 2232 1418 2268; x_wconf 87' lang='lat' dir='ltr'><strong>matrimonium</strong></span> <span class='ocrx_word' id='word_1_296' title='bbox 1430 2236 1606 2272; x_wconf 86' lang='lat' dir='ltr'><strong>emenda-</strong></span> 
     </span>
     <span class='ocr_line' id='line_1_50' title="bbox 935 2283 1609 2335; baseline 0.012 -18"><span class='ocrx_word' id='word_1_297' title='bbox 935 2283 996 2318; x_wconf 85' lang='lat' dir='ltr'><strong>bit.</strong></span> <span class='ocrx_word' id='word_1_298' title='bbox 1015 2302 1059 2309; x_wconf 93' lang='lat'><em>-</em></span> <span class='ocrx_word' id='word_1_299' title='bbox 1078 2286 1239 2330; x_wconf 62' lang='lat' dir='ltr'><strong>Comgrzr,</strong></span> <span class='ocrx_word' id='word_1_300' title='bbox 1271 2286 1373 2321; x_wconf 85' lang='lat' dir='ltr'><strong>multi</strong></span> <span class='ocrx_word' id='word_1_301' title='bbox 1396 2300 1437 2322; x_wconf 86' lang='lat' dir='ltr'><strong>ex</strong></span> <span class='ocrx_word' id='word_1_302' title='bbox 1464 2289 1609 2335; x_wconf 81' lang='lat' dir='ltr'><strong>scriptis.</strong></span> 
     </span>
     <span class='ocr_line' id='line_1_51' title="bbox 937 2335 1607 2385; baseline 0.007 -12"><span class='ocrx_word' id='word_1_303' title='bbox 937 2335 1086 2373; x_wconf 72' lang='lat' dir='ltr'><strong>Sci-iver.</strong></span> <span class='ocrx_word' id='word_1_304' title='bbox 1105 2344 1140 2372; x_wconf 88' lang='lat' dir='ltr'><strong>et</strong></span> <span class='ocrx_word' id='word_1_305' title='bbox 1161 2338 1311 2384; x_wconf 87' lang='lat' dir='ltr'><strong>Moreti,</strong></span> <span class='ocrx_word' id='word_1_306' title='bbox 1329 2345 1482 2385; x_wconf 56' lang='lat' dir='ltr'><strong>comgat.</strong></span> <span class='ocrx_word' id='word_1_307' title='bbox 1498 2342 1607 2379; x_wconf 83' lang='lat' dir='ltr'><strong>Bene.</strong></span> 
     </span>
    </p>

    <p class='ocr_par' dir='ltr' id='par_1_25' title="bbox 981 2390 1609 2436">
     <span class='ocr_line' id='line_1_52' title="bbox 981 2390 1609 2436; baseline 0.011 -14"><span class='ocrx_word' id='word_1_308' title='bbox 981 2402 1054 2436; x_wconf 81' lang='lat'>299.</span> <span class='ocrx_word' id='word_1_309' title='bbox 1075 2390 1215 2424; x_wconf 69' lang='lat' dir='ltr'><strong>Cressia.</strong></span> <span class='ocrx_word' id='word_1_310' title='bbox 1235 2391 1377 2431; x_wconf 79' lang='lat' dir='ltr'><strong>Cretica,</strong></span> <span class='ocrx_word' id='word_1_311' title='bbox 1392 2392 1523 2428; x_wconf 77' lang='lat' dir='ltr'><strong>Douzae</strong></span> <span class='ocrx_word' id='word_1_312' title='bbox 1533 2394 1609 2429; x_wconf 83' lang='lat' dir='ltr'><strong>cod.</strong></span> 
     </span>
    </p>
   </div>
   <div class='ocr_carea' id='block_1_18' title="bbox 937 2440 1611 2541">
    <p class='ocr_par' dir='ltr' id='par_1_26' title="bbox 937 2440 1611 2541">
     <span class='ocr_line' id='line_1_53' title="bbox 980 2440 1611 2490; baseline 0.01 -15"><span class='ocrx_word' id='word_1_313' title='bbox 980 2440 1056 2475; x_wconf 81' lang='lat'><strong>302.</strong></span> <span class='ocrx_word' id='word_1_314' title='bbox 1083 2443 1201 2476; x_wconf 79' lang='lat' dir='ltr'><strong>Curam</strong></span> <span class='ocrx_word' id='word_1_315' title='bbox 1221 2456 1317 2487; x_wconf 69' lang='lat' dir='ltr'><em>agas.</em></span> <span class='ocrx_word' id='word_1_316' title='bbox 1346 2444 1515 2490; x_wconf 86' lang='lat' dir='ltr'><strong>Quinque</strong></span> <span class='ocrx_word' id='word_1_317' title='bbox 1532 2445 1611 2481; x_wconf 85' lang='lat' dir='ltr'><strong>libri</strong></span> 
     </span>
     <span class='ocr_line' id='line_1_54' title="bbox 937 2492 1610 2541; baseline 0.007 -12"><span class='ocrx_word' id='word_1_318' title='bbox 937 2493 1044 2529; x_wconf 72' lang='lat' dir='ltr'><strong>habe:</strong></span> <span class='ocrx_word' id='word_1_319' title='bbox 1061 2492 1122 2528; x_wconf 83' lang='lat' dir='ltr'><strong>sed</strong></span> <span class='ocrx_word' id='word_1_320' title='bbox 1133 2494 1233 2529; x_wconf 87' lang='lat' dir='ltr'><strong>male.</strong></span> <span class='ocrx_word' id='word_1_321' title='bbox 1246 2495 1351 2531; x_wconf 84' lang='lat' dir='ltr'><strong>Trist.</strong></span> <span class='ocrx_word' id='word_1_322' title='bbox 1362 2496 1464 2541; x_wconf 84' lang='lat' dir='ltr'><strong>lib.v,</strong></span> <span class='ocrx_word' id='word_1_323' title='bbox 1474 2497 1526 2531; x_wconf 94' lang='grc' dir='ltr'><strong>ΕΙ.</strong></span> <span class='ocrx_word' id='word_1_324' title='bbox 1537 2508 1610 2534; x_wconf 76' lang='lat' dir='ltr'><strong>vn:</strong></span> 
     </span>
    </p>
   </div>
   <div class='ocr_carea' id='block_1_19' title="bbox 942 2555 1613 2802">
    <p class='ocr_par' dir='ltr' id='par_1_27' title="bbox 942 2555 1613 2802">
     <span class='ocr_line' id='line_1_55' title="bbox 1296 2555 1534 2589; baseline 0.003 -8.829"><span class='ocrx_word' id='word_1_325' title='bbox 1296 2555 1442 2589; x_wconf 79' lang='lat' dir='ltr'><strong>cur-mque</strong></span> <span class='ocrx_word' id='word_1_326' title='bbox 1452 2556 1534 2582; x_wconf 74' lang='lat' dir='ltr'><strong>futuri</strong></span> 
     </span>
     <span class='ocr_line' id='line_1_56' title="bbox 971 2603 1609 2637; baseline 0.005 -8"><span class='ocrx_word' id='word_1_327' title='bbox 971 2603 1103 2635; x_wconf 78' lang='lat' dir='ltr'><strong>Nominis,</strong></span> <span class='ocrx_word' id='word_1_328' title='bbox 1116 2603 1206 2629; x_wconf 71' lang='lat' dir='ltr'><strong>utilius</strong></span> <span class='ocrx_word' id='word_1_329' title='bbox 1217 2603 1288 2637; x_wconf 80' lang='lat' dir='ltr'><strong>quod</strong></span> <span class='ocrx_word' id='word_1_330' title='bbox 1298 2604 1426 2636; x_wconf 69' lang='lat' dir='ltr'><strong>latuisset,</strong></span> <span class='ocrx_word' id='word_1_331' title='bbox 1435 2613 1492 2637; x_wconf 66' lang='lat' dir='ltr'><strong>ago.</strong></span> <span class='ocrx_word' id='word_1_332' title='bbox 1504 2605 1609 2632; x_wconf 71' lang='lat' dir='ltr'><strong>fluns.</strong></span> 
     </span>
     <span class='ocr_line' id='line_1_57' title="bbox 984 2652 1612 2699; baseline 0.005 -13"><span class='ocrx_word' id='word_1_333' title='bbox 984 2652 1060 2687; x_wconf 81' lang='lat'><strong>303.</strong></span> <span class='ocrx_word' id='word_1_334' title='bbox 1074 2653 1202 2686; x_wconf 73' lang='lat' dir='ltr'><strong>Mau’ti.</strong></span> <span class='ocrx_word' id='word_1_335' title='bbox 1222 2653 1387 2699; x_wconf 79' lang='lat' dir='ltr'><strong>Tyranni,</strong></span> <span class='ocrx_word' id='word_1_336' title='bbox 1414 2652 1449 2687; x_wconf 86' lang='lat' dir='ltr'><strong>id</strong></span> <span class='ocrx_word' id='word_1_337' title='bbox 1466 2659 1516 2688; x_wconf 83' lang='lat' dir='ltr'><strong>est</strong></span> <span class='ocrx_word' id='word_1_338' title='bbox 1527 2680 1536 2698; x_wconf 89' lang='lat'><strong>,</strong></span> <span class='ocrx_word' id='word_1_339' title='bbox 1554 2667 1612 2690; x_wconf 88' lang='lat' dir='ltr'><strong>re-</strong></span> 
     </span>
     <span class='ocr_line' id='line_1_58' title="bbox 942 2705 1613 2752; baseline 0.004 -13"><span class='ocrx_word' id='word_1_340' title='bbox 942 2705 992 2751; x_wconf 83' lang='lat' dir='ltr'><strong>gis</strong></span> <span class='ocrx_word' id='word_1_341' title='bbox 1005 2731 1014 2749; x_wconf 95' lang='lat'><strong>,</strong></span> <span class='ocrx_word' id='word_1_342' title='bbox 1036 2705 1172 2740; x_wconf 73' lang='lat' dir='ltr'><strong>Bet-ms.</strong></span> <span class='ocrx_word' id='word_1_343' title='bbox 1183 2705 1220 2739; x_wconf 88' lang='lat' dir='ltr'><strong>in</strong></span> <span class='ocrx_word' id='word_1_344' title='bbox 1232 2705 1388 2750; x_wconf 82' lang='lat' dir='ltr'><strong>margine</strong></span> <span class='ocrx_word' id='word_1_345' title='bbox 1402 2719 1411 2749; x_wconf 85' lang='lat'>;</span> <span class='ocrx_word' id='word_1_346' title='bbox 1429 2713 1463 2742; x_wconf 89' lang='lat' dir='ltr'><strong>et</strong></span> <span class='ocrx_word' id='word_1_347' title='bbox 1474 2706 1520 2742; x_wconf 82' lang='lat' dir='ltr'><strong>ita</strong></span> <span class='ocrx_word' id='word_1_348' title='bbox 1535 2706 1613 2752; x_wconf 85' lang='lat' dir='ltr'><strong>plu-</strong></span> 
     </span>
     <span class='ocr_line' id='line_1_59' title="bbox 942 2756 1163 2802; baseline -0.009 -10"><span class='ocrx_word' id='word_1_349' title='bbox 942 2756 1023 2792; x_wconf 84' lang='lat' dir='ltr'><strong>rimi</strong></span> <span class='ocrx_word' id='word_1_350' title='bbox 1038 2756 1163 2802; x_wconf 81' lang='lat' dir='ltr'><strong>scripti.</strong></span> 
     </span>
    </p>
   </div>
  </div>
 </body>
</html>
