1884 3112
4 1541 14 1562 θ

11 1710 31 1720 υ

23 2086 31 2106 7

11 2281 32 2307 ,i

6 2451 12 2464 ἱ
26 2458 30 2459 ⁷

0 2595 27 2667 ᾧ

0 2659 23 2720 ἑξ

9 2725 18 2747 3

3 2794 23 2817 ‘r

604 235 872 283 οΕΝοΝΕ
914 211 1173 281 PARIDI.

241 332 421 392 Fertur,
442 342 488 381 et
510 349 534 381 e
557 341 715 380 nostro
742 329 917 379 saucius
938 329 1039 393 igne
1059 327 1157 377 fuit.

1512 234 1592 278 113

177 410 320 476 Quod
343 427 486 477 neque
511 407 785 473 graminibus
809 405 939 456 tellus
961 404 1148 454 secunda
1173 403 1391 464 creandis,

207 503 212 507 '
242 489 334 537 Nec
354 488 498 546 Deus,
521 485 732 535 auxilium
751 496 802 533 tu
823 482 933 533 mihi
957 481 1067 531 ferre
1090 492 1248 549 potes3

119 620 121 622 ,
177 565 240 614 Et
261 575 412 631 potes,
434 574 479 612 et
499 563 639 612 merui
661 581 673 611 :
695 561 838 624 dignae
857 559 1059 608 miserere
1080 557 1268 625 puellae;

1537 571 1598 605 155

240 639 345 691 Non
361 660 445 706 ego
463 660 564 690 cum
587 639 752 689 Danais
772 655 890 686 arma
912 647 1093 685 cruenta
1114 635 1224 684 fero.

177 720 268 771 Sed
285 732 362 769 tua
386 739 505 778 sum,
526 730 757 782 tecumque
773 714 838 762 fui
861 711 1108 780 puerilibus
1131 712 1257 760 annis
1277 731 1289 760 :

241 798 302 845 Et
323 808 419 856 tua,
444 793 567 862 quod
592 802 792 859 superest
813 788 1048 856 temporis,
1082 807 1175 837 esse
1196 805 1366 855 precor.

177 925 252 964 Nisi
267 925 361 973 quod
378 922 611 960 Callimachus
625 926 729 960 ἵππους
738 926 851 964 vocat,

174 992 261 1026 quas
278 978 335 1014 hic
351 975 500 1014 Ovidius
520 987 647 1011 vaccas
661 973 754 1009 dicit.
780 972 854 1009 Sed

174 1031 213 1066 in
226 1030 294 1066 hoc
308 1042 383 1066 non
394 1028 547 1064 multum
562 1026 746 1063 momenti.
760 1026 853 1061 Mic.

173 1101 220 1111 -
241 1083 340 1118 Bene
359 1082 528 1126 Bepcttvr
540 1082 645 1124 opz‘s·
635 1105 641 1113 .
664 1078 735 1124 ipse
756 1077 854 1113 enim

175 1133 269 1182 apud
287 1133 476 1177 Nostrum,
492 1138 529 1167 et
549 1131 744 1177 fugientem
761 1129 854 1166 allo-

174 1199 287 1234 quens
299 1184 411 1222 Penei
424 1183 553 1219 filiam:

161 1248 316 1274 ,Inventum
331 1245 461 1271 medicina
475 1253 563 1271 meum
578 1248 618 1269 est
631 1252 640 1276 ς
659 1242 795 1278 opiferque
809 1250 856 1276 per

274 1295 364 1321 orbem
399 1319 401 1321 .

176 1345 276 1375 mcor,
294 1349 345 1369 ete.
362 1343 487 1369 Maru!-
503 1349 533 1373 1,
550 1342 607 1366 521.

225 1395 296 1428 152.
312 1393 364 1427 Et
373 1400 395 1427 e
410 1394 524 1426 aostm
536 1392 675 1425 saucius
687 1391 765 1434 igne
771 1386 856 1432 fuit.

178 1444 287 1482 Pauci
301 1443 437 1480 codices
446 1469 456 1487 ,
471 1448 526 1486 et,
541 1447 619 1488 post
634 1439 854 1488 Gryphium,

176 1497 389 1533 recentiores
409 1493 571 1541 quadam
585 1492 755 1529 editiones
770 1505 779 1527 ε
793 1494 856 1526 di-

174 1553 281 1591 citur,
297 1553 336 1584 et
349 1550 489 1590 noslm5
512 1544 574 1582 sed
591 1544 803 1590 antiquiores
820 1549 858 1579 et

176 1601 404 1638 Aldinaecum
414 1596 747 1635 Lovaniensicodice
765 1595 857 1641 :ser-

175 1658 235 1690 tur
243 1658 282 1690 et
294 1666 318 1689 a
331 1656 469 1695 ποιέῃς
499 1648 595 1696 quod
617 1648 833 1696 praetulimus
846 1660 856 1683 :

172 1720 199 1742 a
212 1705 269 1742 hic
285 1704 429 1752 ponitur
441 1715 506 1751 pro
515 1706 607 1749 post.
628 1701 760 1737 Sensus
782 1707 834 1736 est
848 1713 857 1736 :

175 1758 329 1796 Phoebus
346 1785 357 1804 ,
396 1763 580 1804 postquam
608 1767 666 1789 me
698 1753 826 1789 amavit
843 1778 854 1796 ,

174 1811 283 1848 etiam
294 1809 470 1846 Alcestida
483 1807 548 1851 (de
560 1807 737 1843 Alceslide
749 1813 856 1851 quam

177 1863 333 1905 Phoebus
344 1861 482 1906 amarit,
493 1860 608 1906 legere
622 1871 679 1893 me
692 1870 767 1893 non
778 1870 857 1893 me-

175 1915 294 1951 mini:
311 1914 448 1950 veriora
471 1912 566 1948 dabit
592 1909 787 1946 Broukhus.
812 1909 857 1945 ad

176 1967 305 2003 Tibull.
312 1966 398 2012 11,3,
411 1979 430 2001 2
434 1963 594 2010 .)deinde
606 1963 744 1998 amavit.
756 1961 857 2007 Quid

177 2019 259 2055 miri
286 2031 394 2065 ergo,
423 2016 452 2052 si
477 2020 625 2061 repertor
645 2013 827 2050 medicinae
844 2040 854 2059 ,

177 2078 215 2108 et
229 2071 290 2118 qui
305 2070 394 2106 mihi
407 2068 560 2104 medicas
581 2074 671 2103 artes
686 2065 828 2102 tradidit
844 2092 856 2111 ,

176 2123 250 2170 ipse
265 2122 390 2167 adhuc,
401 2128 585 2168 postquam
594 2132 653 2155 me
667 2125 855 2163 amaverat,

178 2189 253 2211 non
266 2175 418 2222 potuerit
428 2174 471 2210 ab
483 2185 602 2209 amore
611 2185 647 2208 se
660 2170 855 2215 continere,

178 2228 290 2264 since
305 2239 370 2274 ego
381 2253 392 2272 ,
410 2233 547 2272 accepta
564 2223 731 2260 medendi
753 2229 827 2259 arte
845 2248 856 2268 ,

179 2278 342 2315 nondum
352 2278 578 2314 resanuerim.
590 2277 723 2313 Passim
738 2282 858 2311 autem

179 2330 377 2378 praepositio
392 2329 466 2366 haee
475 2329 524 2365 ita
534 2343 553 2364 a
564 2330 694 2366 Nostro
704 2328 857 2375 ponitur.

178 2403 223 2410 —
231 2385 268 2419 E
278 2387 392 2418 nostro
399 2385 487 2427 igne,
498 2381 584 2416 mihi
594 2381 793 2427 simpliciter
806 2386 858 2416 est

178 2435 222 2470 ab
238 2434 364 2470 eodem
378 2437 474 2479 igne,
492 2446 562 2479 quo
581 2433 687 2468 etiam
707 2445 771 2468 nos
785 2431 857 2467 fla·-

178 2500 328 2534 gramm.
344 2487 507 2522 Lmuml’.
522 2485 641 2521 Recte.

227 2539 288 2575 153
298 2566 309 2586 ,
336 2541 408 2584 154.
441 2539 541 2583 Quod
563 2550 667 2584 neque
689 2539 858 2583 gramini-

917 921 979 954 bus
991 924 1054 953 etc.
1070 919 1144 954 Nec
1157 918 1254 952 Deus
1263 944 1272 959 ,
1289 919 1453 952 auxilium
1472 921 1509 951 tu
1518 919 1604 953 mihi

906 971 1005 1017 ferte
1019 974 1129 1016 potes.
1153 970 1301 1016 Egregie
1316 996 1327 1014 ,
1350 977 1386 1005 et
1415 977 1597 1005 amantum

917 1037 1017 1058 more
1028 1050 1037 1068 ,
1058 1023 1118 1069 qui
1132 1036 1228 1058 nunc
1245 1022 1350 1057 minis
1363 1048 1373 1066 ,
1398 1035 1494 1057 nunc
1508 1036 1596 1069 pre-

917 1076 1013 1111 cibus
1028 1082 1136 1122 agunt
1149 1102 1158 1119 ‚
1176 1075 1249 1120 jam
1263 1074 1383 1109 furiosi
1397 1101 1406 1119 ,
1431 1087 1512 1110 mox
1535 1074 1599 1109 de-

918 1127 1020 1172 jecti,
1038 1139 1213 1173 nusquam
1224 1126 1277 1162 sui
1289 1126 1426 1162 similes.
1438 1126 1496 1162 Sic
1503 1126 1599 1161 Dido

919 1180 1124 1227 Virgiliana,
1137 1186 1321 1226 postquam
1334 1178 1502 1214 dirissima
1510 1190 1600 1224 quae-

919 1245 987 1278 que
1004 1232 1040 1267 in
1058 1232 1211 1267 AEneam
1227 1232 1416 1277 imprecata
1432 1237 1505 1267 est:

918 1293 962 1317 Ire
973 1292 1068 1318 iterum
1080 1292 1108 1318 in
1119 1292 1257 1326 lacrymas,
1264 1292 1358 1316 iterum
1366 1297 1464 1317 tentare
1472 1290 1601 1325 precando

917 1340 1025 1373 Cogitur
1032 1359 1042 1373 ,
1055 1347 1082 1366 et
1093 1341 1204 1374 supplex
1215 1341 1314 1366 animos
1327 1340 1479 1366 submittere
1490 1349 1571 1366 amori

965 1390 1038 1424 155.
1064 1391 1141 1424 Noa
1158 1402 1221 1433 ego
1242 1402 1316 1424 cum
1342 1389 1480 1423 Danais
1503 1401 1601 1424 amm

915 1445 1057 1478 cruenta
1057 1441 1149 1486 fem.
1161 1441 1244 1478 Non
1255 1454 1320 1488 ego
1331 1453 1431 1475 causa
1443 1440 1504 1475 tibi
1517 1441 1598 1476 belli

919 1500 956 1529 et
971 1492 1113 1540 quidem
1131 1492 1371 1528 luctuosissimi
1384 1518 1394 1537 ,
1418 1492 1512 1537 quod
1525 1505 1600 1538 rap-

918 1552 993 1580 tam
1001 1545 1177 1581 Helenam
1186 1546 1400 1591 insequetur.
1408 1544 1502 1580 Dido
1510 1558 1600 1591 quo-

920 1610 988 1644 que
1002 1611 1010 1634 ε
1025 1598 1167 1633 AEneid.
1182 1609 1239 1643 ιν,
1255 1599 1340 1642 425:

919 1658 981 1684 Nou
996 1667 1043 1692 ego
1058 1668 1120 1684 cum
1136 1659 1232 1685 Danais
1249 1659 1391 1692 Troianam
1407 1657 1558 1682 exscindeie

1017 1713 1119 1741 gentem

919 1754 1019 1783 Aulide
1035 1757 1132 1791 juravi.

968 1806 1040 1840 158.
1066 1806 1118 1841 Et
1139 1809 1216 1847 tua,
1242 1807 1334 1851 quod
1346 1809 1500 1851 superest
1514 1809 1600 1840 lem-

913 1862 1031 1903 poris,
1059 1871 1136 1893 esse
1153 1872 1280 1903 precor.
1303 1858 1350 1893 Et
1370 1858 1437 1893 fuit
1457 1858 1598 1893 etenim.

921 1910 1136 1947 vnlneratus
1158 1911 1283 1957 quippe
1299 1910 1450 1957 graviter
1472 1922 1491 1944 a
1511 1909 1599 1945 Phi-

919 1961 1046 1998 loctete
1076 1963 1175 1998 Paris
1201 1975 1313 2008 quum
1345 1961 1388 1998 ad
1427 1962 1599 2005 OEponen

919 2014 1146 2061 confugisset,
1165 2015 1246 2050 artis
1261 2026 1367 2060 opem
1385 2013 1599 2060 imploratu-

919 2080 979 2101 rus
992 2093 1002 2111 ,
1021 2079 1127 2112 quam
1143 2066 1198 2102 illa
1214 2065 1415 2112 denegavit,
1431 2066 1526 2101 inter
1541 2078 1601 2100 re—

921 2119 1104 2154 deundum
1128 2119 1166 2155 in
1186 2118 1250 2154 Ida
1276 2124 1399 2154 monte
1424 2118 1600 2164 expiravit.

922 2171 995 2207 Ubi
1020 2184 1149 2217 quum,
1178 2183 1197 2205 e
1220 2183 1340 2216 more,
1361 2184 1381 2206 a
1407 2170 1599 2217 pastoribus

920 2231 1149 2267 cremaretur,
1166 2236 1244 2269 quae
1253 2223 1355 2270 longe
1366 2229 1513 2269 sequuta
1527 2223 1600 2258 sue-

919 2284 974 2312 rat
993 2277 1157 2320 OEnone,
1181 2276 1218 2311 in
1239 2275 1406 2311 eumdem
1421 2288 1457 2311 se
1472 2287 1599 2320 rogum

920 2328 1065 2364 immisit
1083 2327 1304 2374 praecipitem.
1316 2327 1375 2363 Sic
1388 2326 1515 2373 Quint.
1527 2325 1600 2361 Ca-

920 2381 986 2416 lab.
998 2387 1027 2416 X
1037 2406 1047 2424 ,
1062 2381 1123 2426 247
1138 2386 1174 2414 et
1185 2393 1258 2426 sqq.
1274 2379 1385 2415 Paulo
1400 2379 1499 2414 aliter
1512 2378 1600 2413 Dic-

921 2440 976 2481 tys
993 2431 1107 2476 Cret-3
1121 2431 1231 2467 sedin
1244 2444 1287 2467 eo
1297 2431 1488 2476 consentit,
1506 2429 1601 2476 quod

925 2486 1098 2520 OEnonen
1130 2483 1247 2520 Paridi
1278 2483 1500 2531 superstitem
1525 2494 1599 2517 non

922 2538 1041 2575 vixisse
1058 2549 1156 2584 aeque
1172 2543 1300 2573 narrat.

728 2649 1044 2668 ψ-
