1884 3112
322 230 408 274 368

777 229 1134 274 EPISTOLA
1174 230 1286 274 XX.

383 323 603 389 Quaeque,
629 340 808 389 precor,
832 321 1010 371 veniant
1031 322 1079 369 in
1101 340 1197 370 mea
1214 320 1327 370 colla
1347 341 1503 372 manus
1521 342 1533 372 :

318 401 378 448 Et
402 399 552 457 decor,
579 410 623 446 et
639 397 787 446 vultus
810 397 903 447 sine
925 399 1167 447 rusticitate
1187 399 1427 466 pudentes;

382 478 462 534 Et,
481 475 660 524 Thetidi
685 475 835 542 quales
855 476 928 524 vix
949 495 1047 525 rear
1068 495 1182 535 esse,
1207 477 1356 543 pedes.
1682 491 1728 525 fio

321 553 474 601 Cetera
497 553 534 600 si
557 571 735 620 possem
757 552 955 611 laudare,
981 553 1155 602 beatior
1177 573 1342 612 essem;

381 630 472 678 Nec
495 629 675 689 dubito,
703 642 844 678 totum
867 630 975 697 quin
997 630 1085 679 sibi
1105 650 1187 698 par
1207 632 1266 679 sit
1289 651 1416 698 opus.

319 709 412 756 Hac
436 726 519 771 ego
543 707 818 774 compulsus,
841 727 935 756 non
957 719 1024 756 est
1043 707 1269 767 mirabile,
1293 708 1457 767 forma,

382 785 431 832 Si
447 784 611 851 pignus
634 784 755 834 volui
776 785 896 834 vocis
917 785 1082 833 habere
1107 795 1204 832 tuae.

318 860 543 926 Denique,
569 861 675 910 dum
697 874 869 929 captam
890 873 940 909 tu
959 872 1002 910 te
1023 879 1180 924 cogare
1202 859 1327 909 fateri
1342 898 1354 918 ,
1685 875 1732 908 65

382 937 561 985 Insidiis
585 949 681 986 esto
705 950 833 1005 capta
854 936 1004 1005 puella
1022 939 1145 986 meis.

317 1013 532 1062 Invidiam
552 1015 721 1080 patiar:
739 1033 871 1081 passo
896 1032 975 1063 sua
995 1014 1174 1080 praemia
1195 1013 1366 1061 (lentur.

386 1091 477 1139 Cur
499 1108 606 1138 suus
630 1110 656 1139 a
678 1102 804 1138 tanto
830 1091 1010 1139 crimine
1032 1091 1202 1139 finctus
1225 1091 1382 1139 abest?

319 1168 547 1217 Hesionen
570 1167 806 1227 Telamon,
829 1168 1030 1216 Briseida
1053 1167 1170 1234 cepit
1186 1166 1411 1216 Achilles:

383 1248 582 1312 Utraque
606 1246 816 1295 victorem
838 1265 995 1312 nempe
1019 1257 1167 1294 secuta
1190 1264 1331 1293 suum.
1691 1270 1734 1291 no

321 1321 579 1387 Quamlibet
601 1340 800 1381 accuses,
828 1334 873 1372 et
895 1322 955 1370 sis
979 1323 1089 1370 irata
1111 1321 1289 1378 licebit;

383 1402 500 1448 Irata
522 1399 652 1448 liceat
675 1400 782 1449 dum
804 1400 915 1448 mihi
938 1418 1069 1466 posse
1092 1399 1194 1447 frui.

320 1476 479 1535 Iidem,
501 1476 578 1543 qui
601 1475 804 1535 facimus,
827 1475 987 1525 factam
1010 1476 1290 1524 tenuabimus
1313 1475 1421 1523 iram
1440 1493 1451 1522 :

319 1568 322 1571 ’
386 1555 457 1603 Sit
479 1554 614 1602 modo
638 1554 861 1620 placandae
881 1554 1008 1620 copia
1030 1573 1163 1620 parva
1187 1553 1265 1601 tui.

362 1694 416 1728 58.
430 1694 570 1738 Quaque
576 1706 702 1737 precor.
717 1694 871 1737 Quasque
881 1692 994 1738 prima

318 1744 425 1780 editio
439 1758 521 1780 cum
536 1745 692 1790 plurimis
702 1745 844 1790 scriptis.
859 1745 992 1779 Hmns.

362 1797 417 1832 50.
439 1799 489 1832 Et
523 1799 662 1831 Thetidi
680 1799 805 1842 quales.
835 1797 994 1831 Pertinet

319 1850 385 1885 hoc
401 1850 442 1884 ad
462 1850 693 1885 Homericum
709 1848 905 1894 epitheton,
922 1859 992 1893 quo

320 1902 443 1936 Thetis
460 1903 644 1952 ἀργυρόπεζα
660 1901 702 1935 ab
719 1901 880 1935 Homero
902 1899 995 1934 dici-

320 1960 390 1998 tur,
400 1954 466 1988 hoc
477 1961 528 1988 est
535 1979 544 1997 ,
554 1953 658 1999 pedes
666 1959 847 1998 argenteos
854 1951 995 1986 habens.

320 2025 364 2032 -—
389 2008 491 2040 Rear.
513 2005 571 2040 Sic
590 2005 702 2050 prima
722 2004 850 2047 editio,
873 2004 998 2038 Putea-

320 2071 425 2101 neus‚
441 2064 476 2093 et
486 2057 540 2092 alii
551 2057 748 2102 complures
766 2056 887 2091 :bene
905 2055 996 2100 Lege

322 2110 428 2145 etiam
437 2136 447 2153 ,
464 2111 615 2144 Thetidi:
625 2121 709 2144 nam
719 2109 757 2142 in
769 2106 998 2152 Gottorphia-

320 2174 368 2196 no
381 2188 390 2205 ‚
415 2163 586 2196 Thetidem
601 2163 662 2195 vel
679 2162 808 2195 Veneri.

363 2214 418 2248 (32.
439 2215 512 2248 Nec
525 2215 639 2247 dubito
656 2217 761 2247 totum
780 2219 843 2246 etc.
860 2211 998 2246 Subse-

321 2272 467 2310 quentes
481 2277 490 2298 t
505 2267 578 2300 Nec
591 2267 706 2299 dubito
721 2268 825 2299 lotum
843 2267 920 2308 quin
940 2267 998 2297 lua

314 2330 399 2361 pars
406 2320 454 2351 sit
462 2329 554 2360 opus.
571 2318 742 2360 Tibipars,
752 2316 864 2362 prima
874 2314 979 2350 editio
989 2328 997 2350 :

322 2376 471 2414 quatuor
480 2369 613 2414 scripti,
625 2371 766 2413 libipar.
777 2367 998 2413 Gottorphia-

321 2434 388 2455 nus
400 2428 435 2455 et
449 2421 545 2466 prior
558 2421 690 2455 Moreti
707 2433 770 2466 pro
787 2420 920 2454 diversa
934 2419 997 2453 lec—

322 2473 431 2516 tione,
441 2475 594 2517 sibipar:
602 2472 780 2518 quomodo
789 2470 997 2517 jampridem

323 2537 394 2558 esse
402 2524 659 2559 restituendum
666 2525 870 2568 divinaram,
876 2524 996 2559 Amor.

323 2574 345 2610 l.
359 2586 387 2609 11
401 2601 411 2619 ,
430 2575 526 2622 Eleg.
541 2587 581 2612 vl
594 2602 603 2620 ,
620 2576 685 2611 60:

324 2651 328 2654 ·
514 2636 645 2660 Tumulu-
656 2645 703 2669 pro
713 2644 818 2669 corpore
831 2644 927 2669 parvus
936 2654 946 2667 ,

353 2683 413 2715 Quo
423 2683 488 2716 lupis
498 2685 607 2716 exiguus
620 2692 666 2717 pm·
679 2684 728 2708 sibi
739 2693 841 2708 cannen
850 2683 934 2709 habet.

326 2729 373 2770 Et
389 2730 621 2777 Metamorph.
641 2743 713 2775 x11,
731 2733 804 2767 618.
822 2733 953 2769 Hmss.

1100 1692 1154 1736 64.
1174 1690 1215 1726 Si
1226 1695 1352 1736 ptgrnus
1377 1693 1477 1726 volui
1493 1695 1588 1727 vocis
1612 1693 1734 1726 habere

1057 1747 1130 1778 luae.
1156 1744 1208 1778 Ut
1231 1744 1302 1789 ipsa
1321 1750 1354 1778 te
1372 1743 1459 1777 mihi
1473 1742 1682 1789 sponderes,
1699 1751 1735 1777 et

1058 1795 1175 1829 datam
1204 1795 1412 1830 sacramenti
1433 1794 1602 1841 religione
1626 1794 1735 1830 fidem

1059 1848 1236 1893 obligares.

1103 1900 1156 1945 67.
1180 1901 1248 1934 Sua
1254 1901 1401 1943 praemia.
1412 1899 1495 1933 Mea
1503 1901 1642 1943 premia
1657 1897 1736 1934 Ex·-

1061 1958 1178 1997 cerpta
1193 1951 1334 1985 Douzae.

1104 2004 1156 2051 69.
1181 2005 1352 2038 Hesionen
1374 2005 1543 2041 Telamon.
1566 2002 1737 2038 Hercules

1061 2067 1172 2101 quum
1182 2051 1421 2090 Laomedonta
1429 2055 1464 2090 in
1469 2055 1737 2099 terfecissetffe-

1061 2107 1192 2141 lamoni
1204 2133 1213 2151 ,
1228 2106 1321 2152 quod
1336 2107 1468 2152 primus
1484 2106 1589 2142 Ilium
1602 2107 1736 2141 intras—

1061 2166 1133 2203 set,
1158 2160 1351 2195 Hesionam
1375 2159 1508 2205 praemii
1529 2158 1605 2193 loco
1630 2158 1740 2194 dedit.

1062 2211 1304 2257 Apollodorus,
1319 2222 1362 2256 11,
1372 2212 1395 2246 6
1408 2225 1416 2253 ;
1436 2221 1494 2254 111,
1508 2225 1520 2245 1
1530 2225 1541 2246 1
1557 2216 1739 2256 εΤελαμῶντ

1062 2265 1201 2309 &pig-stov
1213 2258 1342 2305 fieco'vnu
1356 2269 1410 2305 τὴν
1426 2266 1633 2308 Λαομέδοντος
1642 2270 1737 2308 θυγα-

1061 2319 1132 2366 τέρα
1146 2321 1257 2353 δίδωσι
1266 2342 1275 2360 ,
1289 2318 1321 2361 ἓξ
1338 2319 1373 2357 ἧς
1384 2319 1464 2365 αὐτῷ
1473 2321 1589 2361 γίνεται
1601 2323 1736 2366 Τεῦκρος.

1065 2368 1170 2403 Clor.
1195 2387 1239 2395 -—-
1260 2370 1421 2403 Briseida
1453 2371 1545 2413 cepit
1571 2369 1737 2403 AEhYIes.

1065 2422 1190 2466 Quum
1207 2421 1419 2468 Lyrnessum
1437 2423 1672 2466 expugnasset.

1107 2486 1158 2520 7⁰·
1176 2474 1321 2518 Ulraque
1330 2475 1488 2507 victorem
1498 2485 1614 2517 nempe
1621 2475 1739 2506 secula

1061 2538 1164 2560 suum.
1187 2527 1286 2560 Victa
1305 2530 1439 2567 secula,
1465 2523 1737 2569 Gottorphianus

1063 2585 1098 2613 et
1115 2591 1205 2612 unus
1221 2577 1489 2613 Ambrosianus:
1505 2583 1634 2622 argute.
1645 2575 1736 2610 Pro-

1062 2638 1150 2676 pert.
1165 2630 1221 2665 lib.
1236 2640 1283 2664 111
1295 2656 1305 2674 ‚
1324 2641 1363 2664 lx
1375 2656 1385 2674 ‚
1408 2629 1446 2664 15
1459 2642 1467 2664 :

1097 2686 1170 2714 Vicit
1180 2688 1306 2711 victorem
1319 2685 1427 2710 candida
1437 2685 1519 2711 sot-mn
1530 2684 1624 2710 virum.
1658 2683 1696 2707 R.

1108 2736 1158 2778 74.
1181 2736 1363 2769 Placandae
1378 2737 1437 2768 tui.
1451 2733 1615 2768 Meliores
1627 2758 1637 2776 ,
1655 2744 1734 2767 cum
