1884 3112
286 235 364 278 128

307 1016 360 1062 49.
391 1017 479 1050 Villo
489 1018 682 1060 spectabilis·
696 1029 806 1053 aureo.
827 1018 934 1054 Multi

260 1065 406 1109 codices,
408 1066 507 1110 fuluo
514 1070 709 1112 speclabt'ltir
715 1082 805 1109 auro,
814 1076 856 1111 ut¹
861 1073 936 1104 vel-

259 1115 436 1161 lerafidva
448 1130 551 1163 supra
560 1118 660 1160 dixin
679 1119 739 1154 sed
753 1120 839 1155 nihil
853 1134 935 1155 mu-

260 1167 408 1203 tandum
419 1175 559 1204 temere.
571 1170 648 1205 Val.
656 1171 746 1206 Flac.
756 1183 840 1216 v111,
855 1186 913 1207 122
925 1186 933 1208 ε

503 1248 511 1255 .
520 1249 527 1255 .
539 1248 545 1255 .
569 1231 698 1265 Villisque
708 1238 850 1258 comantem

260 1277 370 1303 sidereis
379 1283 445 1304 totos
455 1279 547 1311 pellem
555 1288 624 1304 nunc
632 1279 718 1305 fundit
728 1281 754 1305 in
763 1287 843 1306 artus.

304 1328 357 1360 50.
375 1328 451 1363 Non
460 1332 553 1362 senis
562 1329 672 1363 AEetae
681 1335 745 1364 etc.
756 1329 790 1364 Is
799 1330 936 1365 Medeae

261 1384 379 1423 pater,
405 1378 494 1414 Solis
511 1386 546 1414 et
571 1380 686 1415 Persae
709 1380 819 1425 filius,
845 1382 937 1427 apud

262 1442 368 1474 quem
390 1443 536 1465 aureum
562 1430 669 1466 vellus
692 1433 936 1467 asservabatur.

260 1498 304 1507 -—·
317 1481 441 1517 Totius
449 1482 514 1517 loci
523 1495 641 1518 sensus
653 1490 704 1518 est
716 1496 724 1517 ι
737 1483 836 1528 Quid
848 1484 935 1519 mihi

260 1546 447 1569 commune
460 1547 541 1569 cum
551 1534 779 1580 Argonautis-3
797 1548 912 1570 cur-ve
923 1562 934 1580 ,

260 1599 370 1631 quum
385 1586 533 1622 Colchos
549 1595 708 1633 peterent
720 1614 729 1631 ,
752 1588 860 1622 vellus
876 1601 935 1622 re·-

257 1638 372 1682 laturi,
387 1638 548 1673 Lemnon
560 1639 794 1685 adpulerunt?
813 1639 934 1684 Quam

257 1690 439 1736 magnifice
455 1698 572 1726 autem
583 1699 618 1726 et
632 1692 738 1726 amice
756 1691 858 1727 simul
869 1691 893 1725 J
896 1704 935 1725 a·-

257 1754 381 1777 sonem
393 1749 428 1777 et
435 1743 541 1778 socios
548 1744 718 1789 exceperit
727 1743 931 1790 Hypsipyle,

259 1801 378 1829 narrat
396 1796 512 1830 Valer.
530 1795 640 1830 Flacc.
657 1807 708 1838 11,
727 1795 810 1837 310,
828 1807 901 1839 sqq.

299 1847 351 1879 51.
382 1849 483 1881 Certa
497 1847 563 1892 fui
577 1850 684 1891 pn‘mo
705 1853 767 1881 etc.
793 1845 835 1880 Id
859 1853 932 1880 est:

255 1909 355 1932 mens
372 1898 483 1944 prima
506 1899 619 1933 suerat
640 1899 808 1933 Jasonem
824 1906 859 1932 et
872 1911 933 1932 co-

255 1949 356 1984 mites
377 1950 477 1986 litore
500 1949 688 1985 Lemniaco
719 1950 931 1996 propellere;

255 2000 316 2035 sed
332 2014 407 2046 quae
424 2015 519 2036 nunc
535 2015 592 2036 me
609 2008 756 2048 tangunt
770 2028 779 2045 ,
800 2002 868 2036 sata
881 2002 932 2035 in-

255 2053 362 2087 vitam
376 2054 577 2096 trahebant;
593 2053 741 2099 ideoque
753 2053 931 2088 venientes

255 2109 384 2150 recepi,
409 2112 445 2140 et
459 2106 483 2139 J
485 2118 627 2140 asonem
642 2105 799 2151 inprimis
816 2109 931 2139 tecto-

255 2169 317 2200 que
329 2182 338 2200 ,
366 2161 539 2202 animoque
556 2157 565 2192 l
596 2157 643 2191 Et
668 2157 779 2202 reipsa
807 2155 930 2202 Argo-

256 2214 378 2243 nautas
406 2209 560 2254 primum
587 2208 795 2243 Lemniades
827 2207 930 2242 armis

253 2265 472 2295 tentaverant
492 2260 641 2305 hospitio
661 2259 844 2305 prohibere
857 2285 867 2303 ,
894 2266 931 2294 et

255 2323 408 2356 pugnam
423 2312 582 2347 describit
596 2312 725 2347 Statius
736 2338 745 2356 ,
765 2311 876 2346 Theb.
891 2322 927 2355 v,

255 2363 341 2406 350,
369 2376 441 2408 sqq.
467 2383 510 2390 -—
529 2365 627 2398 Mala
635 2364 720 2408 fata
745 2365 930 2398 trahebant.

255 2413 397 2449 Plautus
406 2415 443 2449 in
451 2414 677 2449 Bacchidibus
689 2428 696 2449 ε
709 2417 776 2450 Pro
791 2416 929 2449 libidine

245 2464 331 2507 fala
343 2471 449 2510 agunt
462 2468 620 2500 homines.
637 2466 740 2502 Clor.
765 2467 836 2501 Pro
855 2478 929 2500 mea

246 2515 347 2558 sala,
367 2520 458 2551 mala
464 2518 549 2563 sata
570 2519 784 2562 Puteaneus,
802 2524 838 2552 et
858 2517 928 2551 duo

255 2566 309 2599 alii
322 2580 329 2600 ε
342 2567 388 2601 sic
398 2572 506 2604 malus
516 2577 648 2605 erl-oret
660 2570 791 2605 similia.
802 2569 928 2604 Noster

255 2616 293 2650 in
310 2617 464 2653 Amorib.
480 2633 542 2665 111,
561 2621 658 2667 Eleg.
675 2633 712 2655 1x
725 2647 734 2665 ,
754 2621 813 2654 35:

257 2677 345 2707 Quum
358 2678 457 2709 rapiant
474 2680 616 2716 malafata
628 2681 717 2706 bonos.

257 2725 388 2761 Eadem
397 2727 539 2761 varietas
548 2728 606 2762 inf.
616 2728 723 2773 Epist.
732 2739 800 2772 ΧΠ,
814 2729 865 2762 35.
879 2728 926 2762 Η.

744 240 1087 287 EPISTOL‘A
1124 242 1211 292 VI.

272 326 376 397 Non
397 336 489 375 erat
510 326 581 381 hic
603 329 714 377 aries
737 330 841 379 villo
866 333 1116 399 spectabilis
1139 352 1292 394 aure03

336 402 439 449 Non
460 403 574 451 senis
598 405 735 454 AEetae
758 408 904 469 regia:
924 410 1114 459 Lemnos
1137 423 1240 460 erat.

273 480 401 527 Certa
418 479 482 528 fui
503 480 669 547 primo,
695 483 772 533 sed
793 501 861 534 me
882 485 995 535 mala
1016 487 1105 536 fata
1129 487 1380 547 trahebant,

336 555 526 621 Hospita
542 556 725 607 feminea
746 560 920 626 pellere>
933 575 1073 610 eastra
1095 582 1227 612 manu
1245 584 1256 622 ;

267 632 612 699 Lemniadesque
634 634 775 694 viros,
799 635 984 684 nimium
1008 656 1210 705 quoque,
1234 640 1403 690 vincere
1428 653 1606 690 norunt.

330 709 475 759 Milite
498 722 586 760 tam
607 711 713 759 forti
735 712 823 761 vita
846 713 1008 762 tuenda
1031 713 1126 762 fuit.

269 785 390 834 Urbe
413 787 552 835 virum
575 787 684 846 vidi,
710 800 913 856 tectoque
936 790 1170 856 animoque
1190 779 1360 858 recepi:
1630 808 1672 843 55

330 863 414 912 Hic
437 863 520 913 tibi
540 864 698 931 bisque
723 877 868 923 aestas,
892 866 1050 932 bisque
1070 869 1262 916 cucurrit
1283 868 1436 931 hiems.

1043 1022 1093 1054 52.
1122 1021 1253 1055 Pellere
1280 1024 1393 1055 castra
1411 1032 1520 1054 manu.
1538 1019 1670 1060 Domo,

999 1071 1111 1106 Vossii
1124 1079 1281 1118 excerpta
1295 1079 1330 1106 et
1345 1071 1451 1107 codex
1469 1071 1590 1114 Junii;
1608 1069 1670 1105 sed

998 1123 1083 1157 nihil
1100 1123 1308 1158 mutandum
1322 1122 1672 1168 suadent‘sequentia.

1002 1178 1123 1211 Castra
1148 1188 1232 1210 vero
1258 1175 1313 1210 hic
1336 1182 1428 1211 recte
1452 1174 1671 1210 Hubertinus

998 1227 1140 1263 classem
1147 1227 1406 1273 interpretatur.
1420 1226 1516 1272 Virg.
1527 1235 1580 1269 lv,
1587 1225 1654 1269 604
1661 1236 1671 1259 ε

1265 1282 1343 1307 Faces
1357 1282 1384 1306 in
1395 1287 1483 1307 castra
1495 1280 1620 1306 tulissem.

1001 1329 1073 1364 Ubi
1088 1328 1155 1364 vid.
1170 1329 1267 1365 Serv.
1288 1329 1416 1364 Bunm.

1042 1382 1094 1425 54.
1120 1383 1235 1416 ΜἸίίε
1260 1386 1328 1415 tam
1341 1380 1436 1426 sorti
1455 1383 1529 1415 vila
1549 1381 1672 1415 tuenda

987 1431 1072 1475 suit.
1085 1431 1153 1466 Alii
1167 1436 1255 1477 ηψπ,
1272 1431 1365 1477 quod
1379 1431 1526 1467 Heinsio
1536 1443 1610 1465 non
1624 1430 1672 1465 ita

974 1478 979 1485 ’
998 1483 1195 1528 displicebat
1205 1510 1214 1527 ,
1226 1496 1268 1518 eo
1279 1483 1371 1529 quod
1385 1486 1490 1527 njvam
1500 1494 1563 1529 pro
1575 1483 1673 1516 litam

995 1535 1086 1570 sumi
1095 1561 1105 1579 ,
1117 1548 1191 1569 non
1200 1535 1389 1579 insolitum,
1401 1535 1456 1569 vel
1465 1533 1557 1580 apud
1565 1533 1667 1579 scrip-

996 1594 1088 1621 tores
1103 1587 1242 1632 optirnae
1256 1594 1368 1629 notae3
1387 1593 1423 1621 et
1433 1598 1509 1621 non
1520 1585 1563 1621 de
1575 1588 1669 1626 vita,

994 1637 1054 1673 sed
1063 1636 1105 1671 de
1117 1639 1259 1682 bospitio
1265 1645 1474 1679 arenoe,tunc
1480 1643 1668 1672 certamen.

1039 1691 1091 1723 55.
1113 1690 1200 1723 Urbe
1211 1693 1315 1724 vitum
1331 1691 1412 1723 vidi.
1431 1692 1474 1723 Τὸ
1482 1690 1559 1722 vidi
1568 1686 1670 1722 vehe-

995 1746 1136 1775 menter
1160 1741 1261 1786 sriget
1275 1755 1284 1782 ;
1312 1753 1378 1783 nec
1402 1740 1526 1784 juvant
1549 1746 1669 1774 tamen

996 1792 1209 1827 membranae
1223 1799 1359 1827 nostrae.
1376 1791 1517 1827 Scribo:

994 1852 1067 1878 Urbe
1079 1853 1165 1877 virum
1177 1852 1266 1884 vidue,
1273 1857 1402 1886 tectoque,
1411 1852 1547 1885 animoque
1555 1850 1650 1883 recepi.

995 1921 1019 1926 -
1028 1903 1168 1935 Viduam
1176 1903 1286 1935 urbem
1294 1900 1470 1946 eleganter
1476 1898 1669 1944 dixit,quod

995 1952 1059 1987 viri
1075 1953 1112 1986 in
1128 1965 1169 1987 ea
1183 1965 1305 1987 omnes
1320 1952 1361 1988 ab
1377 1950 1539 1986 uxoribus
1553 1958 1668 1985 essent

994 2005 1192 2039 obtruncati
1206 2017 1214 2038 :
1230 2004 1317 2039 nihil
1327 2003 1443 2038 notius
1454 2003 1518 2038 hac
1530 2002 1643 2037 sabula
1655 2015 1667 2044 ;

994 2056 1155 2091 eamdem
1187 2056 1423 2101 conjecturam
1454 2054 1668 2100 Capoferreo

996 2109 1102 2143 etiam
1113 2108 1149 2143 in
1163 2115 1320 2143 mentem
1330 2108 1462 2143 venisse
1469 2119 1565 2142 serus
1572 2118 1667 2143 nunc

992 2159 1155 2205 intelligo.
1181 2160 1312 2195 HEINS.
1330 2177 1373 2186 -
1390 2159 1572 2204 Ingeniose
1595 2157 1667 2204 qui-

993 2211 1075 2245 dem
1090 2219 1124 2246 et
1138 2212 1396 2257 pereleganter,
1417 2218 1457 2247 ut
1476 2210 1582 2253 solet;
1605 2209 1666 2246 sed

991 2262 1039 2297 ita
1049 2275 1171 2308 parum
1180 2262 1281 2298 video
1298 2263 1391 2298 unde
1404 2269 1584 2308 tantopere
1595 2263 1671 2298 mdc·

992 2313 1058 2349 hoc
1068 2314 1132 2349 loci
1140 2314 1274 2360 frigeat,
1285 2321 1452 2349 utcontra
1460 2314 1547 2349 mihi
1554 2311 1666 2348 videa-

994 2373 1052 2401 tur
1074 2366 1243 2412 pathetice
1263 2366 1454 2401 admodum
1474 2365 1664 2411 exprimere

994 2418 1076 2463 quid
1094 2419 1239 2453 senserit
1254 2418 1461 2465 Hypsipyle,
1482 2421 1664 2461 conspecto

991 2471 1146 2516 primum
1156 2471 1192 2505 in
1202 2471 1287 2504 urbe
1298 2483 1359 2504 sua
1370 2470 1394 2504 J
1397 2482 1510 2504 asone.
1525 2468 1574 2502 Ut
1580 2467 1661 2507 m'di,

991 2526 1130 2567 utpen'i
1146 2529 1209 2557 ete.
1233 2522 1328 2567 Virg.
1349 2521 1421 2556 Ecl.
1438 2530 1527 2561 vm,
1544 2518 1597 2561 41.

1036 2574 1088 2607 56.
1113 2575 1239 2618 Bisque
1263 2577 1376 2607 astas.
1400 2571 1562 2616 Quatuor
1575 2574 1662 2601 tan—

992 2632 1069 2658 tum
1083 2637 1219 2658 menses
1236 2624 1317 2658 huic
1332 2633 1438 2657 morae
1453 2619 1571 2655 tribuit
1586 2618 1662 2651 Val.

992 2676 1102 2710 Flacc.
1117 2675 1174 2709 lib.
1189 2685 1219 2709 11
1229 2701 1238 2718 ,
1250 2675 1310 2720 367
1325 2688 1334 2715 ;
1354 2671 1464 2707 multo
1474 2668 1660 2715 elegantius

992 2734 1027 2761 et
1038 2726 1258 2764 verisimilius.
1270 2726 1425 2760 Fortasse
1440 2720 1569 2758 Nasoni
1586 2719 1658 2754 lon-
