1884 3112
454 254 905 301 HIPPOLYTUS
942 257 1266 301 PHAEDRAE.

147 350 254 400 Haec
276 349 388 398 mihi
411 351 652 418 spectanti,
680 350 879 418 quamvis
901 351 951 399 in
973 350 1166 414 imagine
1190 362 1363 400 tantum

211 427 340 486 Visa,
366 439 512 477 tamen
536 447 676 479 causae
699 448 816 496 saepe
838 428 962 478 suere
984 440 1130 478 metus
1149 448 1160 478 :

145 505 211 555 Te
236 516 382 554 tamen
405 505 498 556 haec
521 506 639 557 inter
659 507 826 575 pictam
849 507 887 556 si
908 518 1112 556 monstra
1134 506 1349 566 viderem,

211 584 284 632 Tu
306 583 438 643 mihi,
461 596 511 634 tu
535 597 678 634 terror
697 585 915 634 maximus
937 604 1027 633 una
1050 584 1195 634 fores:

146 661 207 708 Et
228 660 387 709 merito
407 681 419 709 :
440 661 549 727 quid
571 680 763 728 namque
789 661 879 710 tuis
902 660 1118 710 furiosius
1142 662 1296 710 ausis?

210 736 396 786 Nullum
420 738 573 787 odium
596 751 664 788 est
681 739 770 787 isto
793 739 935 805 majus
960 757 1109 787 amore
1134 737 1292 787 scelus.

147 815 255 879 Quo
278 816 418 880 magis
441 816 658 876 admiror,
685 817 795 884 quid
819 817 878 866 sit
902 817 988 865 tibi
1012 817 1206 866 scribere
1230 816 1416 875 famam,

210 894 342 943 Nunc
366 913 544 961 quoque
568 915 710 962 quum
731 895 892 955 violas,
918 894 1019 944 labe
1042 914 1189 944 carere
1216 907 1350 944 tuam.

147 969 315 1034 Quam,
342 971 381 1020 si
402 970 503 1022 labe
527 985 672 1032 vacat,
701 993 781 1022 cur
803 992 898 1021 non
921 972 1187 1022 stultissima
1212 974 1393 1022 servas?

213 1047 327 1106 Cur,
355 1049 477 1116 quod
499 1050 664 1108 habeS,
690 1071 913 1100 summum
935 1051 1139 1119 prodigis
1162 1051 1263 1118 ipsa
1287 1050 1453 1099 decus?

146 1124 384 1177 Pulchrius
405 1127 501 1179 haec
523 1149 712 1194 magnos
736 1142 886 1190 ornat,
913 1150 1046 1198 quam
1068 1149 1289 1198 purpura,
1314 1147 1455 1191 reges.

212 1204 342 1256 Hanc
366 1221 611 1276 sceptrum,
636 1210 751 1258 hanc
776 1209 956 1268 titulos,
980 1209 1097 1258 hanc
1121 1209 1323 1258 diadema
1345 1219 1467 1275 puta.

147 1282 244 1332 Hac
268 1284 389 1345 sine,
415 1286 684 1337 dedecorant
703 1288 855 1336 honor
878 1299 924 1337 et
946 1306 1027 1337 sua
1049 1287 1230 1336 nomina
1252 1305 1466 1350 magnos:

213 1363 308 1412 Hac
331 1364 449 1424 sine,
475 1366 682 1432 majestas
706 1366 892 1430 regibus
913 1365 1012 1433 ipsa
1034 1365 1207 1433 probro
1232 1377 1312 1413 est.

147 1439 241 1489 Nec
266 1453 433 1502 tamen,
458 1455 513 1493 ut
531 1445 690 1511 jactas,
716 1444 831 1493 fama
855 1456 924 1494 est
948 1444 1034 1492 tibi
1058 1443 1256 1493 criminis
1280 1461 1450 1510 expers.

212 1518 415 1570 Perdidit
436 1521 572 1581 hanc,
596 1522 805 1589 quisquis
828 1542 923 1571 non
946 1523 1136 1571 retinere
1162 1521 1301 1588 cupit.

149 1595 287 1659 Quod
310 1598 395 1647 tibi
418 1619 510 1667 prae
531 1601 700 1650 nostris
725 1600 879 1649 sordet
902 1613 979 1650 tua
1001 1601 1124 1665 regia
1147 1599 1293 1659 silvis;

211 1676 370 1726 Judice
393 1697 483 1738 me,
510 1677 630 1729 silvae
654 1691 698 1729 te
723 1699 924 1747 quoque,
950 1679 1159 1740 Phaedra,
1186 1679 1372 1737 decent;

147 1750 236 1801 Sed
260 1755 434 1847 quales,
458 1757 738 1826 meritoque,
764 1770 887 1822 tuam
911 1770 1092 1808 tenuere
1117 1777 1339 1816 sororem,

214 1831 369 1897 Quum
392 1835 488 1886 sine
512 1856 559 1886 se
581 1837 746 1887 Thesei
768 1837 882 1886 vidit
904 1837 1028 1886 abire
1050 1849 1180 1886 rates.

147 1909 201 1957 In
226 1913 392 1978 quibus
415 1914 601 1965 humani
624 1935 850 1983 nusquam
873 1916 1061 1979 vestigia
1083 1915 1253 1974 cultus,

212 1988 301 2038 Sed
323 1990 470 2041 videas
495 1992 604 2041 solis
628 1993 808 2056 cognita
830 1992 971 2042 lustra
992 1993 1111 2042 feris.
1175 2047 1177 2051 ,

146 2063 243 2115 Illic
267 2069 456 2118 venandi
479 2071 630 2119 studio
655 2082 830 2120 teneare
853 2070 1033 2129 licebit3

213 2143 309 2195 Illic
332 2146 525 2197 horteris
549 2168 631 2217 per
650 2150 758 2216 juga
780 2169 952 2199 summa
975 2168 1118 2198 canes.

148 2222 213 2270 Ut
235 2223 427 2290 pedibus
449 2238 627 2276 nostras
651 2239 808 2291 tangas
831 2228 1007 2296 impura
1029 2226 1270 2276 nefandis?

213 2303 263 2351 Si
286 2303 400 2354 ferat
419 2305 530 2365 hoc,
556 2306 679 2357 silvis
702 2327 795 2356 non
817 2308 934 2356 bene
957 2306 1084 2370 virgo
1107 2317 1280 2374 praeest.

145 2383 239 2431 Nec
263 2383 349 2432 tibi
371 2403 498 2433 mens
520 2385 683 2445 damis,
707 2405 790 2436 nec
811 2405 938 2435 mens
962 2397 1031 2434 est
1052 2385 1165 2434 retia
1188 2384 1327 2434 cervis

211 2461 435 2520 Tendere,
460 2482 541 2512 nec
566 2475 698 2513 cursu
720 2464 902 2531 praemia
923 2475 1078 2513 nostra
1102 2463 1249 2530 sequi;

145 2537 302 2588 Praeda
326 2540 416 2589 tuis
439 2560 548 2605 eg0,
576 2561 710 2609 quam
733 2554 955 2610 captares,
979 2543 1154 2591 retibus
1179 2561 1346 2591 essem:

210 2617 367 2668 Praeda
390 2638 497 2683 ego,
519 2640 602 2688 per
624 2620 756 2671 silvas
781 2642 913 2690 quam
937 2640 1189 2688 sequerere,
1214 2619 1370 2669 forem.

144 2695 287 2757 Ante,
311 2717 490 2765 precor,
516 2718 659 2748 novus
682 2700 868 2751 Actaeon
890 2701 939 2749 in
961 2699 1196 2748 montibus
1219 2717 1382 2757 errem,

210 2776 272 2824 Et
292 2774 410 2826 lacer
432 2797 458 2826 a
480 2777 667 2826 canibus
689 2776 874 2829 devorer
894 2778 990 2846 ipse
1013 2778 1136 2828 meis.

1519 277 1572 321 91

1522 675 1582 712 125

1524 1065 1585 1097 130

1525 1455 1586 1490 135

1521 2240 1581 2286 145

1516 2644 1578 2666 ldo
