1884 3112
338 255 425 300 286

756 254 1104 300 EPISTOLA
1142 253 1285 302 XVI.
1325 290 1329 293 ,

398 346 607 396 Protinus
630 343 814 394 aetherea
836 345 953 393 tollit
977 346 1022 394 in
1046 356 1161 394 astra
1182 346 1262 394 via.

331 425 460 473 Mens
483 443 577 472 mea
599 421 842 481 convaluit,
869 422 1103 488 subitoque
1123 421 1301 470 audacia
1323 422 1468 481 venit;

395 503 485 549 Nec
510 500 635 548 timui
656 498 782 547 vultu
804 518 1018 565 quamque
1042 510 1193 567 notare
1214 517 1324 548 meo.

329 579 513 626 Vincere
537 588 659 625 erant
682 595 831 625 omnes
850 576 1015 639 dignae;
1034 576 1253 643 judexque
1273 576 1473 634 verebar,
1683 590 1724 637 7⁵

394 655 497 702 Non
522 672 671 701 omnes
695 672 865 701 causam
888 653 1056 701 vincere
1078 671 1208 719 posse
1232 671 1366 715 suam.

328 731 416 780 Sed
439 742 582 778 tamen
601 748 653 778 ex
674 728 762 776 illis
781 729 869 794 jam
892 740 995 778 tunc
1014 729 1152 792 magis
1169 739 1258 777 una
1274 728 1503 795 placebat:

393 809 520 856 Hanc
543 825 635 856 esse
657 818 709 855 ut
731 806 884 864 scires,
908 806 1026 854 unde
1049 818 1249 854 movetur
1271 825 1403 853 amor.

331 886 559 949 Tantaque
581 882 782 930 vincendi
805 901 906 930 cura
931 883 1023 930 est!
1048 882 1302 944 ingentibus
1322 881 1487 930 ardent'

394 960 619 1009 Judicium
644 959 772 1007 donis
795 958 1027 1007 sollicitare
1045 977 1202 1006 meum.
1684 970 1726 1005 80

330 1039 485 1101 Regna
504 1038 532 1084 J
537 1036 628 1084 ovis
650 1035 829 1100 conjux3
855 1036 1059 1084 virtutem
1081 1035 1170 1085 filia
1187 1037 1342 1102 jactat;
1497 1028 1499 1030 ³

368 1155 418 1198 75.
442 1152 615 1195 fitdexque
627 1152 767 1185 verebar
773 1156 835 1184 etc.
851 1151 944 1184 Vere
958 1156 993 1184 et

324 1204 498 1249 eleganter
507 1201 669 1237 Heinsius
680 1216 687 1243 ;
696 1203 859 1246 querebar.
868 1201 902 1246 Q
908 1214 992 1235 uum

324 1256 419 1291 enim
431 1281 440 1299 ,
451 1255 523 1300 ipso
533 1254 645 1300 judice
656 1279 665 1297 ,
677 1257 808 1288 vincere
823 1258 921 1287 erant
928 1267 992 1287 om-

322 1323 382 1345 nes
396 1311 520 1353 dignm,
536 1307 638 1353 hujus
654 1305 840 1352 peragendi
856 1318 874 1340 a
890 1319 925 1341 se
941 1306 992 1351 ju-

323 1362 402 1397 dicii
420 1361 655 1397 conditionem
671 1359 767 1394 Paris
791 1361 991 1404 querebatur.

322 1414 429 1450 Unde
452 1413 541 1459 apud
558 1413 750 1448 Lucianum
761 1439 770 1456 ‚
788 1411 876 1447 Dial.
894 1412 993 1447 citat:

324 1472 399 1502 δοκῶ
423 1465 490 1502 δ’ἅν
514 1482 568 1511 μοι
592 1470 686 1504 καλῶς
713 1465 837 1500 δικάσαι
851 1489 860 1506 ,
883 1464 994 1502 πάσαις

322 1519 448 1557 ἀποδοὺς
463 1521 497 1553 τὲ
516 1522 673 1562 μῆλον.-
685 1521 746 1555 πῶς
762 1517 809 1550 οὖν
826 1517 856 1551 οὗ
877 1518 990 1559 χαλεπή

321 1587 365 1596 --
377 1574 392 1610 ’ἦ
410 1574 517 1617 κρίσις.

372 1621 422 1666 76.
452 1622 528 1656 Non
559 1632 671 1654 omnes
699 1631 833 1654 causam
861 1621 992 1652 vincere

314 1685 417 1718 posse
434 1685 537 1706 suam.
555 1673 685 1706 Versus
701 1671 848 1711 otiosus3
865 1681 949 1703 nam
963 1667 992 1703 si

319 1737 441 1759 omnes
450 1723 561 1769 dignae
572 1730 689 1766 erant,
710 1734 785 1767 quae
798 1721 988 1763 vincerent,

319 1789 382 1811 cur
398 1775 591 1817 metuebat,
602 1774 727 1819 aliquas
742 1784 878 1807 causam
893 1783 990 1806 suam

319 1827 474 1862 obtinere
490 1839 562 1861 non
578 1839 674 1870 posse
687 1825 702 1859 ?
719 1825 855 1858 MICYL.
871 1823 989 1858 Scribe

319 1891 425 1913 causa
438 1891 508 1912 sua.
533 1880 670 1912 Vt‘ncere
686 1876 782 1910 enim
797 1887 900 1909 causa
916 1874 990 1907 La-

317 1931 434 1965 tinum
457 1936 527 1972 est,
549 1936 585 1964 et
608 1933 719 1971 tenere
740 1940 894 1967 causam,
917 1938 989 1960 non

318 1987 450 2018 vincere
459 1995 603 2017 causam.
618 1982 745 2017 Noster
753 1981 790 2015 in
804 1978 990 2014 Amoribus

317 2034 372 2070 lib.
389 2046 435 2068 111
448 2060 457 2078 ,
478 2034 530 2068 ΕΙ.
543 2044 606 2069 x1v
621 2046 631 2068 :

350 2092 385 2115 Et
397 2092 418 2115 si
429 2100 480 2116 non
490 2098 580 2121 causa,
595 2089 683 2123 judice
695 2089 770 2114 vince
782 2093 835 2113 tuo.
851 2089 955 2114 Hmns.

318 2140 451 2175 —Non
467 2145 585 2172 tamen
609 2137 719 2172 audeo
745 2136 857 2171 adhuc
882 2136 989 2171 dam-

320 2204 403 2225 nare
419 2190 632 2225 locutionem
650 2189 742 2223 illam
754 2215 763 2232 ,
774 2201 910 2222 causam
919 2191 989 2223 vin-

318 2255 392 2277 cere
401 2269 409 2283 ,
428 2254 537 2286 quum
551 2247 586 2275 et
600 2242 720 2274 bellum
731 2243 879 2280 vincere,
893 2252 989 2284 aeque

318 2307 356 2328 ac
381 2296 466 2327 bello
491 2299 527 2326 et
548 2296 650 2326 armis
674 2291 806 2326 dicatur
822 2305 830 2326 :
845 2292 920 2326 vide
946 2292 988 2326 ad

319 2345 442 2390 Vellei.
458 2345 590 2379 Patere.
606 2355 635 2378 11
647 2370 657 2387 ,
676 2346 726 2378 55.
747 2344 911 2378 Francius
926 2356 989 2378 vo-

315 2397 408 2431 lebat
425 2422 434 2440 ,
464 2409 599 2430 causam
618 2408 720 2440 posse
743 2400 853 2429 tenere
874 2408 988 2436 suam,-

317 2448 378 2482 sed
398 2447 464 2484 hoc
482 2454 532 2482 est
551 2459 614 2492 pro
632 2446 772 2481 arbitrio
790 2446 986 2481 emendare.

321 2499 489 2534 Ceterum
517 2498 681 2533 cavillatio
714 2506 765 2534 est
792 2498 922 2546 Micylli
937 2511 946 2532 ι
959 2498 987 2532 si

316 2551 412 2584 enim
424 2563 496 2584 non
507 2562 627 2584 omnes
640 2550 752 2596 dignae
763 2551 905 2585 fuissent
916 2550 987 2583 vin·

316 2614 406 2645 cere,
415 2601 559 2635 minime
570 2601 694 2636 dubius
704 2609 738 2636 et
745 2602 904 2636 sollicitus
910 2602 987 2635 suis-

316 2660 366 2687 set
374 2654 482 2695 Paris;
490 2653 549 2687 sed
558 2654 649 2688 inter
658 2667 753 2699 pares
763 2655 872 2688 forma
880 2667 985 2688 unam

316 2705 476 2749 praeserre
486 2731 495 2747 ,
508 2704 574 2739 hoc
590 2705 754 2741 timidum
769 2712 804 2741 et
815 2705 986 2741 incertum

315 2756 465 2792 faciebat.
485 2756 612 2792 BURM.

1100 1151 1149 1196 78.
1173 1152 1272 1197 Hanc
1286 1163 1361 1185 esse
1375 1153 1414 1184 ut
1424 1152 1543 1190 scires,
1554 1149 1640 1184 unde
1654 1161 1727 1184 mo-

1056 1207 1150 1237 vetur
1172 1216 1271 1237 amor.
1298 1203 1425 1238 Sensus
1456 1209 1506 1237 est
1527 1214 1535 1237 :
1557 1202 1639 1237 Una
1667 1214 1728 1235 me

1055 1261 1180 1299 praeter
1196 1262 1323 1289 ceteras
1341 1254 1502 1288 movebat
1519 1266 1526 1287 :
1543 1266 1583 1288 ex
1600 1265 1668 1298 quo
1680 1253 1725 1287 sa-

1055 1306 1116 1340 cile
1127 1319 1239 1351 posses
1249 1307 1333 1342 scire
1344 1333 1352 1350 ,
1365 1319 1442 1341 eam
1452 1319 1535 1350 esse,
1547 1318 1622 1351 quae
1633 1317 1726 1340 amo-

1055 1357 1084 1392 ri
1094 1365 1251 1403 praeesset
1259 1385 1269 1402 ,
1278 1358 1344 1394 hoc
1353 1366 1403 1394 est
1411 1360 1589 1393 Venerem
1597 1370 1726 1403 :neque

1056 1409 1151 1444 enim
1166 1416 1238 1445 tam
1254 1410 1349 1445 facile
1366 1410 1445 1445 alias
1459 1413 1622 1445 manasset.
1634 1409 1726 1445 Mlc.

1111 1475 1160 1509 79.
1193 1464 1386 1506 Ingentibus
1409 1464 1529 1496 ardent
1557 1456 1726 1496 Judicium

1055 1514 1152 1546 donis
1175 1515 1364 1548 solltkitare.
1390 1514 1547 1548 Ardent:
1564 1513 1631 1548 hoc
1650 1520 1723 1557 est,

1054 1564 1281 1600 vehementer
1291 1566 1433 1611 cupiunt
1445 1572 1480 1600 et
1489 1565 1638 1600 student.
1650 1566 1726 1600 Sol-

1053 1618 1200 1657 licitare,
1217 1617 1251 1651 id
1270 1624 1339 1661 est,
1357 1617 1558 1652 labefactare
1569 1643 1579 1662 ,
1595 1624 1632 1652 et
1646 1628 1725 1652 cor-¹

1054 1679 1216 1712 rumpere
1234 1667 1395 1712 judicem.

1097 1719 1148 1752 81.
1173 1721 1292 1763 Regna
1313 1722 1410 1754 Jona-
1430 1720 1555 1766 conjux
1577 1726 1640 1755 etc.
1665 1719 1724 1755 Sic

1054 1769 1150 1803 Juno
1168 1770 1237 1816 ipsa
1253 1771 1342 1816 apud
1359 1770 1498 1806 Coluth.
1515 1772 1575 1815 145
1588 1798 1598 1815 ,
1613 1784 1676 1817 sqq
1691 1783 1701 1806 ε

1053 1827 1095 1856 Εἵ
1107 1838 1145 1866 με
1162 1826 1318 1872 διακρίνων
1329 1825 1534 1874 τραφερᾷ-ερον
1547 1827 1624 1874 ’ἔρνος
1635 1825 1722 1860 ὄιές.

1141 1890 1217 1923 σῃς,

1053 1928 1157 1983 living
1175 1928 1315 1977 ἡμετέρης
1328 1931 1423 1968 Δσίης
1442 1931 1572 1977 {yffi-opat
1587 1930 1679 1969 0250·oe-

1053 1976 1137 2029 E'proe
1151 1982 1250 2023 μόθων
1266 1980 1390 2028 ἀθέριζε·
1400 1984 1432 2015 τί
1439 1982 1495 2030 ybs>
1508 1982 1641 2025 πολέμων
1652 1986 1721 2025 βοι-

1142 2035 1228 2071 σιλῆϊ
1238 2045 1248 2073 ;

1053 2088 1197 2126 Κοίρανος
1220 2087 1368 2130 ἰφθίμοισι
1386 2089 1439 2119 καὶ
1460 2083 1651 2122 &molimen
1670 2101 1720 2120 κε-

1140 2139 1224 2171 λεύει.

1054 2195 1116 2223 Ουκ
1137 2188 1199 2224 victl
1212 2189 1376 2237 θεράποντες
1392 2187 1580 2237 ἄριςεύουσιν
1591 2178 1718 2229 ‘4925qu-

1053 2239 1216 2290 Ὠκύμσροι
1236 2243 1416 2281 θνήσκουσιν
1440 2242 1642 2289 ὑποδρηςῆρες
1656 2238 1718 2274 Ἐ-

1139 2307 1230 2331 νυους.

1052 2362 1096 2370 —
1117 2345 1277 2378 Virtutem
1280 2345 1362 2390 filia
1367 2345 1495 2388 jactat.
1518 2343 1559 2378 ld
1577 2350 1628 2379 est
1645 2342 1720 2378 Mi-

1053 2409 1171 2440 nerva,
1185 2408 1260 2441 quae
1271 2396 1365 2430 Jovis
1378 2395 1465 2439 filia,
1478 2396 1641 2430 virtutem
1651 2393 1718 2429 bel·

1052 2447 1152 2483 licam
1167 2461 1238 2493 prae
1253 2447 1381 2482 caeteris
1396 2447 1497 2491 jactat
1511 2459 1519 2481 :
1532 2444 1583 2482 his
1594 2444 1719 2482 scilieet

1052 2499 1143 2545 apud
1158 2497 1321 2534 eumdem
1337 2498 1463 2540 verbis;
1485 2498 1562 2532 1362

1052 2558 1142 2601 Adpo
1164 2554 1242 2590 τέκος
1264 2551 1429 2600 Πριάμοιο,
1456 2553 1524 2589 Διὲς
1546 2549 1718 2599 παρέκειτιν

1139 2619 1227 2641 εασας
1240 2628 1249 2646 ,

1051 2660 1114 2690 Καὶ
1123 2657 1270 2699 ,θαλάμων
1281 2658 1436 2696 βασίλειαν
1449 2652 1541 2697 ἆτιμῆ
1547 2668 1599 2691 σοις
1607 2651 1717 2700 Ἀφρο-

1140 2711 1225 2747 δι’την
1236 2732 1246 2750 ‚

1049 2758 1182 2807 Ἢνορἕης
1200 2760 1342 2807 ἐπίκουρον
1360 2759 1545 2799 ἐπαινήσειας
1555 2755 1692 2797 Ἀθήνην.
