1884 3112
324 239 410 296 402
721 239 1327 287 PRAEFATIUNCULA.

320 332 588 394 Scaligerum
600 365 612 386 ,
634 338 678 375 et
695 331 822 386 alios,
840 334 1011 376 Heinsii
1032 340 1077 378 et
1093 335 1334 389 Burmanni
1354 334 1594 382 studiosam
1605 353 1729 399 saga-

317 412 494 454 citatem
530 415 772 465 exerceret3
807 408 885 453 sed
919 425 1009 453 non
1049 426 1097 454 ea
1114 443 1128 465 ,
1168 427 1255 471 qua
1287 410 1431 456 solent
1446 445 1460 468 ,
1492 413 1724 460 felicitate.

317 489 618 531 Burmannum
636 487 879 546 praesertim
898 487 972 530 hic
993 502 1073 547 ego
1094 488 1167 531 vix
1193 503 1400 548 agnosco,
1439 491 1518 550 qui
1540 475 1659 535 totus
1672 493 1726 536 {in

315 561 650 616 effundendam,
670 578 755 623 qua
771 571 912 607 tumet
924 595 938 618 ,
964 562 1102 608 bilem
1114 597 1129 618 ,
1155 564 1511 610 nauseabundam
1527 568 1730 613 carmini·

313 640 442 694 hujus
479 639 892 683 commentationem
924 641 1040 684 ultra
1064 641 1246 685 modum
1283 657 1458 687 omnem
1493 660 1544 687 ea
1576 653 1725 690 mente

310 715 520 776 produxit
530 750 544 770 ,
559 724 609 760 ut
622 715 816 760 dicteriis
831 717 1052 761 Clericum
1069 720 1303 763 incesseret
1316 722 1327 741 ¹
1339 752 1353 773 ,
1367 719 1588 764 Editionis
1597 730 1725 766 reum

309 792 597 836 Albinovanae
608 826 621 847 ‚
651 809 747 853 quae
763 793 1086 837 Amstelaedami
1101 794 1295 855 prodiit,
1320 797 1491 840 Forma
1507 796 1726 857 quamdi-

309 878 415 914 cunt
436 870 602 915 Octava
615 903 629 920 ,
659 886 672 912 1
686 884 768 930 702
781 903 794 923 ,
816 871 1037 914 etiterum
1058 886 1071 913 1
1084 873 1190 931 718,
1209 870 1290 914 sub
1310 872 1537 916 Theodori
1551 873 1728 919 Gor-alli
1748 899 1751 901 ,

307 948 487 990 nomine
506 951 522 969 ²
540 979 553 999 ,
585 962 685 989 cum
711 945 921 1005 Scaligeri
948 955 992 989 et
1013 948 1187 990 Heinsii
1203 948 1319 991 notis
1334 981 1348 1002 ,
1371 948 1533 1009 quihus
1560 957 1604 993 et
1627 965 1724 993 suas

305 1021 538 1077 adjecerat.
562 1022 653 1065 Nec
669 1029 823 1085 cuncta
841 1029 958 1066 certe
974 1022 1204 1082 probanda
1220 1025 1268 1066 in
1282 1024 1363 1067 hac
1380 1023 1574 1069 editione
1588 1059 1602 1080 ‚
1625 1042 1723 1087 quae

304 1114 637 1159 praeproperum
659 1100 707 1141 in
729 1097 911 1142 edendis
928 1079 1134 1159 operibus
1152 1098 1369 1143 editorem
1383 1102 1525 1160 arguit
1540 1121 1558 1158 ‘⁷
1577 1118 1722 1163 neque

306 1177 397 1220 laus
432 1177 582 1235 ingens
610 1177 860 1219 Burmanno
891 1174 1142 1234 frequentes
1174 1176 1222 1218 in
1244 1177 1487 1237 interprete
1515 1193 1683 1223 errores
1703 1212 1718 1234 ,

304 1261 379 1296 aut
396 1253 619 1295 memoriae
639 1251 783 1311 lapsus
806 1250 1148 1311 deprehendisse
1164 1272 1176 1310 ;
1202 1252 1272 1294 cui
1290 1254 1410 1296 enim
1427 1254 1721 1315 interpretum

302 1329 389 1373 tale
410 1327 523 1371 nihil
543 1326 778 1388 aliquando
800 1327 960 1370 effluxit
976 1361 989 1382 ,
1032 1344 1169 1388 quum
1191 1344 1273 1372 nec
1295 1328 1488 1390 Scaliger
1507 1330 1715 1391 quidem,

302 1422 384 1450 nec
412 1405 619 1449 Heinsius
641 1406 733 1464 ipse
750 1436 764 1458 ,
806 1405 985 1447 omnino
1015 1420 1060 1448 se
1087 1407 1422 1449 Burmannianae
1446 1406 1600 1452 ferulae
1613 1397 1742 1452 auh-T

303 1482 510 1526 duxerint
525 1481 544 1524 P
564 1479 654 1526 Sed
669 1481 842 1540 gravius
859 1481 906 1523 in
922 1481 1068 1523 virum
1080 1513 1093 1534 ‚
1115 1482 1192 1540 qui
1212 1482 1468 1542 magistrum
1478 1499 1523 1527 se
1540 1485 1589 1527 iu
1602 1482 1720 1530 Arte

307 1560 466 1604 Critica
485 1557 783 1618 profitebatur
798 1590 811 1610 ,
834 1565 1090 1617 peccaverat
1109 1559 1323 1618 scriptor,
1347 1561 1449 1619 qui,
1472 1559 1580 1605 dum
1597 1561 1720 1612 Artis

301 1636 432 1692 hujus
451 1633 736 1677 fundamenta
749 1665 761 1686 ‚
783 1632 952 1693 regulas
972 1641 1016 1676 et
1039 1632 1148 1676 fines
1167 1633 1461 1690 describeret,
1492 1638 1622 1681 certis
1637 1638 1720 1683 ali-

303 1719 414 1773 quot
443 1712 575 1771 signis
611 1710 810 1753 homines
843 1726 947 1753 vere
989 1710 1184 1753 eruditos
1216 1711 1270 1753 ab
1300 1712 1386 1755 illis
1424 1711 1715 1770 discreverat,

303 1790 381 1849 qui
402 1804 512 1831 vana
528 1795 700 1830 tantum
721 1786 958 1830 verborum
978 1788 1268 1830 ostentatione
1282 1820 1295 1841 ,
1323 1787 1394 1831 vel
1412 1787 1611 1837 locorum
1633 1807 1716 1852 ap-

301 1873 458 1926 paratu
475 1865 581 1907 hinc
602 1872 647 1907 et
665 1863 787 1906 illine
802 1895 815 1917 ‚
838 1870 973 1923 prout
991 1879 1082 1906 sese
1102 1862 1316 1917 offerunt,
1341 1873 1589 1910 coactorum
1606 1885 1619 1925 ς
1648 1867 1719 1912 vel

301 1941 660 1986 emendationum
678 1940 857 1983 licentia
869 1973 882 1993 ,
906 1938 1056 1982 fucum
1085 1940 1245 1999 ignaris
1272 1940 1461 1996 faciunt,
1485 1943 1715 1987 mentitam

351 2071 364 2088 ¹
387 2067 479 2100 Jean
502 2065 552 2099 Le
570 2065 681 2105 Clerc,
697 2062 803 2098 latine
822 2061 995 2106 Clericus,
1012 2069 1113 2098 natus
1129 2070 1203 2098 erat
1219 2063 1371 2099 Genevae
1385 2092 1395 2110 ,
1419 2065 1461 2104 A.
1477 2065 1524 2101 D.
1542 2067 1635 2114 1657.
1648 2045 1715 2104 <⁷1⁰1-

301 2127 368 2161 suit
390 2125 556 2160 doctrinae
577 2138 596 2158 a
621 2123 749 2158 teneris
770 2130 842 2158 tam
861 2123 1046 2158 immodice
1068 2123 1212 2168 cupidus
1225 2150 1234 2167 ‚
1261 2131 1300 2159 ut
1322 2126 1423 2160 sacris
1444 2125 1547 2161 simul
1567 2133 1603 2163 et
1622 2141 1713 2174 pro-

299 2187 389 2220 sanis
410 2185 517 2220 literis
538 2197 682 2229 operam
700 2183 939 2228 impenderem
957 2190 993 2217 et
1009 2195 1079 2228 quo
1094 2189 1251 2230 tempore
1273 2174 1588 2231 scriptor-essacros
1610 2188 1713 2225 illus-—

301 2253 411 2281 traret
424 2271 433 2289 ,
453 2252 513 2279 aut
528 2244 630 2279 rebus
646 2243 846 2289 theologicis
865 2248 1020 2287 vacaret,
1051 2242 1190 2279 Graecos
1209 2251 1244 2279 et
1262 2245 1403 2285 Latinos
1425 2254 1582 2298 auctores
1599 2250 1713 2286 susci—

302 2313 402 2352 peret
442 2303 722 2350 interpretandos
739 2330 749 2347 ,
787 2310 822 2338 et
863 2302 1068 2348 quaestiones
1097 2303 1315 2351 philologicas
1351 2306 1442 2341 viros
1469 2307 1562 2344 inter
1594 2308 1713 2346 doctos

302 2372 471 2401 moveret.
499 2364 606 2399 Unde
627 2364 792 2399 effectum
817 2371 891 2408 est,
921 2371 959 2398 ut
981 2377 1060 2398 raro
1082 2354 1310 2400 festinationis
1333 2358 1456 2403 vitium
1472 2367 1509 2402 in
1530 2360 1714 2406 scrIbendo

297 2425 486 2471 ‘effugerim
517 2431 552 2460 et
572 2424 740 2460 secundas
765 2431 903 2459 tantum
923 2431 1060 2468 teneat,
1088 2425 1147 2470 qui
1168 2425 1295 2471 primas
1319 2434 1434 2471 partes
1454 2428 1491 2462 in
1508 2435 1581 2464 arte
1598 2429 1714 2466 critica

304 2486 470 2532 potuisset
495 2485 661 2520 obtinere.
684 2484 783 2519 Obiit
804 2484 1080 2529 Amstelaedami‚
1104 2494 1137 2520 Α.
1160 2496 1200 2521 m.
1218 2496 1413 2523 nccxxxw.
1440 2487 1602 2534 operum
1624 2490 1714 2526 illius

306 2546 492 2591 Catalogus
504 2572 514 2590 ,
528 2558 614 2591 opus
629 2546 700 2591 ipse
714 2571 724 2589 ,
742 2544 835 2590 quod
850 2544 1091 2591 bibliographis
1105 2546 1375 2592 relinquendum
1391 2548 1516 2593 judico.

348 2612 362 2628 2
390 2608 559 2641 Theodori
578 2608 720 2640 Goralli.
745 2605 836 2650 Quae
852 2618 952 2640 voces
966 2613 1047 2640 sunt
1062 2607 1214 2642 nominis
1229 2609 1304 2652 eius
1317 2615 1351 2643 et
1367 2609 1589 2654 praenominis
1607 2609 1710 2645 inter-

304 2666 537 2712 pretationes3
572 2666 619 2700 ita
645 2672 684 2699 ut
707 2678 910 2711 praenomen
934 2665 1075 2710 quidem
1102 2667 1316 2702 Hebraicum
1342 2669 1386 2704 sit
1411 2681 1518 2715 graece
1544 2659 1709 2710 ’νει-ωιτη

300 2740 436 2762 nomen
459 2739 542 2762 vero
562 2726 725 2765 Graecum
738 2752 747 2770 ,
773 2726 945 2762 Hebraiea
959 2738 1043 2761 voce
1065 2739 1271 2772 expressum.
1453 2725 1455 2728 ¹
1484 2736 1486 2739 ’
