1884 3112
571 291 860 337 HELENA
897 292 1162 338 PARIDI.

1504 297 1590 339 323

157 400 230 448 Tu
255 415 434 464 quoque
457 394 661 447 dilectam
683 397 873 457 multos,
898 398 1058 458 infide,
1083 418 1163 466 per
1184 417 1328 448 annos
1366 446 1379 453 ,,
1517 410 1594 462 '195

223 476 397 526 Diceris
420 476 643 526 OEnonen
668 476 912 526 deseruisse
938 488 1071 526 tuam.

158 556 252 605 Nec
272 565 420 603 tamen
442 553 538 622 ipse
561 573 719 617 negas3
745 566 789 603 et
810 554 944 629 nobis
962 555 1121 603 omnia
1146 555 1200 604 de
1223 567 1267 604 te

226 631 457 697 Quaerere,
482 631 522 679 si
541 631 684 680 nescis
700 669 711 691 ‚
734 630 923 680 maxima
946 651 1051 680 cura
1072 632 1170 680 fuit.

162 709 291 759 Adde
319 706 463 778 quod,
484 720 537 758 ut
561 709 714 776 cupias
737 720 946 758 constans
970 709 1018 756 in
1042 727 1190 757 amore
1214 723 1416 770 manere,⁴

223 789 331 839 Non
353 799 514 856 potes:
535 785 801 853 expedient
787 805 876 851 jam
902 797 977 834 tua
998 785 1094 834 vela
1117 786 1237 853 Phry
1240 806 1329 849 ges.

1529 814 1595 838 200

159 866 282 916 Dum
303 864 501 938 loqueris
522 873 717 923 mecum,
745 863 850 911 dum
874 883 965 912 nox
990 876 1163 930 sperata
1186 877 1387 931 paratur,

225 944 321 1011 Qui
345 941 492 993 ferat
479 962 527 991 m
548 942 756 1010 patriam,
780 942 867 1007 jam
889 941 973 990 tibi
995 954 1154 991 ventus
1178 943 1274 992 erit.

163 1020 422 1074 Cursibus
409 1040 457 1069 1n
477 1020 635 1069 mediis
658 1020 869 1068 novitatis
888 1019 1021 1087 plena
1043 1020 1268 1089 relinques

219 1094 422 1159 aGaudia;
445 1095 547 1148 cum
570 1099 714 1147 ventis
733 1109 890 1146 noster
912 1099 1058 1147 abibit
1081 1119 1218 1148 amor.

158 1179 234 1230 An
257 1197 439 1247 sequar,
463 1189 516 1227 ut
537 1177 719 1235 suades;
745 1176 1011 1242 laudataque
1030 1177 1245 1240 Pergama
1267 1177 1427 1238 visam,

1530 1195 1596 1229 205

223 1257 456 1306 Pronurus
480 1267 526 1305 et
544 1255 694 1320 magni
714 1254 1032 1304 Laomedontis
1057 1252 1168 1303 ero'?

158 1335 266 1387 Non
287 1334 352 1384 ita
370 1345 608 1383 contemno
631 1332 825 1382 volucris
844 1334 1069 1400 praeconia
1090 1335 1234 1384 Famae
1249 1373 1262 1395 ,

227 1414 294 1462 Ut
314 1412 494 1480 probris
517 1424 653 1461 terras
674 1410 857 1479 impleat
878 1411 954 1460 illa
978 1411 1099 1460 meis.

163 1491 292 1558 Quid
314 1491 368 1540 de
390 1510 460 1540 me
484 1491 654 1559 poterit
676 1491 835 1558 Sparte
850 1527 862 1548 ‚
891 1485 1192 1557 quissAchaia
1216 1501 1332 1551 tota,

226 1569 353 1636 Quid
376 1582 530 1634 gentes
549 1569 687 1628 Asiae,
717 1568 825 1636 quid
850 1580 926 1617 tua
946 1569 1083 1634 Troja
1104 1568 1260 1636 loqui?

1525 1598 1590 1622 210

162 1649 289 1721 Quid
310 1648 517 1698 Priamus
537 1646 592 1696 de
614 1647 715 1695 me?
739 1646 905 1695 Priami
930 1645 1036 1712 quid
1063 1646 1225 1695 sentiet
1243 1666 1384 1707 uxor;

188 1723 441 1793 Totque
429 1724 496 1798 tui
518 1723 1046 1793 fratres,'Da1†daniaeque
1070 1743 1239 1774 nurus.
1229 1727 1250 1761 ‘¹‘

158 1803 244 1852 Tu
237 1821 461 1885 quoque,
480 1803 561 1869 qui
584 1801 755 1868 poteris
774 1800 868 1849 fore
891 1821 962 1850 me
987 1820 1162 1867 sperare
1184 1802 1380 1862 fidelem,

198 1880 301 1945 Εἰ
309 1898 406 1928 non
427 1877 640 1951 exemplis
665 1879 822 1928 anxius
845 1898 938 1928 esse
965 1879 1080 1927 tuis
1071 1880 1090 1911 Ῥ

162 1957 435 2052 Quicunque
457 1956 619 2007 Iliacos
642 1957 871 2006 intraverit
894 1956 1060 2005 advena
1083 1968 1242 2022 portus
1256 1994 1269 2015 ‚

162 2093 260 2133 trum
275 2091 328 2143 eat
340 2063 441 2148 alibi,
459 2105 524 2141 pro
539 2095 706 2138 decepta.-
699 2092 847 2128 -dicen-

163 2142 255 2185 'durh
263 2151 404 2196 quoque
421 2154 530 2191 esset,
546 2148 588 2188 de
601 2155 668 2181 non
684 2147 846 2181 exhibitis

162 2205 247 2238 tons
255 2203 384 2266 questa,
397 2205 438 2234 ut
453 2199 622 2234 Francius
635 2198 750 2244 legere
766 2209 846 2232 ma-

160 2251 266 2290 lebat.
297 2251 357 2288 sic
371 2247 492 2298 ‘Epist.
517 2261 587 2295 111,
616 2253 660 2293 53
679 2258 715 2285 et
743 2262 787 2295 v,
814 2251 844 2295 4.

163 2305 268 2342 Idem
279 2302 471 2348 Francius,
486 2306 660 2349 explttitis
670 2307 752 2338 tonlr
764 2315 845 2338 con-

162 2356 316 2411 jiciebat.
326 2352 463 2392 Boni.

210 2423 223 2444 1
229 2409 283 2458 8
307 2404 471 2452 Quietem.
493 2408 565 2443 Pro
589 2410 774 2453 inquirere,
805 2413 845 2442 ut

161 2460 275 2498 solent
282 2467 450 2496 amantes.
456 2461 658 2494 —Maaeima
668 2473 758 2494 cura.
767 2461 846 2493 Plu-

161 2517 248 2551 n‘ma
261 2512 416 2552 malebat
431 2512 610 2548 Francius.

205 2577 282 2601 που.
295 2567 492 2610 Expedient
488 2565 568 2610 jam
577 2568 637 2598 tua
644 2566 725 2598 vela
734 2566 846 2611 Phry-

156 2630 230 2664 ges.
242 2619 457 2663 Expedt'unt,
477 2616 600 2663 primae
616 2615 787 2652 editiones
808 2623 845 2652 et

161 2669 280 2716 seripti
300 2669 467 2716 plerique.
493 2669 608 2721 Lege:

293 2743 325 2751 ...
337 2726 488 2759 Expediunt
498 2726 551 2759 jam
562 2733 608 2750 sua
620 2734 636 2750 v

166 2773 277 2820 Quod
300 2781 420 2821 postea
439 2774 691 2810 confirmatum
711 2774 845 2821 depre-

164 2825 274 2863 hendi
283 2827 322 2863 ἰιι
330 2827 449 2865 codice
459 2827 784 2865 Helmaestadiensi.
796 2828 843 2863 H.

638 2725 677 2750 ela
685 2724 810 2760 Phryges.

1532 1977 1596 2010 215

954 2093 1030 2137 204.
1051 2093 1132 2127 Cum
1144 2096 1266 2127 vetem·-
1279 2094 1360 2129 Cum
1372 2095 1469 2136 velzlr,
1486 2094 1595 2131 Fran-

910 2143 982 2179 cius
996 2143 1213 2189 conjiciebat.

956 2196 1030 2230 208.
1046 2198 1215 2231 Illameis.
1226 2198 1296 2231 Illa
1303 2210 1409 2239 meas,
1422 2199 1594 2238 Beruens.

955 2262 1030 2297 209.
1052 2250 1145 2292 Quid
1150 2250 1192 2283 de
1205 2262 1257 2283 me
1263 2254 1394 2294 polerit
1407 2254 1505 2297 loqui.
1517 2254 1594 2289 Ele-

911 2314 994 2348 gans
1010 2301 1076 2336 hoc
1090 2301 1257 2347 loquendi
1276 2316 1385 2349 genus
1399 2331 1408 2348 ,
1439 2318 1503 2351 pro
1515 2310 1599 2352 quid

909 2357 1068 2400 loquetur.
1088 2355 1168 2389 Non
1187 2356 1276 2390 male
1297 2356 1400 2391 ctiam
1414 2384 1423 2401 ,
1448 2362 1532 2403 quid
1550 2363 1594 2394 de

909 2421 961 2442 me
971 2411 1132 2452 poterunt
1149 2409 1289 2452 Quarta,
1319 2409 1490 2446 Bet-nens.
1509 2412 1550 2446 B.

952 2472 972 2492 2
979 2472 991 2492 1
1002 2472 1014 2492 1
1021 2485 1029 2492 .
1043 2459 1176 2492 Prenmz·
1184 2462 1267 2504 quid
1274 2463 1402 2493 sentiet
1409 2474 1502 2495 uxor.
1514 2463 1593 2496 Sen-

909 2513 979 2545 liat
989 2512 1115 2546 rectius
1124 2525 1181 2546 sex
1193 2511 1278 2546 libri.
1294 2514 1342 2547 At
1354 2513 1593 2550 Menteiianus

910 2576 992 2598 cum
1009 2564 1176 2608 excerptis
1190 2564 1334 2608 Douzae,
1351 2570 1500 2598 censeat.
1525 2567 1572 2600 H.

953 2630 1029 2650 212.
1043 2617 1291 2662 Dardanioeque
1306 2630 1417 2651 nurus.
1443 2619 1592 2652 Darda-

909 2670 1069 2714 nidesque
1081 2696 1090 2711 ‚
1115 2671 1286 2704 meliores.
1313 2670 1402 2704 Fast.
1421 2681 1434 2703 1
1452 2681 1461 2705 :

909 2726 943 2751 Et
956 2727 1009 2760 jam
1021 2726 1196 2751 Dardanides
1209 2730 1314 2759 tungent
1327 2726 1380 2751 boee
1395 2727 1470 2752 mor·
1481 2735 1592 2761 puppes.

911 2775 969 2812 Sic
984 2781 1120 2811 veteres
1134 2775 1221 2810 libri.
1238 2776 1372 2812 Herus.
1465 2768 1469 2771 ’

954 2827 1030 2862 213.
1054 2829 1135 2863 Tibi
1155 2841 1209 2863 me
1228 2840 1375 2873 sperare.
1411 2830 1498 2864 Fon·
1522 2841 1592 2871 me,
