1884 3112
315 255 404 300 386

745 256 1105 300 EPISTOLA
1147 256 1294 301 XXI.

315 349 463 413 Quam
487 365 599 414 saepe
613 385 624 405 ‚
645 358 696 395 ut
719 348 879 405 tardiS‚
904 348 988 396 feci
1007 347 1204 396 convicia
1224 348 1380 405 remis3

380 425 635 490 Questaque
659 442 757 472 sum
780 423 913 472 vento
940 424 1076 474 lintea
1098 443 1229 492 parca
1251 424 1373 472 dari!
1691 442 1736 476 80

310 502 373 550 Et
390 502 479 566 jam
502 501 757 565 transieram
777 502 1027 568 Myconon,
1050 502 1139 567 jam
1159 504 1341 561 Tenon,
1367 512 1412 550 et
1434 499 1646 561 Androm

379 579 521 643 Inque
545 577 655 625 meis
678 576 819 626 oculis
843 578 1029 627 candida
1052 578 1191 627 Delos
1212 590 1316 627 erat.

313 655 463 719 Quam
485 653 644 720 procul
668 665 719 702 ut
741 654 859 703 vidi:
882 655 990 722 quid
1013 656 1243 720 me'fugis‚
1269 655 1414 705 insula
1428 694 1440 715 ,
1467 655 1593 707 dixi?

376 732 560 781 Laberis
582 731 629 779 in
651 751 813 794 magno
837 733 1076 800 numquid,
1101 745 1153 781 ut
1175 746 1298 792 ante,
1324 730 1465 781 maii?
1532 792 1534 795 Ι

311 808 562 857 Institeram
585 819 707 856 terrae
721 846 732 866 ‚
761 827 897 875 quum
916 809 1004 873 jam
1026 829 1167 876 prope
1192 809 1290 858 luce
1314 821 1510 876 peracta,
1690 822 1736 858 85

376 887 562 935 Demere
581 886 817 952 purpureis
843 885 921 934 Sol
939 886 1045 952 juga
1065 887 1198 936 vellet
1220 888 1345 954 equis
1367 908 1376 935 :
1596 892 1597 896 ’

311 966 442 1030 Quos
464 964 582 1012 idem
602 963 762 1012 solitos
783 975 1022 1030 postquam
1042 965 1261 1013 revocavit
1281 963 1337 1013 ad
1362 976 1517 1023 ortus,

376 1043 627 1091 Comuntur
649 1052 813 1089 nostrae
827 1078 839 1098 ‚
864 1052 1002 1090 matre
1024 1041 1233 1106 jubente,
1259 1060 1406 1089 comae.

308 1122 412 1188 Ipsa
433 1117 555 1168 dedit
582 1136 773 1181 gemmas
797 1117 976 1180 digitis,
1000 1129 1045 1166 et
1067 1117 1266 1165 crinibus
1288 1135 1471 1176 aurum;

374 1198 435 1245 Et
456 1206 596 1243 vestes
619 1193 815 1243 humeris
839 1193 987 1242 induit
1009 1194 1109 1260 ipsa
1129 1193 1251 1242 meis.
1536 1200 1538 1202 ’
1690 1217 1736 1255 90

354 1321 406 1355 79.
444 1307 552 1351 Quam
577 1318 665 1350 saepe
689 1307 731 1339 ul
758 1305 875 1338 tardae.
912 1305 990 1338 Heu

309 1361 416 1394 tardis
439 1385 449 1399 ,
486 1357 590 1392 malo.
616 1357 752 1391 HEINS.
787 1357 838 1389 Ul
863 1362 914 1390 est
935 1355 991 1390 hic

309 1420 479 1456 tanquam
489 1436 498 1453 ‚
514 1409 595 1445 licet
611 1408 792 1455 celerrime
804 1407 900 1442 navis
913 1419 991 1453 pro-

313 1462 529 1509 grederetur.

355 1515 408 1549 81.
431 1515 482 1550 Et
496 1514 576 1558 jam
597 1516 794 1548 {masuram
812 1513 991 1559 Illyconen.

312 1566 431 1602 Scribe
440 1566 610 1613 Myconon
618 1578 700 1599 cum
707 1565 819 1610 prima
828 1563 1002 1603 editione.⁴

309 1619 473 1665 .Myconos
494 1617 611 1660 enim,
638 1629 712 1651 11011
733 1617 878 1662 M'ycone
903 1614 994 1649 dicta

310 1670 385 1705 haec
402 1668 524 1703 insula.
548 1668 697 1711 Statius,
715 1667 752 1701 in
778 1665 968 1701 Achilleide
982 1691 991 1709 ,

311 1721 495 1757 manifeste
510 1733 520 1763 ;
542 1726 582 1755 et
599 1719 711 1754 Theb.
729 1730 763 1762 1,
788 1720 851 1753 205
869 1728 886 1768 :¹

661 1778 749 1803 Placet
759 1777 796 1802 ire
808 1786 853 1811 per
863 1778 928 1804 ultas

312 1829 439 1864 Cycladas
463 1837 470 1855 ε
487 1828 550 1854 hinc
569 1831 659 1861 spreta
678 1826 808 1861 Myconos
836 1825 996 1859 humilisque

411 1877 542 1911 Seriphos.

357 1927 417 1961 82..
437 1927 591 1961 Candida
608 1926 726 1960 Delos.
739 1924 781 1959 In
795 1923 908 1969 prima
921 1922 998 1958 edi-

311 1978 411 2014 tione
422 2004 432 2022 ,
445 1984 480 2013 et
492 1977 655 2012 Mediceo
665 2003 674 2021 ,
689 1983 724 2011 et
734 1975 925 2011 Herculan.
937 1987 998 2009 co-

314 2030 390 2065 dice
416 2035 490 2065 erat
504 2056 513 2074 ,
530 2030 686 2071 ¹candida
705 2029 883 2072 Phosphor
900 2030 977 2061 era!
986 2040 997 2062 :

316 2083 407 2117 forte
429 2081 559 2127 aliquid
579 2081 674 2116 latet.
701 2079 833 2114 Adludi
854 2092 938 2114 vero
953 2078 997 2113 ad

315 2142 463 2182 etymon
486 2133 567 2171 Deli
582 2131 597 2177 ,’
617 2140 657 2167 ut
674 2131 836 2178 Micyllus
850 2157 859 2174 ,
886 2138 920 2166 et
942 2131 997 2166 alii

314 2186 466 2221 credunt
478 2212 488 2229 ,
505 2192 618 2231 potest
634 2183 777 2230 quidem
796 2184 919 2225 statui;
936 2183 997 2219 sed

315 2237 420 2273 simul
444 2237 539 2271 illam
562 2236 659 2271 facile
685 2236 801 2270 nautis
821 2235 996 2281 conspici,

316 2298 378 2326 aut
389 2292 496 2326 etiam
507 2287 707 2336 praeclaram
719 2297 754 2324 et
765 2289 919 2324 nobilem
930 2301 999 2323 no-

320 2343 387 2380 tari
395 2343 463 2378 hoc
472 2342 643 2389 epitheto:
653 2349 691 2377 ut
699 2343 855 2385 Horam,
867 2340 937 2376 od.
950 2342 999 2384 14:

318 2397 475 2431 Nilentes
497 2396 688 2441 Cycladum
708 2406 782 2429 non
795 2420 804 2438 ,
822 2400 862 2427 ut
884 2392 1000 2427 Cerda

320 2447 363 2482 ad
377 2446 500 2492 Virgil.
512 2458 558 2480 111
568 2473 578 2490 ,
590 2446 673 2480 AEn.
690 2446 751 2480 126
761 2473 770 2490 ‚
784 2459 803 2480 a
813 2458 999 2480 marmore.

364 2501 418 2544 84.
441 2500 582 2533 Laberis
596 2503 632 2534 in
645 2512 765 2542 magno
778 2500 950 2543 numquid,
964 2501 1003 2531 ut

320 2555 411 2591 ante,
424 2554 531 2587 mari?
539 2552 668 2594 Magno
678 2550 830 2595 proprie,
839 2557 878 2584 ut
889 2549 1001 2584 solent

322 2602 476 2648 AEgeum
483 2615 571 2648 saepe
580 2609 692 2648 poetae
700 2614 833 2637 vocare.
846 2602 932 2637 Stat.
940 2612 999 2647 111,

325 2653 437 2688 Theb.
449 2654 533 2698 433:

488 2748 493 2753 1
562 2715 709 2748 Magnoque
722 2714 836 2739 vol-ntes

321 2761 413 2797 injicit
424 2763 518 2797 AEgaeo.

1057 1305 1200 1339 laberis
1212 1317 1296 1339 vero
1308 1311 1359 1339 est
1369 1308 1487 1345 nutas,
1502 1311 1542 1340 ut
1555 1301 1666 1339 insula
1677 1318 1737 1340 na-

1057 1360 1136 1390 tans
1147 1356 1285 1402 proprie
1296 1355 1431 1391 dicitur.
1441 1357 1495 1391 Ita
1507 1367 1584 1402 xlv,
1596 1357 1686 1392 Met.
1697 1357 1736 1393 8:

1019 1436 1037 1455 ÷.
1063 1410 1233 1454 fyrrbena
1242 1421 1309 1452 per
1318 1421 1450 1453 aquom
1466 1410 1605 1454 lapsus:
1617 1415 1654 1444 et
1666 1409 1714 1444 ita
1723 1435 1734 1453 ‚

989 1492 991 1494 .
1058 1460 1359 1505 quemadmodum
1369 1467 1406 1495 et
1413 1462 1508 1502 lab1·,.
1515 1473 1580 1507 pro
1593 1460 1737 1506 naviga-

1057 1509 1096 1546 re
1106 1537 1116 1555 ,
1128 1511 1212 1556 poni
1226 1511 1374 1547 vidimus
1385 1511 1428 1547 ad
1441 1511 1548 1558 Epist.
1557 1524 1581 1548 x
1590 1539 1600 1558 ,
1615 1512 1658 1548 65
1670 1524 1679 1547 t
1689 1512 1738 1548 sic

1059 1570 1094 1598 et
1108 1576 1189 1598 aare
1204 1576 1268 1609 pro
1278 1564 1439 1610 navigare
1450 1578 1459 1607 ;
1470 1571 1507 1600 et
1522 1564 1612 1609 labi,
1625 1572 1738 1605 ethna—

1058 1619 1171 1659 vigare
1183 1628 1248 1660 pro
1257 1622 1389 1650 natare.
1403 1615 1463 1651 Sic
1475 1617 1582 1652 etiarn
1600 1615 1738 1652 Gallim.

1060 1667 1169 1713 Hym.
1186 1667 1224 1700 in
1241 1666 1319 1701 Del.
1336 1667 1379 1702 36
1390 1693 1400 1711 ,
1422 1667 1466 1702 ἆε
1486 1668 1578 1703 Delo
1589 1695 1599 1710 ,
1626 1662 1738 1716 Ᾰγετος

1061 1720 1239 1762 πελάγεσσιν
1253 1720 1394 1757 enixum.
1410 1718 1539 1754 BURM.

1104 1770 1156 1816 89.
1164 1771 1215 1803 Et
1222 1771 1368 1804 crinibus
1378 1782 1503 1806 autum.
1511 1770 1693 1807 Mediceus
1703 1778 1740 1807 et

1059 1820 1287 1856 Sarravianus
1309 1828 1344 1855 et
1370 1821 1738 1868 Langermannianus,

1061 1875 1226 1916 cmn'bus5
1243 1885 1325 1908 cum
1339 1874 1463 1919 quibus
1477 1874 1648 1911 editiones
1663 1877 1740 1912 Ve-

1059 1931 1154 1959 netae
1169 1925 1394 1960 consentiunt
1406 1926 1492 1961 :nisi
1506 1927 1600 1972 quod
1614 1927 1652 1962 in
1667 1941 1740 1964 una

1063 1988 1250 2022 operarum
1265 1990 1385 2011 errore
1400 1977 1444 2012 sit
1453 2004 1464 2022 ,
1476 1981 1630 2022 autibus,
1645 1987 1681 2015 et
1694 1979 1739 2015 de

1062 2030 1208 2063 crinibus
1219 2028 1398 2064 comendis
1412 2029 1484 2074 iam
1498 2038 1717 2076 praecesserat
1727 2046 1738 2074 ;

1061 2079 1220 2126 intelligit
1236 2093 1318 2126 ergo
1329 2081 1544 2126 periscelidas
1556 2108 1566 2126 ‚
1583 2095 1666 2128 quas
1677 2096 1740 2127 ge-

1061 2135 1178 2168 nualia
1194 2140 1311 2177 vocat,
1334 2145 1357 2168 x
1373 2135 1519 2170 Metam.
1535 2136 1622 2183 593:

1060 2188 1207 2220 Poplitibus
1217 2189 1338 2214 suberant
1348 2189 1418 2221 picto
1425 2189 1552 2223 genualia
1560 2190 1650 2216 limbo.

1063 2236 1230 2272 Heinsius
1253 2237 1295 2272 ad
1313 2250 1412 2272 oram
1428 2238 1554 2274 codicis
1569 2240 1740 2285 conjece-e
1807 2236 1811 2242 ¹

1062 2295 1117 2322 rat
1131 2314 1140 2331 ‚
1153 2289 1342 2335 legendum
1356 2293 1505 2325 cruribus
1519 2292 1620 2337 :quia
1635 2293 1741 2328 nimis

1063 2352 1206 2385 operose
1218 2341 1318 2376 toties
1328 2341 1371 2377 de
1381 2345 1526 2377 crinibus
1535 2351 1652 2390 ageret
1662 2357 1741 2390 poe·

1064 2399 1109 2427 ta.
1127 2391 1298 2428 Confusas
1315 2407 1399 2428 vero
1421 2394 1482 2429 has
1500 2408 1599 2432 voces
1612 2423 1623 2441 ‚
1641 2396 1744 2433 docet

1066 2445 1173 2479 etiam
1188 2445 1282 2480 locus
1298 2457 1339 2492 v,
1357 2447 1447 2482 Fast.
1465 2448 1526 2493 37:
1562 2473 1564 2475 .

1064 2503 1141 2528 Mille
1151 2512 1243 2527 manus
1256 2504 1309 2528 illis
1319 2504 1400 2535 dedii,
1413 2509 1439 2528 et
1450 2513 1498 2537 pro
1509 2504 1626 2531 crinibus
1636 2514 1742 2539 angues·

1066 2551 1139 2586 Ubi
1159 2552 1292 2587 codices
1317 2553 1499 2597 meliores,
1511 2566 1575 2597 pro
1595 2556 1744 2594 cruribus

1065 2616 1202 2648 angues.
1221 2604 1351 2638 Bunm.
1361 2624 1406 2630 —
1421 2604 1521 2649 Quid
1534 2612 1628 2645 vetat
1640 2630 1650 2648 ,
1673 2617 1744 2650 quo

1066 2656 1182 2690 minus
1200 2662 1313 2691 mater
1335 2657 1502 2693 ornandae
1527 2656 1606 2692 filie
1619 2657 1743 2696 ¹curio--

1066 2708 1154 2751 sior,
1178 2708 1301 2743 comtis
1321 2710 1392 2755 jam
1415 2709 1540 2755 capillis
1556 2721 1659 2744 aurea
1674 2721 1742 2742 or·-

1067 2767 1234 2796 namenta
1251 2760 1421 2796 addiderit
1436 2760 1452 2794 ?
1488 2784 1492 2789 1
