1884 3112
1399 255 1574 272 mliv

496 393 1001 465 EPISTOLA
1041 397 1216 470 XII.

535 745 829 803 MEDEA
871 747 1195 804 JASONI.

157 863 246 934 AT
269 884 353 934 tibi
377 882 671 945 Colchorum,
695 886 899 945 memini,
924 863 1077 950 regina
1100 889 1268 947 vacavi,

218 964 306 1012 Ars
328 983 444 1023 mea,
470 984 608 1032 quum
629 976 825 1032 peteres,
849 977 899 1014 ut
923 965 1008 1016 tibi
1031 965 1165 1016 serret
1188 986 1331 1034 opem

153 1043 298 1101 Tunc,
324 1062 422 1110 quae
445 1043 705 1111 dispensant
722 1043 929 1093 mortalia
949 1043 1044 1103 fila,
1070 1045 1256 1094 Sorores

219 1120 479 1171 Debuerant
499 1121 624 1171 fusos
648 1121 863 1171 evoluisse
886 1142 1022 1171 meos

155 1198 284 1247 Tunc
303 1199 436 1266 potui
457 1199 619 1250 Medea
639 1199 755 1248 mori
776 1200 920 1249 bene:
944 1200 1165 1281 quidquid
1189 1201 1245 1250 ab
1271 1200 1350 1250 illo

1562 1217 1582 1250 ’,η

224 1276 423 1326 Produxi
444 1277 544 1326 vitae
568 1288 788 1344 tempore,
812 1297 945 1345 poena
966 1278 1063 1327 fuit.

158 1353 248 1403 Hei
267 1354 405 1402 mihi!
431 1374 510 1403 cur
532 1374 729 1421 unquam
750 1354 1021 1421 juvenilibus
1044 1367 1139 1404 acta
1162 1355 1334 1421 lacertis

223 1430 467 1498 Phryxeam
489 1431 620 1499 petiit
642 1431 786 1481 Pelias
809 1433 943 1482 arbor
967 1435 1125 1482 ovem?

159 1508 252 1558 Cur
273 1527 471 1575 unquam
496 1507 654 1558 Colchi
676 1509 935 1573 Magnetida
953 1509 1143 1557 vidimus
1165 1509 1290 1571 Argo
1309 1528 1319 1566 ;

220 1585 462 1653 Turbaque
485 1586 742 1636 Phasiacam
769 1587 901 1652 Graja
922 1586 1103 1635 bibistis
1128 1587 1322 1653 aquam?
1545 1614 1583 1635 ιο

199 1730 229 1752 1.
244 1715 299 1752 At
318 1718 386 1751 tibi
396 1723 460 1752 etc.
478 1716 585 1752 Initio
599 1716 705 1762 hujus
720 1716 830 1763 Epis-

144 1767 230 1809 ,tolae
243 1781 364 1805 rursus
379 1769 559 1806 audiamus
581 1770 722 1817 ingenia
743 1784 830 1807 cor-

149 1828 340 1857 rectorum.
357 1822 417 1858 Sic
431 1822 538 1870 igitur
552 1823 619 1859 illi:
636 1861 638 1863 ,

150 1883 221 1908 Exul
228 1901 237 1915 ‚
250 1883 326 1917 inope
333 1902 343 1914 ,
356 1888 503 1918 contempta
515 1893 584 1910 novo
594 1884 689 1911 Medea
699 1886 794 1911 mai-ito

184 1932 257 1958 Dicit
269 1941 276 1959 ε
290 1942 324 1958 ui
337 1941 352 1957 ι
363 1933 449 1966 regni·
460 1939 577 1968 tempora
588 1934 660 1959 uuna
670 1935 785 1960 vacant?

153 1981 203 2016 Et
209 1980 377 2021 hactenus
386 1982 530 2029 quidem
542 1990 721 2030 utcunque
732 1991 834 2019 erant

152 2033 292 2069 serendi
309 2060 320 2079 ,
351 2048 448 2071 nunc
473 2035 578 2071 nimis
606 2035 833 2082 impudenter

154 2086 342 2132 ineptiunt.
357 2087 535 2122 Praeterea
552 2089 606 2123 At
619 2089 834 2123 lt'be‘Putea—

156 2150 244 2173 neus
270 2151 351 2174 cum
372 2139 443 2175 aliis
464 2140 643 2175 nonnullis
662 2154 669 2175 :
690 2141 833 2186 optime.

156 2190 211 2224 Ita
232 2189 328 2225 enim
346 2191 569 2239 indignantes
591 2199 650 2227 aut
666 2192 834 2227 mirantes

154 2241 424 2279 exordiebantur
434 2245 651 2291 plerumque.
659 2247 758 2281 H.—
767 2248 833 2281 Re-

151 2298 235 2340 gina
244 2300 376 2332 vacavi.
393 2296 468 2332 Etsi
485 2296 701 2334 Colchorum
714 2299 835 2345 regina

152 2347 296 2392 fuerim,
306 2355 342 2383 et
354 2348 444 2395 regis
457 2349 538 2394 filia,
548 2364 665 2385 meam
679 2347 740 2386 tilii
755 2364 834 2397 ope-

152 2413 230 2435 ram
254 2401 418 2447 praestiti,
445 2403 540 2448 quasi
561 2403 652 2439 curis
671 2405 834 2439 omnihus

153 2466 265 2488 vacua
277 2480 286 2494 ,
311 2460 347 2488 et
363 2460 435 2489 tota
451 2455 487 2488 in
504 2454 675 2490 servando
693 2456 833 2492 Jasone.

194 2505 226 2539 3.
235 2507 451 2550 Bispensant
456 2510 615 2541 mortalia
614 2510 686 2554 fila
695 2522 833 2545 somres.

91 2587 94 2590 .
149 2557 261 2591 Facta
285 2557 486 2593 Puteaneus
509 2565 544 2593 et
568 2559 623 2593 alii
645 2561 832 2604 nonnulli;

152 2609 280 2644 frustra
298 2622 306 2644 ι
323 2616 358 2644 at
382 2609 547 2657 Scaligeri
575 2619 735 2658 excerpta
753 2626 835 2648 cum

154 2662 273 2697 multis
286 2662 425 2706 nostris,
430 2665 516 2709 fila,
536 2663 629 2709 quod
640 2677 764 2699 verum
775 2673 835 2700 est.

202 2728 230 2761 7.
257 2716 329 2749 mi
347 2715 448 2750 mihi!
479 2723 543 2750 etc.
566 2716 620 2751 Ex
645 2716 811 2764 Euripide
825 2745 834 2763 ,

158 2766 193 2801 in
213 2767 286 2813 ipso
303 2768 442 2804 Fabulae
459 2768 599 2804 exordio
615 2783 622 2804 :

895 1712 965 1754 1'2'16'
976 1716 1065 1763 ὦφλ’
1082 1709 1198 1765 Α’ργοῦς
1223 1722 1267 1762 μὴ
1297 1721 1481 1755 &tarra-iffa:
1505 1720 1582 1754 σκά-

987 1785 1037 1817 φος
1051 1795 1061 1814 ,
1078 1786 1104 1804 κ.
1123 1787 1149 1805 τ.
1168 1774 1193 1804 λ.

900 1820 1010 1866 Quod
1042 1822 1212 1858 verbatim
1244 1822 1381 1858 Ennius
1412 1822 1449 1858 in
1480 1837 1579 1859 suam

897 1874 1073 1909 transtulit
1088 1888 1095 1910 :

930 1934 1041 1959 Utinam
1050 1944 1082 1960 ne
1095 1935 1122 1960 in
1136 1944 1239 1960 nemore
1252 1936 1326 1961 Pelio
1339 1937 1474 1963 securibus

932 1988 1008 2013 Caesae
1021 1988 1174 2013 cecidissent
1184 1989 1296 2022 abiegnoe
1308 1990 1342 2015 ad
1355 1996 1449 2016 terram
1463 1991 1527 2019 trab
1538 2001 1547 2015 w*
1557 2004 1567 2025 ,ι

931 2042 1005 2068 Neve
1019 2042 1078 2067 inde
1090 2052 1164 2068 ηεινη
1181 2043 1330 2070 inchoandae
1341 2054 1389 2070 exo

931 2096 1046 2129 Cepisset
1054 2116 1063 2128 ‚
1077 2106 1135 2131 qum
1146 2106 1216 2123 nunc
1228 2099 1378 2124 nominatur
1394 2101 1498 2126 nomine

931 2148 1021 2181 Argo,
1035 2158 1087 2182 qua
1101 2150 1168 2175 vecti
1182 2150 1277 2184 Argivi
1289 2152 1382 2177 delecti
1396 2153 1447 2178 viri

930 2202 1054 2227 Petebant
1064 2203 1134 2228 illam
1147 2204 1241 2237 pellem
1255 2205 1399 2230 inauratum
1410 2207 1512 2238 arietis,

1391 2045 1478 2071 rdium

931 2252 1032 2278 Colchis
1045 2253 1153 2287 imperio
1167 2254 1233 2287 regis
1246 2254 1323 2279 Pelia
1335 2264 1381 2288 per
1394 2256 1483 2281 dolum
1495 2259 1501 2281 Ι

899 2301 1017 2337 Multo
1034 2309 1152 2337 autem
1165 2303 1356 2350 elegantius
1373 2303 1446 2340 haec
1456 2304 1579 2340 eadem

899 2355 1069 2391 Phaedrus
1083 2382 1092 2400 ,
1110 2366 1168 2401 lv,
1186 2356 1229 2391 6:

932 2417 1040 2441 Utinam
1057 2426 1103 2442 nec
1119 2426 1233 2451 unquam
1246 2417 1311 2443 Pelii
1324 2418 1435 2442 nemoris
1446 2418 1509 2451 juge

931 2467 1012 2493 Pinus
1025 2467 1131 2500 bipenni
1145 2467 1298 2492 concidisset
1310 2466 1432 2492 'rhea-saza
1440 2486 1448 2498 ,

932 2517 987 2542 Nec
1001 2517 1033 2541 nd
1045 2516 1165 2550 prosc-sem
1178 2517 1268 2542 mortis
1281 2516 1405 2541 audacem
1418 2516 1487 2541 viam

932 2566 1093 2592 Fabricasset
1103 2566 1177 2599 Argu

945 2630 976 2664 9.
991 2618 1194 2662 Magnetida
1201 2618 1345 2651 vidimus
1355 2616 1391 2651 A
1392 2617 1469 2659 rgo?
1476 2614 1532 2650 Th
1536 2628 1583 2650 es-

900 2668 1038 2703 salicam
1069 2682 1197 2703 navem
1223 2683 1231 2704 :
1270 2669 1451 2714 Magnesia
1489 2667 1583 2702 enim

903 2721 1088 2756 Thessaliae
1112 2721 1332 2756 contermina
1356 2720 1452 2767 regio
1462 2747 1471 2765 ,
1489 2720 1587 2765 cujus

904 2773 1022 2819 populi
1041 2775 1221 2817 Magnetes
1238 2773 1453 2809 dicebantur.

1179 2575 1191 2590 s
1201 2575 1278 2600 opere
1288 2565 1401 2592 Palladis
1412 2567 1505 2590 ratem!
1522 2571 1571 2590 otc.
