1884 3112
301 272 358 316 92
653 253 1340 310 5101101111·Ηο5501111

302 346 439 414 Quod
461 347 677 399 Venerem
701 351 874 411 tollam,
902 353 1174 419 quodagam
1198 356 1292 405 sine
1317 357 1503 423 conjuge
1520 359 1655 410 ι1113111
1665 373 1683 420 ,“

364 426 447 473 Est
468 445 565 475 mea
583 427 750 492 judicio
774 429 938 479 rustica
961 429 1070 480 silva
1092 443 1184 480 tuo.

299 500 484 549 Rustica
507 502 565 550 sit
587 521 711 562 sane,
737 504 856 553 vitiis
880 505 1076 574 aulaeque
1102 508 1279 575 tuisque
1654 528 1714 562 155

364 577 483 624 Dum
507 590 645 638 caret,
671 591 716 628 et
739 593 856 631 casta
880 595 968 642 051,
995 585 1203 652 quodque
1222 605 1476 653 sequamur,
1500 588 1647 640 habet.

298 653 361 701 At
384 654 542 702 studiis
567 668 634 704 est
658 656 774 706 01313
795 659 930 717 111015;
956 660 1151 720 infamis,
1178 674 1223 711 et
1244 663 1353 730 ipsis

363 730 635 780 Detestanda
657 732 783 793 feris,
809 747 851 784 te
875 737 1098 797 veniente,
1126 738 1253 788 foret.

300 805 410 865 Cur,
436 826 491 855 ne
517 807 737 869 deficiam,
763 813 923 862 metuis
945 815 1091 863 mihi?
1113 834 1271 883 nempe
1295 815 1468 867 labores

364 881 551 932 Alterna
572 886 745 974 requie,
771 888 948 956 vitaque
969 903 1123 941 nostra
1146 904 1308 942 carent.
1659 909 1719 944 160

298 958 512 1009 Falleris·
533 960 620 1011 alta
644 963 770 1029 quies
793 965 882 1014 sibi
903 986 1027 1017 mens
1051 980 1118 1017 est
1140 969 1317 1018 conscia
1338 970 1472 1019 recti:

362 1037 458 1084 Hac
480 1037 625 1098 fruor3
650 1040 743 1091 haec
769 1060 941 1110 semper
963 1057 1143 1111 pectora
1163 1057 1317 1094 nostra
1336 1046 1466 1096 fovet.

299 1115 406 1163 Haec
429 1116 540 1163 mihi
562 1137 643 1184 per
664 1132 864 1180 montes,
889 1135 1199 1190 praeruptaque
1225 1142 1327 1173 saxa
1348 1125 1548 1188 vaganti,

364 1192 467 1256 Qua
489 1213 683 1254 recreor,
708 1217 854 1247 comes
878 1211 966 1258 est,
992 1212 1194 1266 aegraque
1213 1200 1346 1250 corda
1368 1200 1492 1250 levat.

301 1270 447 1333 Quam
466 1271 589 1336 juvat
611 1273 685 1321 hic
709 1273 818 1324 aulae
842 1276 1031 1343 strepitu
1054 1275 1267 1343 fumoque
1291 1289 1536 1338 carentem,
1660 1292 1720 1326 165

364 1347 424 1395 Et
446 1348 604 1413 procul
628 1349 793 1399 invidia
815 1351 983 1411 vivere,
1010 1363 1141 1418 teque
1163 1351 1350 1418 procul!

300 1424 373 1472 Ad
395 1426 594 1491 requiem
618 1427 724 1475 satis
749 1440 815 1476 est
837 1428 999 1495 patulae
1023 1429 1107 1477 sub
1133 1428 1323 1492 tegmine
1347 1427 1459 1493 fagi,

365 1503 426 1549 Et
450 1513 610 1551 temere
633 1503 680 1551 in
703 1505 833 1552 viridi
856 1505 1149 1571 procubuisse
1173 1504 1282 1554 solo.

302 1578 398 1626 Illic
423 1598 445 1627 0
471 1578 592 1628 silvis
613 1581 815 1640 veniens,
842 1594 918 1631 aut
940 1581 1150 1641 vallibus,
1177 1601 1304 1640 aura,

364 1656 653 1723 Frondeaque
677 1659 856 1708 ardores
880 1671 948 1708 sat
970 1659 1085 1708 levat
1106 1660 1266 1708 umbra
1288 1678 1424 1709 meos.
1662 1686 1724 1720 170
1781 1719 1792 1731 .

301 1735 473 1782 Interea
499 1735 634 1797 gemit
654 1736 702 1783 in
725 1737 880 1803 patriis
904 1737 994 1785 avis
1017 1736 1167 1784 Attica
1191 1735 1334 1794 silvis,

366 1811 612 1861 Etrviolare
637 1825 757 1862 toros
778 1812 990 1863 admonet
1011 1833 1106 1863 0550
1129 1813 1266 1862 nefas.

306 1887 432 1950 Quid
452 1889 650 1954 requiem
671 1890 947 1953 ingeminas?
971 1890 1166 1956 Requies
1189 1890 1237 1938 in
1261 1889 1446 1939 crimine
1469 1888 1593 1939 nulla
1614 1900 1708 1940 est:

366 1965 436 2012 Ex
460 1963 558 2024 illo,
584 1965 622 2013 si
646 1986 733 2032 qua
756 1979 842 2026 est,
867 1979 970 2015 nata
991 1968 1185 2029 Megaera
1206 1965 1305 2014 fuit.

303 2042 403 2091 Hoc
426 2062 566 2091 unum
588 2043 716 2092 taedis
741 2045 908 2093 animos
932 2044 1192 2094 ardentibus
1215 2044 1326 2103 urit,
1664 2058 1724 2105 ¹75

366 2121 466 2169 Hoc
490 2140 629 2170 unum
653 2122 827 2189 Stygias
851 2122 1004 2171 condit
1026 2122 1074 2170 in
1100 2141 1200 2170 ossa
1221 2121 1348 2170 faces.

303 2198 406 2263 Ipsa
430 2208 528 2245 tuas
551 2196 707 2257 furias,
735 2211 779 2247 et
802 2217 938 2249 caecos
961 2198 1142 2247 consule
1166 2210 1345 2246 motus:

369 2275 473 2322 Non
497 2294 622 2323 secus
646 2295 695 2324 30
719 2276 872 2342 thyrso
897 2276 1066 2324 concita
1088 2275 1282 2334 Baccha,
1306 2274 1437 2323 furis.'

306 2352 475 2400 Mentis
498 2352 630 2419 inops
654 2354 843 2420 raperis3
863 2373 944 2402 nec
962 2353 1129 2412 adhuc,
1153 2353 1241 2401 nisi
1262 2364 1428 2413 mente,
1455 2351 1636 2402 scelesta
1650 2368 1723 2400 es:

369 2430 418 2477 Si
441 2448 488 2478 re
512 2449 759 2496 peccasses,
787 2450 876 2497 quo
900 2449 1100 2496 raperere
1123 2428 1287 2477 modo?
1662 2442 1723 2476 :80

306 2505 368 2552 At
389 2505 519 2564 mihi,
544 2507 607 2555 sic
632 2506 751 2555 dives
774 2506 1004 2573 promissis
1027 2506 1154 2554 litera
1177 2504 1393 2572 spondet,

371 2581 581 2646 Conjugii
606 2582 689 2630 dos
710 2594 777 2630 051
800 2583 931 2641 Creta
953 2581 1102 2631 futura
1124 2581 1203 2629 tui.

308 2655 383 2704 Nil
404 2656 497 2718 agis
518 2677 528 2705 :
551 2670 603 2706 ut
625 2658 787 2708 violem
810 2670 899 2707 tam
921 2670 1080 2708 sanctae
1102 2657 1268 2706 foedera
1290 2655 1421 2718 legis,

372 2735 478 2784 Non
499 2735 609 2784 mihi
634 2748 683 2785 tu
707 2737 844 2796 tanti,
870 2747 1051 2802 totaque
1071 2736 1201 2784 Creta
1221 2746 1297 2783 tua
1320 2743 1397 2782 est.
1454 2783 1460 2789 ,

1879 1197 1884 1212 -
1879 1141 1884 1148 .
1873 1106 1884 1122 m
1878 1025 1884 1087 oh.-
1866 696 1884 997 fflm2eiawefl'4.³ae2r2*‘²-
1868 627 1884 669 ,ΝΑ
1870 594 1884 608 j
1870 553 1874 558 ·
