1884 3112
420 220 994 266 HYPERMNESTRA
1034 221 1333 267 LYNCEO.
1501 225 1586 268 253

161 313 302 377 Finge
324 312 444 362 viros
465 313 678 362 meruisse
702 313 816 362 mori
836 333 846 362 :
868 314 978 380 quid
999 313 1181 363 fecimus
1204 314 1344 382 ipsae?

229 391 336 456 Quo
360 391 471 440 mihi
495 390 733 440 commisso
755 411 851 440 non
875 391 980 440 licet
1001 410 1095 440 esse
1117 391 1233 458 piae?
1299 393 1302 397 ’

163 469 286 535 Quid
312 469 422 518 mihi
443 489 543 519 cum
564 470 715 519 ferro?
741 469 850 536 quid
871 469 1030 518 bellica
1051 468 1137 518 tela
1156 469 1352 536 puellae?
1544 485 1590 518 65

227 548 394 615 Aptior
416 560 484 597 est
506 548 659 612 digitis
682 547 782 597 lana
806 546 1020 614 colusque
1043 547 1165 596 meis.

164 626 272 675 Haec
297 625 625 693 ego;-dumque
651 644 834 692 queror,
860 624 1047 674 lacrimae
1070 643 1148 673 sua
1173 625 1307 674 verba
1325 638 1590 692 sequuntur,

229 703 387 770 Deque
410 703 521 752 meis
546 702 688 752 oculis
710 702 758 750 in
781 714 858 750 tua
873 702 1070 750 membra
1090 701 1265 750 cadunt.

164 781 287 830 Dum
308 781 425 850 petis
447 780 696 848 amplexuS‚
722 780 955 846 sopitaque
978 779 1160 829 brachia
1179 780 1342 846 jactas3

230 858 360 908 Paene
384 877 541 908 manus
566 857 655 907 telo
681 858 827 925 saucia
847 857 962 906 facta
986 870 1062 907 tua
1085 871 1164 907 est.
1553 889 1596 922 70

165 937 352 1003 Jamque
375 947 569 1004 patrem,
593 935 873 1002 famulosque
898 935 1058 1002 patris,
1083 934 1314 1003 lucemque
1341 938 1561 987 timebam.

230 1012 512 1081 Expulerunt
535 1032 719 1062 somnos
741 1012 834 1061 haec
856 1032 953 1061 mea
977 1013 1092 1061 dicta
1116 1025 1245 1062 tuos:
1300 1024 1303 1029 ’

166 1092 307 1156 Surge
328 1111 431 1156 age,
455 1092 632 1150 Belide,
659 1091 712 1140 de
735 1102 806 1139 tot
827 1091 964 1139 modo
986 1091 1201 1140 fratribus
1224 1112 1369 1151 unus;

230 1171 334 1220 Nox
357 1170 442 1219 tibi
455 1207 468 1229 ,
492 1170 542 1218 ni
564 1188 777 1237 properas
791 1206 803 1227 ,
825 1168 911 1217 ista
933 1168 1140 1241 perennis
1158 1169 1253 1218 erit.

166 1285 389 1325 pentameter
400 1305 411 1324 ,
425 1279 526 1326 cuius
540 1279 697 1326 exempla
718 1278 849 1325 aliquot

167 1338 250 1367 sunt
258 1331 295 1367 in
304 1332 430 1367 ultimo
439 1333 515 1378 ejus
522 1339 728 1378 poematum
735 1339 849 1367 tomo:

167 1383 228 1418 sed
238 1384 347 1428 nulla,
359 1384 455 1430 quod
463 1385 584 1429 sciam,
594 1385 632 1419 in
641 1384 708 1420 hoc
719 1384 848 1430 primo,

168 1436 236 1472 nisi
253 1436 343 1480 boc;
365 1445 402 1473 et
418 1437 528 1484 Epist.
551 1449 636 1481 xlx,
666 1438 732 1481 204
747 1450 756 1472 ι
771 1449 850 1482 quae

170 1487 302 1524 ovidio
331 1502 351 1525 a
367 1489 487 1525 multis
517 1489 735 1534 abjudicatur
760 1488 849 1529 :,sed

167 1549 374 1589 corruptum
385 1555 457 1578 esse
468 1541 660 1579 ostendunt
671 1542 773 1576 variae
786 1541 850 1576 lec-

167 1594 293 1630 tiones.
324 1595 369 1630 111
385 1595 568 1635 Puteaneo
591 1606 709 1631 erasus
730 1600 824 1628 totus
837 1619 847 1637 ,

170 1647 231 1692 qui
248 1647 344 1693 prins
357 1646 539 1693 legebatur
550 1673 563 1691 ,
573 1659 700 1682 versus
711 1673 721 1690 ,
741 1652 776 1681 et
791 1645 849 1681 ille

167 1700 375 1746 suppositus,
388 1700 447 1746 qui
456 1699 700 1745 nunciegitur.
711 1699 754 1734 In
761 1698 851 1733 Gro-

168 1751 322 1789 fluviano
343 1758 398 1790 est
421 1765 430 1787 :
459 1753 540 1795 Qua·
564 1756 682 1787 tamem
700 1755 851 1786 extemis·

167 1817 271 1849 'tgna
290 1806 437 1842 tamuda
450 1805 580 1850 fiarent.
600 1805 642 1839 111
665 1803 797 1839 Moreti
814 1810 850 1838 et

170 1856 309 1895 duobus
330 1857 403 1894 aliis
426 1869 436 1892 ε
462 1859 554 1901 Qun:
570 1861 683 1894 lamen
700 1859 852 1893 extemis

168 1912 372 1956 &capiiwda
388 1910 516 1956 sbtent.
534 1909 646 1956 Quod
671 1923 745 1945 non
773 1909 852 1944 dis-

170 1962 287 2009 plicet,
299 1969 336 1998 et
348 1975 472 1999 vocem
484 1965 617 2007 genem·
631 1975 650 1998 a
665 1962 851 2007 glossatore

172 2014 385 2061 adscriptum
393 2026 468 2053 esse
478 2022 565 2062 puto
573 2041 585 2058 ,
599 2015 662 2060 qui
672 2014 757 2049 illud
767 2014 853 2049 Vir-

173 2066 242 2114 gilii
258 2067 295 2103 in
307 2067 427 2105 animo
441 2067 590 2105 habebat
599 2093 610 2111 ,
624 2066 681 2102 lib.
694 2076 750 2101 vn
759 2091 770 2110 ,
787 2066 848 2114 98:

172 2122 281 2159 ss'xterni
293 2123 403 2151 'minat
412 2122 508 2156 generi.
515 2150 521 2155 ¹

175 2171 344 2208 Francius
374 2172 512 2212 volebat
526 2198 536 2215 ,
560 2172 710 2209 extemis
737 2172 854 2205 danda

164 2223 268 2268 suere
277 2224 455 2269 w'riuscl‘
467 2226 630 2259 Extemfis
637 2226 771 2268 genem·
783 2236 854 2269 quae

175 2277 273 2311 modo
287 2278 403 2311 danda
405 2277 534 2321 fontal-
551 2277 683 2313 BURM.

199 2327 278 2372 15⁴..ss
303 2331 377 2372 Quo
395 2331 482 2364 mihi
495 2333 672 2367 commisso
689 2341 756 2364 non
770 2331 856 2363 licet

175 2393 252 2416 esse
258 2384 368 2426 piam.
377 2383 466 2416 Esse
476 2384 544 2425 pie
551 2382 770 2423 patenum„
789 2394 856 2427 op-

177 2434 262 2469 time
285 2446 293 2468 z
318 2433 468 2470 alterum
490 2434 609 2469 minus
632 2434 770 2479 elegans
784 2461 794 2478 ,
820 2441 856 2470 et

177 2498 248 2532 quo
264 2498 436 2531 perquam
446 2485 516 2520 rari
529 2486 670 2531 optimae
681 2486 856 2522 latinitatis

175 2538 362 2584 scriptores
382 2538 436 2573 usi
462 2538 542 2578 sint.
555 2536 684 2574 Caesar
694 2564 704 2581 ,
734 2538 791 2573 lib.
816 2550 856 2574 VI

178 2591 266 2627 Bell.
282 2591 372 2627 Gall.
389 2591 432 2629 35
453 2602 462 2624 ε
485 2592 579 2634 Quid
596 2603 659 2628 vos
680 2592 770 2626 hanc
791 2594 857 2625 mi·-

177 2657 298 2684 seram,
312 2656 356 2679 ac
371 2647 500 2679 tenuem
513 2645 854 2688 sectamirdproedam,

177 2700 297 2743 quibus
310 2699 393 2731 licet
401 2709 478 2730 esse
481 2695 776 2740 fhdunattssrsimtssr.
790 2696 859 2732 lni-

181 2749 230 2784 tio
245 2749 302 2785 lib.
318 2760 363 2784 111
383 2748 469 2784 Bell.
493 2747 593 2784 Civil.
610 2761 749 2794 quoque
766 2749 859 2785 scri-

913 1276 1073 1313 bendum
1087 1276 1227 1312 videtur
1245 1291 1254 1313 t
1277 1279 1315 1313 Is
1329 1282 1418 1314 enim
1436 1284 1513 1314 emt
1525 1293 1598 1315 aa·-

914 1343 996 1370 nus,
1016 1343 1079 1375 quo
1100 1331 1158 1364 illi
1167 1343 1234 1375 per
1250 1332 1344 1375 leges
1368 1335 1503 1366 consuli
1523 1346 1599 1367 esse

913 1384 1060 1422 licebat,
1082 1394 1157 1416 non
1174 1385 1352 1417 consulem.
1366 1383 1500 1419 Auctor
1511 1385 1599 1420 Belli

914 1433 1095 1480 Hispanici
1113 1446 1120 1469 ε
1138 1436 1247 1469 Pelii!
1269 1438 1313 1469 ab
1337 1438 1532 1480 oppidanis,
1562 1441 1602 1472 ul

914 1489 951 1520 ei
971 1484 1090 1522 licem!
1111 1490 1224 1532 legato
1242 1490 1294 1523 ad
1313 1490 1478 1525 Coesarem
1495 1492 1601 1536 profi·-

914 1542 1008 1575 ct‘sci.
1036 1540 1207 1575 Horatius
1222 1566 1232 1583 ,
1259 1540 1333 1576 Sat.
1355 1552 1406 1586 11,
1434 1542 1538 1585 lib.1‚
1561 1550 1601 1576 ut

914 1591 953 1625 in
970 1592 1166 1627 veterrimis
1187 1592 1280 1627 libris
1302 1593 1430 1640 legitur
1443 1621 1453 1638 ,
1481 1596 1599 1630 Muni—

901 1645 978 1690 fica
999 1657 1075 1679 esse
1090 1647 1198 1687 licen·
1224 1652 1260 1680 et
1281 1645 1353 1680 Sat.
1367 1658 1381 1681 1
1396 1659 1405 1682 ε

1074 1701 1158 1735 Atqui
1169 1701 1230 1726 licet
1242 1709 1298 1726 esse
1311 1701 1404 1726 beatis.
1439 1702 1549 1728 Kams-

956 1750 1011 1785 65.
1031 1751 1124 1794 Quid
1136 1753 1259 1785 bellica
1278 1753 1349 1785 tela
1359 1753 1490 1796 puelle.
1525 1753 1598 1795 Quo

915 1803 1117 1839 Puteaneus
1134 1810 1170 1838 et
1181 1803 1397 1850 Argentinus
1409 1817 1418 1838 ς
1431 1811 1537 1840 recte.
1550 1805 1598 1839 H.

960 1856 1014 1903 69.
1043 1857 1136 1891 Dum
1158 1860 1250 1900 petis
1278 1859 1478 1901 amplexum.
1508 1858 1603 1892 Puto

914 1910 1090 1952 amplexu,
1103 1914 1148 1942 .ut
1164 1909 1312 1943 Metam.
1331 1920 1371 1943 v1
1384 1935 1394 1952 ,
1422 1909 1509 1953 604:

894 1964 1024 2001 :Oraque
1035 1968 1137 1994 develat
1152 1968 1251 1994 miserm
1259 1968 1412 2002 pudibunda
1424 1969 1519 1994 sororis
1529 1979 1538 2001 ;

916 2015 1105 2051 Amplexuque
1115 2017 1190 2050 petit.

920 2065 973 2100 Ita
990 2065 1085 2100 enim
1102 2065 1170 2101 illic
1186 2066 1311 2101 vetusti
1324 2066 1470 2102 codices.
1492 2067 1603 2113 Epis-

919 2117 990 2152 tola
1007 2117 1161 2152 Leandri
1180 2131 1189 2153 :
1203 2119 1348 2163 Excipis
1363 2123 1531 2164 amplexu.
1551 2121 1600 2156 H.

967 2184 1018 2217 72.
1041 2172 1255 2215 Expulerunt
1275 2184 1420 2207 somnos.
1450 2175 1604 2218 Expule—

918 2226 998 2257 runt
1015 2222 1237 2260 Puteaneus:
1253 2224 1371 2269 probe.
1389 2224 1481 2260 Vide
1496 2226 1605 2260 Notas

921 2273 963 2313 ad
987 2274 1095 2320 Epist.
1113 2285 1169 2311 vn
1185 2301 1195 2319 ,
1221 2289 1308 2311 vers.
1336 2276 1407 2311 166.
1425 2277 1560 2313 HEINS.

966 2326 1016 2372 73.
1038 2325 1103 2361 'De
1133 2331 1186 2362 tol
1205 2330 1303 2363 modo
1318 2328 1488 2373 fratribus
1508 2343 1603 2365 unus.

923 2379 1003 2413 Hoc
1023 2379 1096 2414 sere
1116 2379 1377 2415 hemistichium
1401 2381 1493 2416 infra
1512 2383 1606 2428 posi—

922 2438 1023 2467 turus
1038 2438 1104 2473 est.
1121 2431 1226 2468 Clor.

969 2486 1018 2530 74.
1036 2485 1114 2518 Nox
1127 2487 1205 2526 tibi,
1225 2488 1450 2530 nipropctas,
1467 2489 1537 2520 ista
1544 2500 1602 2532 pe-

922 2540 1037 2571 renm}
1065 2540 1139 2572 erit.
1171 2536 1292 2573 Simile
1321 2537 1370 2572 illi
1399 2537 1577 2574 catullino
1593 2565 1603 2584 ,

927 2589 1046 2624 Carm.
1059 2601 1083 2625 v
1096 2616 1106 2634 ,
1122 2590 1144 2625 6
1158 2602 1167 2625 :

1021 2646 1135 2686 Nox'en
1146 2652 1270 2680 perpetua
1283 2656 1333 2672 una
1346 2646 1508 2674 ‹lm-mimda.

923 2712 968 2723 ·-·
986 2697 1037 2730 Ni
1057 2708 1227 2740 properes.
1252 2698 1304 2733 Na·
1315 2709 1497 2743 pmpems,
1522 2710 1606 2735 me-
1627 2720 1632 2724 ·

924 2749 1039 2785 liores.
1056 2749 1189 2786 HMNS.
