1884 3112
303 223 381 266 152

745 221 1095 271 EPISTOLA
1131 226 1252 275 VII.

1703 0 1722 29 ,²
1829 0 1884 205 ἚἾ

292 313 374 363 Illa
396 313 487 363 dies
509 315 683 373 nocuit,
710 334 797 381 qua
818 335 902 364 nos
926 315 1087 366 declive
1110 318 1194 366 sub
1218 326 1392 368 'antrum

361 389 584 440 Caeruleus
608 391 768 439 subitis
792 391 1006 458 compulit
1027 391 1329 461 imberaquis.

292 469 530 518 Audieram
552 486 726 526 vocem3
749 469 976 535 Nymphas
999 469 1190 519 ululasse
1212 471 1391 537 putavi:

1656 484 1701 533 ‘g

358 544 623 593 Eumenides
645 543 747 593 fatis
769 546 895 608 signa
919 546 1074 596 dedere
1098 548 1222 596 meis.

294 621 452 683 Exige,
479 619 575 669 laese
598 621 764 687 pudor,
788 640 963 688 poenas,
988 622 1146 672 violate
1169 623 1339 672 Sichaeo
1359 644 1370 673 ε

359 698 432 745 Ad
455 717 605 763 quem,
631 717 699 747 me
722 698 947 747 miseram!
971 698 1104 766 plena
1124 700 1308 766 pudoris
1331 720 1397 750 eo.

297 775 380 822 Est
400 773 510 821 mihi
531 793 772 824 marmorea
793 787 986 825 sacratus
1009 777 1057 824 in
1078 777 1167 826 aede
1192 778 1386 826 Sichaeus
1405 797 1417 827 τ

340 908 393 955 93.
409 910 477 942 Illa
494 911 568 943 dies
582 912 715 951 nocuit,
737 922 803 956 qua
827 923 889 945 nos
909 912 971 944 de·-

296 962 382 994 clive
408 962 468 994 sub
502 964 632 995 antrum
660 963 827 997 Caeruleus
850 965 972 997 subitis

298 1014 457 1055 compulit
470 1015 577 1046 imber
586 1016 691 1057 aquis.
725 1014 806 1049 Non
833 1025 972 1059 possum

300 1063 383 1108 quin
414 1063 483 1098 huc
514 1063 668 1098 adferam
705 1064 970 1099 celeberrimum

299 1115 423 1161 virgil.
439 1115 553 1150 locum
565 1142 573 1158 ,
601 1116 684 1150 AEn.
696 1126 748 1159 1v,
770 1117 840 1151 165.
871 1117 976 1152 Nun-

302 1179 408 1211 quam
420 1167 570 1202 occurrit
582 1167 812 1212 frequentior,
826 1168 885 1213 qui
897 1168 976 1203 satis

306 1230 489 1263 nunquam
502 1219 705 1264 perlegitur:

301 1278 455 1311 Speluncam
466 1278 536 1304 Dido
545 1297 554 1309 ‚
569 1279 622 1303 dux
636 1283 663 1303 et
675 1278 805 1311 Troianus
816 1278 933 1303 eamdem

302 1331 451 1356 Deveniunt
465 1339 471 1355 :
490 1331 573 1364 prima
585 1331 662 1355 tellus
674 1337 699 1355 et
713 1330 827 1364 pronuba
838 1330 853 1355 J
859 1338 908 1355 uno

306 1385 376 1409 Dant
389 1384 491 1416 signum
505 1391 511 1408 :
527 1383 622 1407 fulsere
635 1383 704 1415 ignes
718 1388 743 1408 et
755 1382 873 1408 conscius
889 1380 967 1407 nither

305 1435 599 1469 Connubii‚sunzmoque
606 1435 738 1460 ulularunt
746 1435 980 1469 verticeNymphoe.

304 1487 352 1511 Ille
366 1487 420 1512 dies
434 1487 533 1520 primus
545 1486 606 1511 lethi
614 1506 623 1518 ,
635 1488 785 1520 primusque
797 1487 923 1512 mulorum

305 1536 388 1561 Causa
393 1535 443 1560 fuit
451 1545 457 1561 ι
464 1543 547 1569 neque
552 1536 621 1561 enim
627 1531 710 1568 Specie
715 1534 982 1566 famavemovetur3...

351 1584 404 1630 96.
428 1586 631 1618 Eumenides
637 1583 730 1628 sattlr
749 1586 848 1627 signa
862 1584 985 1617 dedere

310 1639 403 1670 meis.
414 1636 520 1670 Forte
530 1634 731 1681 legendum,
745 1642 882 1669 auctore
896 1635 985 1668 Len-

310 1701 378 1732 nep
383 1715 390 1721 .
396 1688 599 1721 Eumenides
598 1686 779 1730 falisigna
786 1688 906 1720 dedere
911 1689 986 1720 mel.

315 1738 415 1783 Quid
428 1738 523 1773 enim
535 1764 544 1782 ‚
563 1738 609 1772 ait
618 1764 627 1781 ‚
643 1741 740 1782 segma
754 1739 873 1771 dedere
873 1737 987 1782 salis,-

312 1790 378 1826 nisi
387 1790 476 1824 sorte
483 1792 611 1824 Parcas
620 1787 763 1833 intelligi
769 1787 988 1832 velis,quibus

312 1845 411 1885 signa
427 1841 588 1875 dederint
604 1842 806 1875 Eumenides
822 1866 829 1879 ‚
858 1846 897 1873 ut
912 1846 989 1873 sta—

315 1894 411 1927 mina
441 1892 573 1927 Didoni
596 1898 723 1927 nerent
745 1890 921 1925 infausta?
947 1908 992 1916 —

317 1946 389 1979 Pro
403 1945 496 1989 salis
509 1972 516 1984 ‚
545 1943 767 1979 scribendum
797 1943 992 1977 Burmann.

317 1996 522 2041 conjiciebat
542 1998 712 2029 thalamis.

363 2062 416 2095 97.
425 2049 536 2091 Exige
545 2074 552 2088 ‚
572 2050 651 2081 loese
663 2048 779 2090 pudor,
788 2058 908 2090 pamas
919 2048 994 2079 vio-

320 2102 391 2133 Iale
417 2100 554 2133 St'choeo.
583 2099 651 2141 Vix
680 2110 783 2132 sanus
814 2097 869 2132 hic
901 2097 995 2131 locus

322 2151 478 2195 Lennep.
500 2149 646 2183 videtur.
664 2150 810 2184 Putares
824 2175 833 2192 ,
860 2148 994 2193 inquit,

320 2202 488 2237 violatum
499 2215 522 2235 a
534 2203 663 2235 St'choeo
681 2200 852 2246 pudorem
863 2226 872 2244 ,
888 2211 997 2245 quum

324 2260 447 2289 contra
475 2266 574 2287 mens
600 2252 747 2286 Didonis
779 2265 850 2286 esse
875 2251 998 2286 debeat

321 2306 484 2340 violatam
497 2318 520 2338 a
537 2317 575 2338 se
591 2303 698 2338 fidem
713 2330 722 2347 ‚
747 2316 852 2349 quam
869 2304 998 2337 Sichoeo

323 2365 537 2394 servaturam
550 2369 586 2391 se
604 2356 817 2401 promiserat.
836 2356 937 2390 Fl’des
948 2357 1000 2387 ci-

324 2412 564 2454 neripromissa
574 2407 720 2442 Sichoeo!
736 2407 854 2451 Virgil.
872 2405 999 2441 Omnis

325 2461 431 2506 igitur
441 2460 496 2495 hic
506 2459 686 2495 difficultas
696 2458 734 2493 in
743 2459 849 2492 verbo
859 2458 1000 2500 S1·chaeo;

326 2526 392 2548 nec
414 2512 636 2548 diffitendum
658 2524 728 2545 esse
756 2522 829 2544 non
853 2509 939 2543 nihil
963 2508 1001 2542 in

327 2564 461 2609 phrasi,
476 2571 601 2609 praeter
613 2562 729 2598 Ovidii
740 2574 877 2595 morem
886 2587 895 2604 ‚
908 2559 1002 2605 quod

327 2627 403 2650 non
424 2615 471 2649 ita
494 2615 589 2650 facile
613 2620 750 2660 aspectu
772 2613 886 2658 primo
903 2624 1001 2657 pers-

328 2664 441 2710 picias.
466 2665 628 2699 Mentem
654 2676 737 2699 vero
769 2664 888 2698 Poetae
914 2661 1003 2695 hanc

331 2729 403 2752 esse
433 2715 640 2751 crediderim
657 2728 665 2750 :
685 2728 706 2749 o
735 2714 848 2760 pudor
858 2739 868 2757 ,
897 2724 1003 2757 quem

1034 910 1176 954 violavi,
1195 922 1311 956 poenas
1336 923 1356 945 a
1380 920 1438 945 me
1463 910 1594 947 debitas
1616 911 1711 957 exige

1035 975 1100 1008 pro
1131 963 1285 1006 Schoeo,·
1308 961 1344 997 id
1377 970 1449 1006 est,
1477 963 1651 998 vindicem
1675 969 1711 997 te

1036 1020 1174 1059 praestes
1187 1013 1311 1049 Sichaei
1326 1014 1491 1060 coniugis.
1510 1013 1598 1049 Inde
1610 1013 1713 1060 paulo

1038 1071 1132 1110 post:
1149 1067 1253 1100 Venio
1260 1068 1440 1100 tibidebita
1452 1067 1586 1111 conjux.
1599 1066 1715 1101 Possit

1041 1129 1177 1162 quoque
1195 1129 1202 1151 :
1217 1117 1345 1162 pudor,
1364 1130 1469 1163 quem
1485 1120 1582 1160 laesi,
1607 1129 1714 1163 quem

1040 1167 1163 1202 violavi
1179 1182 1260 1214 erga
1281 1169 1455 1204 Sichaeum
1472 1176 1537 1204 etc.

1085 1220 1138 1266 98.
1161 1220 1223 1254 Ad
1236 1233 1346 1265 quem,
1363 1234 1414 1255 me
1429 1225 1582 1255 tuis-eram
1591 1219 1603 1255 l
1610 1222 1716 1265 plena

1037 1272 1176 1315 pudoris
1205 1284 1255 1306 eo.
1286 1273 1378 1315 Quas
1394 1299 1402 1312 ‚
1435 1272 1552 1317 scripti
1583 1283 1717 1307 omnes.

1045 1321 1242 1368 Occuparat
1257 1323 1328 1368 jam
1345 1323 1513 1359 editiones
1532 1323 1718 1358 nonnullas

1047 1375 1110 1409 Ad
1114 1388 1211 1420 quam
1221 1387 1232 1415 ,⁶
1243 1388 1308 1409 nec
1319 1374 1485 1410 auderem
1492 1374 1528 1409 id
1537 1374 1716 1418 damnare,

1046 1427 1074 1461 si
1096 1427 1303 1472 scriptorum
1333 1427 1493 1462 codicum
1517 1426 1721 1462 auctoritate

1046 1478 1278 1521 inniteretur;
1310 1486 1350 1514 ut
1374 1479 1468 1523 haec,
1502 1490 1576 1513 non
1605 1478 1722 1512 minus

1049 1542 1154 1574 quam
1173 1531 1352 1575 sequentia
1362 1557 1372 1575 ,
1401 1529 1444 1565 ad
1459 1537 1608 1565 statuam
1623 1530 1723 1564 rese-

1047 1588 1171 1615 rantur
1200 1582 1322 1617 Sichaei
1336 1608 1346 1626 ,
1382 1594 1488 1627 quam
1519 1580 1653 1616 aditura
1680 1579 1726 1615 sit

1049 1632 1154 1667 Dido.
1186 1634 1359 1668 Praeterea
1387 1633 1495 1668 scribe
1506 1659 1517 1676 ,
1534 1634 1642 1676 plena
1668 1645 1727 1666 ηι-

1051 1687 1149 1725 bon‘s,
1163 1698 1207 1719 ne
1221 1686 1320 1719 toties
1333 1684 1459 1719 eodem
1471 1683 1638 1718 vocabulo
1653 1689 1727 1718 uta·

1050 1742 1130 1780 tur,
1159 1749 1297 1782 prorsus
1317 1736 1525 1770 inconcinne
1551 1747 1560 1769 :
1583 1747 1668 1770 nam
1691 1739 1729 1769 et

1046 1791 1157 1833 pudor
1173 1788 1329 1834 proximo
1352 1793 1570 1833 praecesserat
1594 1798 1723 1828 versu3

1052 1847 1088 1875 et
1104 1853 1185 1874 mox
1200 1839 1418 1884 subsequitur
1430 1838 1548 1873 denuo
1557 1864 1566 1879 ,
1586 1839 1733 1871 admissi

1053 1894 1151 1926 tarda
1158 1893 1284 1936 pudore
1295 1894 1369 1926 mei.
1381 1891 1515 1925 Hzms.
1527 1907 1571 1916 —
1585 1888 1668 1925 Non
1680 1889 1729 1923 ita

1054 1955 1112 1976 me
1124 1969 1134 1985 ‚
1156 1956 1232 1989 quae
1251 1944 1366 1977 virum
1383 1941 1703 1988 praestantissimum
1717 1966 1728 1984 ‚

1056 1994 1202 2029 offendit
1215 2007 1279 2029 vox
1289 1997 1400 2038 pudor
1410 1994 1539 2028 iterum
1552 2006 1572 2027 a
1586 1991 1729 2027 Didone

1055 2046 1211 2092 repetita.
1237 2046 1337 2081 Solus
1357 2047 1413 2080 hic
1433 2046 1597 2079 miseram
1618 2057 1730 2079 occu-

1057 2106 1115 2145 pat
1141 2111 1278 2140 sensus;
1305 2111 1370 2133 nec
1392 2097 1616 2143 improvisam
1635 2102 1731 2132 certe

1057 2164 1134 2185 rem
1162 2158 1355 2196 sequuntur
1380 2151 1494 2185 verba.
1528 2149 1701 2195 Quinimo
1719 2173 1729 2191 ,

1058 2202 1154 2237 verbi
1183 2202 1427 2247 repetitionem
1451 2202 1478 2236 si
1503 2201 1620 2244 tollas,
1643 2212 1731 2234 eva·-

1057 2261 1175 2289 nescat
1199 2254 1345 2288 omnino
1365 2254 1547 2289 sententiae
1569 2253 1648 2301 vin,
1673 2256 1733 2285 aut

1059 2307 1217 2352 frigescat
1237 2306 1360 2341 saltem
1371 2332 1381 2349 ,
1409 2317 1548 2340 necesse
1564 2309 1625 2340 est.

1103 2372 1155 2405 99.
1165 2359 1233 2391 Est
1239 2359 1324 2391 mihi
1330 2369 1512 2391 marmorea
1524 2363 1589 2390 etc.
1600 2354 1732 2388 Totum

1061 2409 1128 2443 hoc
1143 2422 1161 2443 e
1179 2409 1343 2454 Virgilio,
1357 2419 1397 2443 1v
1408 2435 1418 2451 ,
1434 2410 1496 2452 457
1509 2419 1517 2442 ε

1163 2485 1195 2496 ...
1208 2469 1270 2495 Fuit
1287 2469 1314 2494 in
1325 2468 1398 2493 tectis
1410 2468 1441 2493 de
1455 2474 1580 2492 marmore
1592 2463 1718 2498 templum

1063 2518 1186 2551 Coniugis
1197 2517 1315 2551 antiqui,
1329 2524 1421 2549 magno
1432 2514 1503 2549 quod
1511 2514 1605 2539 honore
1615 2511 1714 2537 colebat
1721 2530 1731 2543 ,

1063 2566 1208 2592 Velleribus
1221 2565 1303 2591 niveis
1313 2584 1322 2597 ‚
1333 2570 1359 2590 et
1368 2564 1433 2589 festa
1445 2562 1535 2588 fronde
1545 2561 1699 2586 revinctum.

1064 2620 1133 2644 Hinc
1143 2618 1261 2644 exaudiri
1275 2624 1349 2642 voces
1358 2634 1368 2646 ,
1381 2620 1407 2640 et
1417 2613 1496 2640 verba
1507 2612 1620 2638 voe-ntis

1063 2668 1126 2692 Visa
1137 2667 1187 2692 viri
1196 2685 1205 2697 ,
1217 2673 1268 2691 nox
1279 2672 1360 2698 elutum
1372 2668 1450 2688 terras
1461 2661 1569 2686 obseura
1580 2664 1691 2685 teneret:

1064 2716 1173 2749 Solaque
1182 2712 1338 2741 culminibus
1352 2710 1425 2738 ferali
1437 2709 1548 2738 carmine
1562 2707 1631 2735 bubo
1641 2712 1690 2733 etc.
1745 2750 1748 2754 ⁴
