1884 3112
328 218 381 260 32
712 264 714 266 ,
805 220 1150 269 ΕΡΙΒΤΟΙῙΑ
1188 225 1254 267 11.

324 310 408 358 Dis
435 329 614 377 quoque
638 310 901 372 credidimus
923 333 935 361 ε
962 331 1051 379 quo
1073 314 1161 379 jam
1185 326 1253 363 tot
1275 317 1465 382 pignora
1483 320 1643 370 nobil-2?
1675 370 1683 375 ,

388 390 516 438 Parte
539 389 644 438 satis
667 389 796 454 potui
821 389 1019 454 qualibet
1040 390 1143 439 inde
1167 391 1276 458 capi.

322 468 414 515 Nec
435 484 634 524 moveor,
662 465 782 531 quod
806 477 848 515 te
868 466 961 532 juvi
984 479 1206 534 portuque
1227 468 1413 537 locoque
1435 491 1446 520 :
1691 486 1734 523 55

389 542 559 590 Debuit
582 541 676 590 haec
699 543 845 591 meriti
868 562 1038 593 summa
1060 543 1196 594 fuisse
1219 545 1318 593 mei.

320 618 530 685 Turpiter
551 618 795 685 hospitium
818 619 933 669 lecto
958 620 1201 670 cumulasse
1221 621 1360 686 jugali

384 696 594 754 Poenitet,
621 708 665 744 et
687 695 812 746 lateri
835 699 1108 748 conseruisse
1132 698 1260 746 latus.

269 795 273 799 ¹
321 772 433 835 Quae
456 771 541 820 fiiit
564 783 663 820 ante
686 771 827 830 illam,
852 772 1027 822 mallem
1050 774 1253 841 suprema
1274 775 1430 825 fuisset

383 849 483 896 Nox
505 847 635 905 mihi,
662 847 766 895 dum
788 849 917 914 potui
940 849 1109 917 Phyllis
1132 851 1319 901 honesta
1341 853 1480 902 mori!
1690 867 1734 902 6ο

319 924 498 990 Speravi
518 923 695 982 melius,
723 925 826 990 quia
847 945 917 974 me
939 927 1147 977 meruisse
1170 930 1322 995 putavi
1348 950 1358 994 ς

383 1003 683 1068 Quaecumque
707 1021 760 1050 ex
783 1003 940 1052 merito
965 1023 1064 1071 spes
1088 1007 1228 1065 venit,
1254 1027 1378 1074 aequa
1400 1007 1532 1056 venit.

317 1077 481 1127 Fallere
506 1078 752 1127 credentem
773 1098 865 1128 non
888 1092 955 1129 est
979 1101 1165 1149 operosa
1187 1083 1378 1151 puellam

385 1153 560 1202 Gloria!
587 1155 854 1221 Simplicitas
879 1157 1012 1220 digna
1034 1158 1178 1208 favore
1201 1159 1298 1208 fuit.

317 1231 425 1278 Sum
449 1231 632 1297 decepta
654 1232 762 1290 tuis,
789 1245 834 1282 et
857 1253 1006 1282 amans
1030 1247 1074 1284 et
1095 1234 1276 1294 femina,
1301 1235 1469 1284 verbis:
1686 1250 1729 1282 65

381 1309 441 1356 Di
464 1309 648 1367 faciant,
674 1309 816 1358 laudis
841 1330 1009 1360 summa
1032 1313 1091 1360 sit
1114 1313 1198 1360 ista
1222 1324 1307 1360 tuae
1332 1314 1342 1358 3

317 1491 325 1504 *
356 1479 408 1513 53.
435 1479 528 1522 Quid
537 1478 615 1522 jam
633 1481 686 1511 lot
694 1481 835 1522 pignora
859 1479 989 1513 nobis?

314 1531 492 1565 Puteanus
514 1529 643 1573 codex,
675 1532 765 1574 quod
772 1530 859 1573 jam.
897 1530 987 1575 Lege

312 1582 476 1626 omnino,
494 1595 556 1627 quo
561 1582 662 1626 jam‚·
683 1581 819 1627 elegans
835 1581 962 1616 locutio
976 1607 986 1624 ,

312 1634 372 1668 sed
388 1633 593 1679 plerumque
608 1633 649 1668 ab
663 1633 831 1678 imperitis
847 1633 990 1667 librariis

311 1685 527 1731 interpolata.
548 1686 680 1720 HEINS.
696 1703 740 1711 ·—-
751 1685 826 1719 Nec
841 1697 921 1719 sane
937 1691 990 1718 tot

311 1741 447 1772 nomina
485 1737 527 1771 ad
563 1736 671 1771 fidem
708 1736 988 1771 confirmandam

313 1802 500 1834 congerere
534 1789 595 1823 tibi
624 1801 762 1823 necesse
795 1788 861 1822 suit
875 1801 883 1830 ;
916 1801 988 1822 uno

313 1841 464 1886 quolibet
482 1854 522 1875 ex
538 1840 590 1874 his
608 1853 684 1885 quae
700 1847 739 1874 tu
761 1840 905 1885 pignora
923 1853 987 1874 re—

312 1893 402 1928 ditus
418 1905 489 1927 esse
505 1891 658 1934 dicebas,
676 1891 787 1936 decipi
802 1891 908 1937 potui.

356 1947 408 1979 55.
427 1945 499 1979 Nec
513 1950 717 1978 moveoretc.
735 1943 816 1978 Non
829 1942 912 1977 illud
928 1955 986 1978 me

312 2004 430 2031 movet
442 2022 453 2041 ,
477 1994 570 2040 quod
594 2002 697 2040 portu
719 2002 754 2029 et
771 1995 885 2041 regnis
901 1995 986 2030 meis

312 2055 493 2094 exceptum
504 2074 513 2090 ,
529 2047 587 2091 iis,
606 2047 728 2092 quibus
740 2059 893 2092 possem,
911 2047 987 2092 opi-

312 2101 374 2135 bus
398 2099 573 2146 juverim;
609 2098 669 2133 sed
682 2102 827 2142 poenitet
850 2098 987 2144 hospitii

310 2151 481 2187 beneficio
494 2178 503 2194 ,
524 2150 615 2196 quod
632 2150 787 2184 officium
798 2163 984 2185 commune

310 2211 379 2248 est,
402 2202 583 2239 cumulum
598 2205 719 2236 lectum
724 2202 893 2246 jugalem,
912 2214 985 2236 non.

309 2257 383 2291 sine
400 2254 588 2298 dedecore,
615 2253 782 2289 addidisse
800 2280 809 2298 ,
834 2261 868 2289 et
898 2254 985 2288 latus

310 2307 410 2342 lateri
426 2306 630 2352 adjunxisse.

354 2359 407 2394 56.
429 2360 524 2393 Hoec.
554 2358 695 2393 Rectius
717 2360 796 2399 hoc,
822 2357 923 2392 multi
944 2371 985 2392 ex

308 2410 450 2457 scriptis.
462 2411 595 2445 HEms.
602 2409 662 2444 sed
671 2422 751 2444 mox
758 2413 981 2451 summa12cta;

311 2471 346 2497 et
363 2464 467 2497 Pont.
483 2473 533 2497 lv.
552 2475 579 2496 1.
597 2464 628 2506 4.

309 2523 423 2547 Accedet
441 2523 539 2547 meritis
552 2521 605 2546 hmo
616 2530 726 2555 *quoque
738 2530 838 2546 summa
855 2521 917 2546 tuis.

309 2571 381 2606 Ubi
399 2572 503 2605 etiam
526 2569 659 2606 codices
683 2570 802 2613 multi,
827 2571 900 2604 boc.
922 2568 983 2602 ins.

309 2622 374 2668 Ep.
387 2633 443 2655 111.
461 2624 490 2656 3.
511 2624 668 2665 Quamvis·
679 2624 742 2657 hoc
752 2634 874 2667 quoque
887 2622 984 2664 culpa

308 2680 368 2709 tua
384 2678 447 2707 est.
464 2674 593 2707 BURM.

351 2726 404 2760 (ξι.
437 2727 523 2769 Quia
546 2730 588 2759 le.
606 2725 699 2759 Libri
717 2731 883 2770 quatuor,
906 2725 984 2769 quia

1055 1492 1107 1513 me
1121 1490 1133 1521 ,·
1153 1485 1254 1524 atque
1271 1478 1318 1513 ita
1334 1477 1522 1525 legendum
1539 1490 1611 1513 esse
1626 1503 1636 1521 ,
1661 1477 1731 1512 de-

1055 1543 1122 1575 que
1140 1530 1208 1565 suis
1226 1530 1357 1565 meritis
1369 1530 1424 1565 hic
1439 1530 1533 1575 loqui
1546 1529 1730 1577 Phylliden

1053 1594 1200 1627 sequens
1206 1595 1322 1616 versus
1329 1580 1459 1627 liquido
1466 1581 1588 1627 arguit.
1597 1581 1732 1615 HEINS.

1113 1634 1166 1668 62.
1205 1635 1430 1678 Quacumque.
1468 1632 1564 1668 Nihil
1594 1639 1727 1667 temere

1055 1685 1284 1728 mutandum;
1307 1685 1448 1720 mallem
1464 1691 1600 1727 tamen,
1623 1691 1663 1718 ut
1679 1689 1730 1718 est

1053 1737 1088 1771 in
1115 1737 1319 1783 quibusdam
1348 1736 1455 1771 MSS.
1478 1739 1614 1770 emerito
1627 1746 1640 1776 ,·
1674 1735 1730 1770 vel

1053 1792 1240 1834 cuicumque
1255 1803 1300 1823 ex
1315 1791 1440 1823 metito.
1453 1787 1522 1822 vid.
1538 1786 1582 1822 ad
1597 1787 1662 1832 Ep.
1678 1796 1728 1820 IV.

1053 1841 1116 1883 26;
1134 1848 1168 1875 et
1176 1852 1212 1885 v,
1224 1855 1252 1887 7.
1263 1841 1445 1876 BURM.·-
1458 1841 1672 1884 Quaecumque
1684 1851 1729 1872 ex

1051 1897 1168 1927 merito
1191 1900 1272 1936 etc„
1298 1904 1437 1937 aequum
1460 1897 1511 1925 est
1534 1903 1617 1925 eum
1637 1890 1726 1924 bene

1051 1957 1188 1990 sperare
1199 1971 1208 1988 ‚
1226 1944 1285 1989 qui
1298 1943 1340 1978 de
1356 1943 1471 1989 aliquo
1482 1943 1571 1977 bene
1587 1942 1725 1976 meruit.

1052 1996 1228 2031 Hmmm.

1093 2047 1145 2082 63.
1156 2049 1288 2082 Fallere
1296 2048 1480 2082 credentem
1488 2052 1551 2080 etc.
1562 2044 1618 2080 Sic
1627 2044 1651 2079 J
1655 2056 1724 2079 uno

1050 2099 1179 2134 ironice
1204 2099 1246 2133 ad
1272 2100 1471 2141 Venerem,
1496 2109 1578 2131 cum
1600 2095 1725 2131 ardens

1050 2150 1144 2185 Dido
1158 2151 1312 2185 AEneam
1325 2151 1457 2184 fureret
1469 2176 1478 2194 ‚
1496 2148 1579 2183 AEn.
1595 2159 1635 2183 lv
1643 2174 1654 2192 ‚
1671 2149 1724 2195 93.

1049 2211 1184 2244 Egregiam
1199 2220 1259 2237 vero
1265 2210 1381 2242 laudem,
1387 2216 1413 2235 et
1425 2210 1508 2243 spolia
1518 2209 1605 2243 ampla
1611 2208 1722 2240 referti»,

1049 2260 1143 2294 Tuque
1155 2279 1163 2291 ,
1179 2269 1294 2293 puerque
1311 2261 1387 2284 tuus!

1048 2310 1264 2350 credenlem;
1300 2320 1377 2353 quae
1398 2313 1508 2342 totam
1532 2319 1567 2341 se
1589 2305 1723 2352 perfido

1049 2359 1252 2394 crediderat.

1093 2412 1146 2456 64.
1168 2413 1371 2456 Simplicitas
1384 2417 1465 2454 etc„
1484 2409 1614 2444 candor
1629 2408 1722 2454 inge-

1049 2477 1158 2507 nuus,
1184 2476 1252 2508 quo
1275 2475 1331 2497 me
1349 2463 1409 2497 tibi
1431 2461 1574 2504 tradidi3
1599 2459 1722 2505 dignus

1048 2530 1129 2551 sane
1147 2517 1228 2560 suit,
1257 2528 1362 2561 quem
1378 2514 1442 2549 alio
1458 2512 1568 2559 pretio
1593 2524 1722 2557 repen-

1095 2581 1112 2601 r
1153 2595 1158 2602 .

1049 2567 1149 2653 ‘leeg-⁵
1166 2619 1363 2663 Dl'sacianl
1373 2645 1382 2659 ‚
1408 2618 1519 2651 laudis
1532 2628 1661 2650 summa
1673 2617 1722 2649 sit

1046 2674 1116 2704 isla
1131 2671 1214 2706 tuoe!
1237 2671 1370 2706 Ultima
1385 2669 1450 2704 sim
1461 2694 1470 2711 ‚
1490 2679 1594 2719 quam
1610 2666 1720 2702 dece-—

1047 2722 1136 2767 peris
1149 2723 1156 2756 l
