1884 3112
551 704 986 781 EPISTOLAE
1047 725 1483 784 VIGESIMAE

757 852 1276 900 ARGUMENTUM.

367 993 524 1035 Juvenis
549 993 699 1046 quidam
720 992 909 1036 Acontius
931 996 1110 1046 nomine,
1126 1010 1246 1049 quum
1266 995 1444 1036 ininsula
1462 994 1564 1035 Delo
1585 995 1720 1036 Dianae
1772 1011 1780 1015 ·

313 1063 425 1104 sacris
439 1064 656 1115 interesset,
672 1079 758 1118 quae
775 1065 962 1118 frequenti
974 1065 1162 1121 virginum
1177 1080 1364 1118 concursu
1376 1064 1669 1116 celebrabantur,
1680 1066 1720 1105 in

312 1147 477 1173 amorem
495 1133 684 1188 Cydippes
697 1164 710 1185 ,
727 1134 861 1188 puellae
879 1134 1016 1175 nobilis
1026 1165 1037 1185 ,
1054 1135 1201 1176 subitus
1217 1136 1372 1175 exarsit:
1391 1150 1502 1188 quam
1517 1150 1635 1189 quum
1650 1150 1721 1176 nec

312 1203 449 1256 opibus
477 1218 546 1244 nec
574 1218 710 1260 genere
730 1204 849 1245 clarus
863 1234 875 1256 ,
904 1205 945 1244 in
969 1219 1129 1245 uxorem
1161 1220 1182 1245 a
1214 1204 1429 1260 parentibus
1460 1220 1541 1246 non
1570 1204 1722 1246 auderet

311 1272 510 1314 sollicitare
522 1304 534 1326 ,
555 1275 595 1314 in
610 1275 864 1329 pulcherrimo
883 1290 1000 1329 pomo
1020 1275 1236 1330 inscripsit:

462 1375 552 1409 Juro
569 1375 631 1410 tibi
645 1388 743 1417 sane,
763 1389 824 1421 per
840 1376 984 1424 mystica
1000 1390 1094 1412 sacra
1110 1377 1234 1413 Dianae
1247 1404 1257 1422 ,

418 1445 420 1449 ·
466 1435 529 1469 Me
547 1435 608 1470 tibi
624 1442 809 1470 venturam
827 1437 1011 1481 comitem,
1030 1450 1260 1483 sponsamque
1277 1439 1451 1481 suturam;

311 1529 600 1582 projectumque
619 1530 756 1570 malum
779 1530 918 1570 fraudis
938 1531 1052 1571 inscia
1070 1531 1241 1586 Cydippe
1261 1531 1434 1583 sustulit,
1460 1531 1625 1587 legitque
1644 1531 1722 1571 im-

313 1599 480 1651 prudens
501 1599 607 1651 quod
625 1599 666 1638 in
683 1599 767 1652 ipso
788 1600 909 1639 fuerat
929 1601 1172 1654 inscriptum3
1197 1602 1326 1654 sicque
1348 1616 1386 1642 se
1402 1601 1584 1656 religione
1598 1616 1722 1642 sacra-

313 1667 432 1707 menti
444 1667 612 1708 Acontio
628 1668 807 1723 obligavit
821 1684 830 1708 z
844 1684 926 1708 nam
940 1685 1026 1722 quae
1039 1678 1123 1709 ante
1137 1671 1241 1710 Deos
1254 1671 1293 1709 in
1304 1671 1444 1724 templo
1457 1670 1576 1710 Deliae
1590 1671 1722 1712 Dianae

315 1737 548 1788 dicerentur,
575 1747 652 1778 rata
678 1753 779 1789 esse,
801 1739 859 1778 lex
875 1748 966 1779 erat.
986 1739 1088 1779 Facti
1113 1740 1261 1780 nescius
1283 1749 1388 1793 pater
1414 1740 1605 1793 aliquanto
1634 1747 1723 1794 post

314 1806 428 1847 filiam
456 1809 599 1861 petenti
623 1808 770 1848 cuidam
790 1809 1012 1863 despondit;
1045 1810 1110 1850 sed
1129 1823 1209 1849 eam
1229 1809 1348 1849 subita
1375 1809 1487 1849 febris
1512 1810 1720 1863 correpsit:

317 1876 423 1929 quod
435 1878 558 1917 statim
572 1886 616 1918 ut
630 1878 818 1919 Acontius
832 1880 1042 1927 rescivisset
1053 1909 1065 1929 ,
1087 1880 1269 1934 Cydippae
1282 1878 1410 1920 scribit
1421 1908 1432 1929 ,
1447 1887 1491 1918 ut
1504 1880 1725 1933 persuadeat

317 1947 494 1987 morbum
514 1948 615 1988 hunc
632 1964 654 1989 a
674 1950 796 1989 Diana
814 1950 1019 1990 immissum
1034 1979 1045 2001 ,
1066 1950 1153 2002 quia
1173 1964 1278 2003 quae,
1300 1949 1379 2003 ipsa
1397 1957 1604 2003 praesente,
1626 1963 1724 2004 pro-

317 2017 488 2069 miserat,
508 2033 588 2059 non
608 2019 838 2074 adimpleret.
869 2042 923 2051 -
943 2019 1155 2060 Aristaenet.
1185 2030 1199 2058 1
1217 2049 1228 2071 ,
1245 2020 1365 2073 Epist.
1387 2033 1447 2059 ιο.
