1884 3112
289 278 385 340 296
732 251 1084 327 ems-rom
1119 270 1258 324 xw.

358 359 479 418 Rure
503 362 774 434 Therapnaeo
799 378 902 417 nata
923 367 1091 435 puella,
1115 368 1352 436 Phrygem?

294 447 443 513 Phryx
467 458 578 503 erat,
605 457 650 494 et
668 445 822 494 nostro
847 445 1021 508 genitus
1046 445 1099 494 de
1124 445 1357 508 sanguine,
1383 445 1459 512 qui
1480 463 1599 495 nunc

361 524 475 571 Cum
499 523 581 570 Dis
603 521 799 588 potando
824 521 1171 570 nectaremiscet
1191 540 1339 588 aquas.

294 599 444 664 Phryx
467 609 559 645 erat
580 598 765 646 Aurorae
788 598 950 662 conjux
970 617 979 645 ε
1007 609 1152 645 tamen
1175 596 1359 645 abstulit
1381 595 1507 644 illum
1649 651 1651 654 y

360 676 618 722 Extremum
639 674 786 721 noctis
811 691 907 739 quae
928 675 1022 722 Dea
1040 673 1139 720 finit
1161 673 1256 726 iter.
1641 690 1705 721 ao'o

296 751 445 816 Phryx
467 750 597 798 etiam
617 749 833 798 Anchises
846 786 858 807 ‚
883 749 1112 797 volucrum
1134 749 1205 798 cui
1228 742 1365 798 mater
1387 750 1599 814 Amorum

365 828 539 876 Gaudet
561 828 609 874 in
632 827 760 875 Idaeis
783 826 1073 875 concubuisse
1096 826 1229 890 jugis.
1580 816 1581 819 Ἰ
1640 831 1642 833 ’

293 907 410 963 Nec,
436 917 571 971 puto,
597 903 769 952 collatis
791 904 931 951 forma
953 902 1183 951 Menelaus
1208 915 1252 951 et
1274 903 1398 952 annis
1412 941 1425 962 ‚

362 981 518 1029 Judice
544 992 612 1037 te,
637 979 770 1027 nobis
795 979 1101 1027 anteferendus
1124 980 1219 1027 erit.

296 1060 402 1107 Non
426 1056 631 1104 dabimus
655 1067 770 1104 certe
795 1074 994 1103 socerum
1018 1056 1101 1103 tibi
1125 1055 1238 1106 clara
1260 1057 1485 1119 fugantem
1576 1067 1586 1094 s
1643 1069 1708 1104 205

359 1133 573 1189 Lumina,
600 1131 677 1196 qui
700 1130 898 1196 trepidos
922 1151 947 1180 a
969 1131 1078 1197 dape
1102 1144 1242 1181 vertat
1265 1152 1415 1198 equos.

298 1211 390 1258 Nec
413 1220 538 1275 pater
561 1219 627 1256 est
641 1207 825 1263 triamo
849 1208 988 1255 soceri
1012 1208 1063 1256 de
1088 1208 1201 1256 caede
1226 1220 1457 1266 cruentus;

362 1289 421 1334 Et
446 1285 522 1352 qui
545 1286 746 1350 Myrtoas
770 1283 949 1332 crimine
974 1284 1119 1346 signet
1142 1304 1290 1350 aquas.

297 1364 388 1411 Nec
409 1380 573 1428 proavo
597 1360 749 1426 Stygia
769 1371 924 1407 nostro
948 1371 1180 1425 captantur
1201 1359 1249 1406 in
1271 1358 1392 1407 unda

363 1439 520 1495 Poma,
547 1455 627 1484 nec
648 1436 696 1483 in
719 1435 874 1484 mediis
899 1435 1108 1501 quaeritur
1128 1435 1290 1483 humor
1307 1434 1447 1502 aquis.
1644 1459 1708 1483 210

343 1572 414 1619 196.
438 1574 529 1606 Bure
550 1574 750 1616 Tberapnaeo
761 1575 852 1605 nala.
870 1571 972 1606 Dicta

296 1624 342 1658 sic
362 1623 499 1656 Helena
510 1649 520 1666 ‚
545 1635 564 1656 a
581 1623 768 1668 Therapne
784 1649 793 1666 ,
814 1623 972 1657 Laconiae

296 1675 382 1709 urbe
396 1700 406 1717 ‚
424 1674 557 1718 Spartae
572 1674 701 1717 vicina,
714 1674 752 1707 in
768 1673 909 1707 Eurotae
919 1674 973 1708 si·-

298 1728 406 1761 nistra
421 1726 505 1770 ripa.
522 1725 616 1759 Mela
629 1751 640 1767 ,
657 1736 704 1767 11,
724 1725 752 1758 3.
763 1725 919 1760 Pausan.
935 1726 974 1759 in

297 1779 424 1813 Lacon.
449 1779 488 1820 14
502 1803 512 1820 ,
538 1788 590 1811 κιο.
608 1795 652 1802 -
670 1779 843 1823 Phrygem.
870 1777 974 1811 Hanc

296 1829 464 1865 invidiam
478 1828 654 1873 deprecari
665 1827 828 1871 debebat,
841 1841 885 1862 ne
900 1828 973 1862 obs-

295 1888 386 1916 taret
398 1880 508 1915 amori
519 1892 581 1914 suo
599 1878 710 1925 gentis
732 1879 840 1913 vilitas
852 1891 860 1912 :
871 1879 974 1913 maxi-

297 1947 355 1968 me
378 1933 474 1968 enim
491 1932 603 1966 Graeci
628 1931 782 1978 Phrygas
808 1931 975 1976 despicie-

296 1986 381 2020 bant
389 2011 398 2028 ,
409 1991 449 2018 ut
459 1997 500 2018 ex
511 1982 699 2029 proverbiis
711 1983 864 2029 pluribus
873 1995 976 2017 cons-

298 2043 358 2071 tat.
380 2035 526 2069 Codices
537 2046 621 2069 vero
633 2033 775 2078 quidam
786 2060 795 2077 ,
814 2035 973 2067 Theram-

296 2102 381 2127 naeo‚
395 2088 537 2130 habent,
550 2093 589 2121 ut
601 2093 636 2120 et
648 2085 738 2131 apud
749 2086 900 2120 Statium
911 2095 969 2128 111,

298 2140 410 2174 Theb.
422 2140 483 2182 422
494 2165 503 2182 ,
517 2145 551 2172 et
563 2149 617 2173 vn
626 2164 635 2181 ,
652 2138 735 2185 7935
747 2137 855 2171 variat
865 2137 973 2182 scrip-

297 2199 385 2227 tura.
402 2190 459 2225 Sic
471 2197 505 2224 et
513 2192 683 2224 Pollucem
693 2188 852 2234 Apollon.
859 2189 914 2222 lib.
923 2199 953 2222 11
961 2214 971 2232 ,

303 2244 364 2278 163
374 2269 383 2286 ,
401 2247 499 2275 vocat
512 2267 521 2284 ,
533 2246 626 2276 κλεῖον
637 2247 819 2287 Θεραπναῖον
832 2242 900 2279 Διὲς
913 2242 973 2275 υἷα.

345 2295 417 2341 198.
445 2294 525 2327 Cum
551 2294 619 2325 Dis
635 2293 796 2336 potando.
813 2291 905 2336 Lege
930 2303 972 2325 ex

302 2345 424 2379 decem
439 2342 613 2378 codicibus
630 2355 638 2376 :

332 2400 397 2424 Cum
410 2399 458 2424 Dis
472 2396 595 2430 potandas
608 2400 708 2421 nectare
719 2396 810 2421 miscet
824 2403 913 2429 aquus.
931 2395 968 2420 Η.

298 2446 465 2481 Francius
481 2444 684 2490 conjiciebat
697 2470 707 2487 ,
728 2446 902 2478 potandas
916 2445 971 2477 di-

298 2503 348 2535 νιῖς
360 2499 429 2542 (vel
435 2497 576 2542 superis)
589 2500 721 2530 nectare
732 2500 971 2540 m12rcetaquas‚

340 2559 415 2593 203.
443 2560 585 2592 Callatis
598 2556 715 2601 forma
735 2557 910 2590 Menelaus
935 2558 972 2588 el

299 2607 726 2650 ann1zc.Francosurtensis,
740 2606 968 2641 Lovanienses

296 2659 380 2703 duo,
394 2660 525 2694 Douzae
542 2666 577 2693 et
589 2660 719 2704 aliquot
734 2658 801 2702 alii,
813 2660 966 2698 collatus,

294 2718 334 2744 ut
361 2717 396 2745 et
423 2710 592 2745 editiones
622 2709 781 2755 quaedam
810 2715 966 2751 veteres,

296 2761 389 2807 quod
412 2762 526 2797 nescio
553 2774 597 2797 an
616 2768 747 2799 temere
772 2759 969 2807 repudian-

1037 1571 1132 1610 dum.
1147 1570 1252 1605 Certe
1263 1581 1305 1613 11,
1320 1569 1400 1604 Am.
1413 1572 1504 1613 xvrr,
1521 1568 1572 1612 13,
1588 1566 1688 1605 dixit:

1037 1628 1161 1653 Collatam
1172 1627 1267 1651 ideirco
1278 1626 1326 1651 tibi
1338 1635 1379 1650 me
1389 1630 1551 1650 contemnere
1562 1625 1650 1651 debe*-

1038 1677 1124 1711 Stat.
1136 1686 1202 1718 vn,
1221 1675 1284 1721 734
1296 1701 1306 1718 ‚
1319 1673 1475 1719 quamvis
1487 1672 1629 1718 paulum
1641 1671 1705 1706 alia

1039 1727 1286 1774 significatione
1301 1738 1310 1759 :

1185 1787 1236 1811 Fas
1247 1791 1273 1810 et
1286 1785 1350 1810 mibi
1363 1793 1481 1818 spernere
1493 1782 1632 1814 Phoebum,

1038 1835 1063 1861 s‘·
1076 1835 1123 1860 tibi
1137 1835 1247 1859 collatus
1254 1834 1354 1860 Divum
1367 1838 1445 1858 sator.

1038 1884 1111 1919 Ubi
1124 1889 1224 1917 notat
1231 1908 1240 1925 ,
1253 1881 1315 1916 tibi
1323 1885 1542 1926 comparatus
1549 1878 1708 1916 certavit:

1039 1939 1074 1969 in
1089 1937 1188 1969 annis
1203 1946 1286 1968 vero
1296 1959 1306 1977 ‚
1330 1932 1430 1966 multi
1446 1931 1588 1966 codices.
1604 1930 1646 1965 Β.

1083 1987 1159 2020 205.
1184 1987 1260 2020 Non
1280 1986 1432 2018 dabimus
1454 1987 1542 2017 certe
1562 1995 1710 2016 socerum

1038 2039 1104 2072 tibi
1121 2044 1184 2072 etc.
1211 2036 1360 2071 Atreum
1383 2035 1492 2079 tangit
1505 2060 1514 2078 ‚
1551 2033 1706 2068 Menelai

1037 2096 1185 2134 patrem,
1194 2089 1252 2133 qui
1263 2088 1383 2122 Solem
1391 2092 1486 2121 retro
1494 2087 1613 2132 sugere
1627 2098 1710 2120 coe—

1037 2141 1097 2186 git,
1108 2153 1152 2174 ne
1165 2152 1269 2174 coenae
1279 2140 1472 2181 interesset,
1484 2137 1709 2185 cuinyestae

1035 2199 1135 2226 natos
1147 2191 1351 2237 adposuerat
1361 2189 1608 2225 comedendos.
1617 2190 1709 2225 Nota

1036 2243 1159 2277 fabula.

1079 2294 1153 2327 208.
1165 2295 1216 2328 El
1222 2296 1281 2341 qu<
1288 2294 1443 2340 stlydoas
1454 2294 1590 2327 crimine
1598 2294 1712 2336 signe!

1035 2359 1150 2392 aquas.
1176 2346 1332 2392 Pelopen
1359 2346 1490 2391 signat,
1514 2345 1574 2390 qui
1598 2344 1709 2390 Myr—-

1034 2399 1149 2442 tilum,
1169 2397 1413 2443 Hippodamiae
1430 2396 1597 2442 aurigam,
1611 2394 1708 2439 cujus

1035 2462 1100 2495 ope
1135 2449 1355 2483 OEnomaum
1379 2448 1507 2482 vicerat
1517 2474 1526 2491 ,
1551 2447 1588 2481 in
1613 2457 1708 2480 mare

1034 2500 1130 2535 dedit
1138 2500 1361 2546 praecipitem,
1377 2499 1457 2544 quia
1468 2497 1621 2544 perfidiae
1630 2495 1705 2542 pre-

1034 2552 1123 2586 tium
1145 2553 1186 2586 ab
1202 2564 1245 2586 eo
1261 2550 1500 2596 postulaverat.

1077 2616 1152 2650 209.
1163 2604 1278 2649 Stygia
1288 2606 1470 2648 captantur
1475 2604 1512 2635 in
1519 2600 1618 2635 undass
1633 2599 1705 2644 &y-

1031 2661 1108 2699 gias
1129 2659 1164 2689 in
1184 2657 1292 2688 undas
1302 2681 1310 2695 ,
1339 2653 1478 2688 Mor-eti.
1504 2653 1703 2701 Capteutur,

1035 2707 1195 2742 Francos.
1216 2725 1260 2731 —
1279 2704 1458 2752 Capienda
1479 2710 1569 2740 certe
1585 2728 1595 2746 ‚
1627 2713 1704 2747 quae

1033 2759 1079 2794 sic
1097 2764 1286 2804 caperetur.
