1884 3112
322 272 407 328 422.

602 271 693 317 AD
728 271 990 318 LIVIAM
1024 272 1424 322 AUGUSTAM

379 366 439 412 Et
460 362 607 412 faciles
629 363 776 412 vultus
793 381 815 422 ;-
828 364 973 413 uritur
989 364 1069 414 ille
1094 367 1243 429 vigor!

316 441 615 507 Victricesque
638 460 817 498 manus,
841 441 1114 509 facundaque
1139 443 1353 510 principis
1379 463 1454 494 ora
1464 457 1480 503 ,'

380 518 671 584 Pectoraque,
697 518 862 582 ingenii
885 536 1042 582 magna
1063 538 1286 587 capaxque·
1308 520 1496 569 domus!

313 594 424 660 Spes
447 614 621 660 quoque
643 594 883 643 multorum
901 596 1084 645 flammis
1106 609 1298 645 uruntur
1320 598 1367 645 in
1390 598 1543 647 isdem.

380 672 467 719 Iste
492 691 626 734 rogus
648 672 814 721 miserae
836 673 999 722 viscera
1022 674 1174 722 matris
1197 674 1347 722 babet.

315 748 445 795 Facta
469 748 591 796 ducis
614 749 785 808 vivent,
803 767 1076 817 operosaque
1102 750 1244 814 gloria
1265 769 1438 799 rerum:

1668 766 1732 800 265

382 824 485 871 Haec
509 836 655 873 manet
671 843 681 882 ;
700 825 790 874 haec
811 826 962 875 avidos
986 826 1143 889 effugit
1166 847 1253 875 una
1275 845 1424 889 rogos.

315 900 423 948 Pars
448 901 530 948 erit
553 900 768 959 historiae,
796 914 980 969 totoque
1005 903 1175 966 legetur
1197 904 1244 951 in
1265 922 1355 951 aevo
1375 922 1386 960 ;

380 976 525 1041 Seque
550 994 663 1042 opus
685 976 875 1038 ingeniis
897 979 1251 1042 carminibusque
1276 976 1414 1024 dabit.

317 1052 468 1100 Stabis
490 1053 596 1100 etin
620 1053 775 1100 rostris
800 1053 918 1100 tituli
942 1053 1167 1119 speciosus
1189 1053 1383 1110 honum

384 1130 613 1195 Causaque
637 1129 831 1178 dicemur
852 1149 936 1178 nos
961 1130 1069 1188 tibi,
1096 1131 1262 1186 Druse,
1287 1129 1420 1177 necis.

1668 1157 1732 1192 ²7⁰

315 1206 379 1253 At
398 1206 480 1253 tibi
501 1207 571 1271 jus
595 1207 729 1255 veniae
752 1218 974 1273 superest,
1005 1206 1256 1264 Germania,
1281 1205 1475 1263 nullum;

383 1282 626 1330 Postmodo
653 1295 701 1330 tu
724 1302 890 1348 paenas,
916 1283 1123 1341 barbara,
1145 1293 1286 1330 morte
1310 1280 1450 1330 dabis·

316 1357 571 1424 Adspiciam
597 1377 748 1421 regum
773 1358 949 1408 liventia
973 1359 1085 1408 colla
1109 1359 1297 1417 catenis;

315 1484 397 1505 rum
424 1484 522 1505 more
545 1498 555 1515 ,
591 1472 687 1517 quasi
719 1473 841 1508 filatim
869 1473 990 1509 dissol-

316 1529 448 1557 vuntur
464 1550 473 1567 ,
500 1530 535 1557 et
572 1531 739 1569 perpetuo
774 1538 814 1559 ac
850 1525 990 1560 volubili

313 1582 414 1609 motu
438 1582 527 1610 astra
544 1576 708 1610 videntur
727 1579 881 1612 lambere.

358 1626 433 1660 260.
457 1629 508 1660 Et
525 1627 651 1671 faciles
666 1630 777 1662 vultus
792 1642 801 1662 :
818 1631 991 1664 urilarille

315 1680 431 1722 vigor!
459 1678 584 1723 Quum
605 1692 688 1714 vero
695 1681 821 1724 facim·
839 1681 991 1715 habeant

316 1732 478 1777 Scaliger.
497 1731 576 1766 Ald.
592 1730 683 1766 Pith.
700 1739 735 1766 et
749 1732 822 1766 aliae
837 1732 915 1766 edd.
931 1732 989 1766 le—

317 1783 472 1830 gendum
484 1783 566 1818 hinc
577 1783 782 1828 conjiciebat
793 1784 987 1819 Burmann.

345 1840 379 1863 Et
382 1838 476 1872 facilis
488 1839 577 1863 vultus
591 1839 676 1863 uritur
688 1839 732 1863 ille
744 1840 823 1871 risor-

314 1888 366 1922 Ut
395 1887 454 1931 qui
489 1890 625 1930 rigorem
665 1887 854 1929 quemdam
882 1887 990 1930 *vultu

314 1939 494 1984 praeserret
507 1964 516 1981 ,
525 1938 706 1981 facilitate
720 1943 755 1971 et
774 1937 988 1983 benignitate

312 1999 559 2038 temperatum.
582 1991 689 2037 Quod
714 2004 788 2026 non
816 1992 863 2026 ita
882 2005 989 2038 repu-

314 2052 397 2091 gnat
417 2045 460 2079 de
487 2044 627 2088 Druso,
656 2044 754 2088 cujus
777 2045 917 2078 dulcedo
944 2058 988 2079 ac

311 2101 462 2131 suavitas
486 2096 634 2131 maxime
650 2108 670 2130 a
687 2095 776 2131 Vell.
804 2095 963 2130 laudatur
975 2121 986 2140 ,

310 2159 342 2183 11
354 2174 363 2192 ‚
381 2162 434 2196 97.

351 2201 426 2235 262.
450 2202 655 2245 Pectoraque
676 2227 685 2240 ,
722 2203 851 2244 ingenii
865 2213 987 2246 magma

307 2261 489 2295 capaxque·
497 2253 622 2286 domus.
649 2251 703 2286 De
726 2251 853 2286 eodem
871 2253 986 2297 scrip-

307 2310 366 2337 tor
386 2302 481 2337 idem
494 2329 504 2346 ,
529 2303 605 2337 loco
627 2303 730 2337 citato
744 2316 752 2337 τ
766 2317 782 2333 «
804 2303 914 2349 Cujus
928 2304 987 2338 in·-

305 2355 473 2400 genium,
491 2361 611 2389 utrum
631 2355 758 2389 bellicis
774 2356 883 2401 magis
900 2368 986 2400 ope-

303 2406 399 2441 ribus
415 2432 425 2450 ‚
468 2419 512 2441 an
537 2406 690 2441 civilibus
723 2407 898 2441 suffecerit
927 2420 986 2441 ar·-

304 2458 422 2501 tibus,
446 2458 483 2492 in
514 2458 648 2492 incerto
675 2465 736 2492 est.
770 2458 887 2493 Fuisse
914 2471 984 2492 au-

303 2516 381 2544 tem
396 2510 550 2545 creditur
564 2536 573 2554 ,
596 2522 669 2544 non
686 2510 803 2545 minus
824 2510 982 2556 gloriosi,

310 2575 415 2606 quam
431 2562 536 2597 civilis
551 2562 668 2596 animi.
680 2576 697 2592 »
712 2562 808 2596 Suet.
825 2561 982 2597 Claud.1.

349 2614 422 2647 268.
447 2615 551 2658 Seque
568 2626 649 2658 opus
666 2616 809 2658 &geniis
825 2616 984 2648 camini-

300 2667 428 2709 lausque
444 2667 549 2699 dabit.
575 2665 739 2710 Amplam
755 2671 848 2700 certe
870 2673 984 2700 mate-

299 2715 396 2750 riem
415 2716 667 2762 suppeditabit,
692 2717 731 2751 in
755 2730 859 2763 quam
884 2724 982 2752 trac-

297 2767 446 2803 tandam
463 2780 536 2804 sese
555 2776 714 2804 exserant
732 2776 915 2814 poetarum
931 2769 983 2804 in-

1056 1473 1167 1520 genia.
1202 1472 1250 1508 Et
1273 1471 1422 1507 Horatio
1447 1472 1545 1518 jam,
1575 1474 1616 1506 ut
1642 1470 1733 1506 vidi-

1055 1538 1151 1569 mus,
1165 1525 1462 1571 suppeditaverat,
1480 1531 1516 1559 et
1528 1523 1589 1569 ipsi
1606 1523 1734 1559 deinde

1056 1575 1186 1611 Ovidio
1201 1590 1209 1611 ε
1229 1576 1332 1610 Trist.
1345 1586 1404 1619 lv,
1423 1575 1522 1622 Eleg.
1531 1586 1584 1619 11,
1602 1575 1666 1623 39,
1686 1574 1732 1611 de

1055 1628 1159 1662 Pont.
1178 1639 1207 1661 11
1219 1654 1228 1671 ,
1253 1627 1349 1674 Elcg.
1366 1638 1396 1661 11
1408 1653 1419 1671 ‚
1438 1627 1639 1673 74.Fast.1‚
1657 1627 1732 1674 ⁵97·

1098 1679 1171 1726 269.
1186 1680 1300 1714 Stabat
1312 1683 1350 1713 et
1356 1682 1393 1713 in
1406 1681 1523 1713 mslnssr
1534 1684 1599 1713 etc.
1609 1677 1732 1712 Statua

1052 1730 1091 1764 in
1107 1729 1225 1764 rostris
1238 1729 1431 1764 donaberis.
1447 1743 1464 1758 κ
1481 1729 1657 1764 Praeterea
1667 1740 1731 1764 se·-

1053 1788 1153 1816 natus
1163 1807 1173 1825 ,
1186 1781 1279 1815 inter
1289 1781 1352 1815 alia
1367 1780 1560 1825 compluta,
1572 1791 1731 1815 marmo-

1052 1846 1154 1868 reum
1170 1845 1290 1868 arcum
1305 1845 1387 1868 cum
1401 1831 1537 1877 tmpaeis
1547 1831 1602 1867 via
1617 1831 1730 1877 Appia

1053 1884 1206 1919 decrevit
1219 1910 1228 1928 ‚
1259 1891 1295 1919 et
1321 1886 1518 1919 Germanici
1532 1882 1730 1928 cognomen

1052 1936 1114 1982 ipsi
1136 1936 1349 1982 posterisque
1372 1936 1457 1980 ejus.
1476 1949 1493 1964 »
1515 1933 1728 1978 Suetonius,

1055 1987 1178 2023 Claud.
1199 1999 1223 2022 1.
1248 1987 1330 2023 Dio.
1348 1998 1403 2022 ΙΝ.
1417 2004 1463 2012 -
1480 1987 1589 2020 Τι’ίιιΙὶ
1597 1989 1729 2031 specio·

1051 2051 1110 2073 sus
1123 2041 1255 2073 honam.
1281 2037 1487 2073 Honorifica
1506 2036 1648 2082 insignis
1662 2037 1730 2073 im·

1051 2091 1220 2136 criptione
1231 2118 1240 2132 ,
1259 2104 1336 2136 quae
1351 2091 1398 2126 sic
1413 2090 1526 2125 adhuc
1539 2089 1577 2124 in
1593 2090 1730 2124 numis-

1053 2143 1202 2177 matibus
1224 2143 1351 2188 legitur
1374 2156 1384 2178 :
1415 2152 1516 2177 mmo
1545 2146 1728 2176 CLAUDIUS

1051 2205 1196 2230 mausus
1218 2204 1462 2230 eznmamcus
1486 2202 1567 2227 ml».
1599 2206 1617 2222 «
1643 2193 1726 2228 Nou

1050 2260 1112 2294 per
1129 2247 1378 2291 adulationem,
1393 2247 1508 2293 inquit
1521 2245 1659 2289 Florus,
1671 2257 1724 2288 ιν,

1052 2310 1091 2334 12
1105 2325 1115 2342 ,
1142 2299 1202 2334 sed
1220 2312 1260 2334 ex
1275 2299 1407 2334 meritis
1423 2299 1588 2334 defuncto
1603 2298 1650 2332 ibi
1674 2297 1726 2342 (in

1050 2351 1242 2394 German.)
1260 2352 1446 2387 fortissimo
1461 2353 1589 2396 juvene
1603 2377 1613 2395 ‚
1637 2350 1723 2396 ipsi,

1049 2404 1142 2449 quod
1162 2417 1358 2450 numquam
1382 2405 1463 2440 alias
1476 2430 1486 2448 ,
1508 2411 1651 2439 senatus
1670 2416 1725 2439 co-

1049 2468 1202 2502 gnomen
1219 2468 1259 2491 ex
1274 2455 1450 2502 provincia
1465 2455 1570 2491 dedit.
1590 2469 1609 2486 ³»

1090 2509 1165 2555 273.
1202 2509 1401 2553 Adspiciam
1433 2521 1546 2552 regum
1585 2510 1724 2542 liventia

1048 2564 1137 2596 colla
1155 2565 1285 2596 catenis
1304 2569 1368 2597 etc.
1387 2561 1522 2596 Durior
1543 2561 1636 2605 iusto
1654 2560 1724 2594 im·-

1046 2614 1198 2659 precatio
1220 2614 1295 2649 haec
1328 2614 1365 2648 in
1392 2613 1612 2657 Germanos,
1639 2613 1723 2659 qui,

1047 2667 1227 2701 communi
1246 2667 1404 2712 gentium
1421 2667 1517 2712 jure,
1540 2679 1639 2701 suam
1657 2665 1722 2711 sibi

1046 2718 1243 2753 libertatem
1260 2725 1295 2753 et
1316 2719 1464 2764 patriam
1480 2717 1584 2752 armis
1598 2715 1719 2751 vindi-

1046 2782 1124 2805 care
1146 2771 1372 2806 conabantur.
1396 2770 1573 2805 Caeterum
1587 2794 1598 2812 ‚
1624 2767 1718 2802 hunc
