<?xml version="1.0" encoding="UTF-8"?>
<!DOCTYPE html PUBLIC "-//W3C//DTD XHTML 1.0 Transitional//EN"
    "http://www.w3.org/TR/xhtml1/DTD/xhtml1-transitional.dtd">
<html xmlns="http://www.w3.org/1999/xhtml" xml:lang="en" lang="en">
 <head>
  <title>
</title>
<meta http-equiv="Content-Type" content="text/html;charset=utf-8" />
  <meta name='ocr-system' content='tesseract 3.04.00' />
  <meta name='ocr-capabilities' content='ocr_page ocr_carea ocr_par ocr_line ocrx_word'/>
</head>
<body>
  <div class='ocr_page' id='page_1' title='image "./quaeextantomniao01oviduoft_0176.png"; bbox 0 0 1884 3112; ppageno 0'>
   <div class='ocr_carea' id='block_1_1' title="bbox 306 301 1261 358">
    <p class='ocr_par' dir='ltr' id='par_1_1' title="bbox 306 301 1261 358">
     <span class='ocr_line' id='line_1_1' title="bbox 306 301 1261 358; baseline 0 -11"><span class='ocrx_word' id='word_1_1' title='bbox 306 301 389 358; x_wconf 74' lang='lat'><strong>144</strong></span> <span class='ocrx_word' id='word_1_2' title='bbox 747 302 1102 347; x_wconf 80' lang='lat' dir='ltr'><strong>EPIsToLA</strong></span> <span class='ocrx_word' id='word_1_3' title='bbox 1143 305 1261 350; x_wconf 87' lang='lat' dir='ltr'>v11.</span> 
     </span>
    </p>
   </div>
   <div class='ocr_carea' id='block_1_2' title="bbox 300 392 1704 757">
    <p class='ocr_par' dir='ltr' id='par_1_2' title="bbox 300 392 1704 537">
     <span class='ocr_line' id='line_1_2' title="bbox 300 392 1704 463; baseline 0.004 -21"><span class='ocrx_word' id='word_1_4' title='bbox 300 393 387 442; x_wconf 87' lang='lat' dir='ltr'><strong>Sed</strong></span> <span class='ocrx_word' id='word_1_5' title='bbox 409 393 560 441; x_wconf 87' lang='lat' dir='ltr'><strong>merita</strong></span> <span class='ocrx_word' id='word_1_6' title='bbox 583 404 626 441; x_wconf 86' lang='lat' dir='ltr'><strong>et</strong></span> <span class='ocrx_word' id='word_1_7' title='bbox 647 392 825 451; x_wconf 86' lang='lat' dir='ltr'><strong>famam,</strong></span> <span class='ocrx_word' id='word_1_8' title='bbox 852 412 1096 459; x_wconf 89' lang='lat' dir='ltr'>corpusque</span> <span class='ocrx_word' id='word_1_9' title='bbox 1115 394 1393 462; x_wconf 86' lang='lat' dir='ltr'><strong>animumque</strong></span> <span class='ocrx_word' id='word_1_10' title='bbox 1411 397 1620 463; x_wconf 87' lang='lat' dir='ltr'><strong>pudicum</strong></span> <span class='ocrx_word' id='word_1_11' title='bbox 1682 413 1704 448; x_wconf 77' lang='lat'>5</span> 
     </span>
     <span class='ocr_line' id='line_1_3' title="bbox 365 463 1511 537; baseline 0.004 -19"><span class='ocrx_word' id='word_1_12' title='bbox 365 472 517 534; x_wconf 81' lang='lat' dir='ltr'><strong>Quum</strong></span> <span class='ocrx_word' id='word_1_13' title='bbox 537 469 645 517; x_wconf 87' lang='lat' dir='ltr'><strong>male</strong></span> <span class='ocrx_word' id='word_1_14' title='bbox 661 469 949 535; x_wconf 83' lang='lat' dir='ltr'><strong>perdiderim,</strong></span> <span class='ocrx_word' id='word_1_15' title='bbox 970 470 1149 537; x_wconf 84' lang='lat' dir='ltr'><strong>perdere</strong></span> <span class='ocrx_word' id='word_1_16' title='bbox 1172 471 1305 520; x_wconf 87' lang='lat' dir='ltr'><strong>verba</strong></span> <span class='ocrx_word' id='word_1_17' title='bbox 1325 471 1416 522; x_wconf 87' lang='lat' dir='ltr'><strong>leve</strong></span> <span class='ocrx_word' id='word_1_18' title='bbox 1433 463 1511 523; x_wconf 85' lang='lat' dir='ltr'><strong>est.</strong></span> 
     </span>
    </p>

    <p class='ocr_par' dir='ltr' id='par_1_3' title="bbox 300 546 1557 690">
     <span class='ocr_line' id='line_1_4' title="bbox 300 546 1557 614; baseline 0.002 -18"><span class='ocrx_word' id='word_1_19' title='bbox 300 549 457 596; x_wconf 87' lang='lat' dir='ltr'><strong>Certus</strong></span> <span class='ocrx_word' id='word_1_20' title='bbox 481 566 526 594; x_wconf 88' lang='lat' dir='ltr'><strong>es</strong></span> <span class='ocrx_word' id='word_1_21' title='bbox 547 547 608 594; x_wconf 90' lang='lat' dir='ltr'><strong>ire</strong></span> <span class='ocrx_word' id='word_1_22' title='bbox 632 557 795 604; x_wconf 84' lang='lat' dir='ltr'><strong>tamen,</strong></span> <span class='ocrx_word' id='word_1_23' title='bbox 822 547 1111 614; x_wconf 86' lang='lat' dir='ltr'><strong>miseramque</strong></span> <span class='ocrx_word' id='word_1_24' title='bbox 1133 546 1380 614; x_wconf 86' lang='lat' dir='ltr'><strong>relinquere</strong></span> <span class='ocrx_word' id='word_1_25' title='bbox 1407 550 1526 598; x_wconf 87' lang='lat' dir='ltr'><strong>Dido</strong></span> <span class='ocrx_word' id='word_1_26' title='bbox 1546 570 1557 609; x_wconf 93' lang='lat'>;</span> 
     </span>
     <span class='ocr_line' id='line_1_5' title="bbox 365 623 1321 690; baseline 0 -19"><span class='ocrx_word' id='word_1_27' title='bbox 365 625 514 689; x_wconf 87' lang='lat' dir='ltr'><strong>Atque</strong></span> <span class='ocrx_word' id='word_1_28' title='bbox 538 623 655 671; x_wconf 88' lang='lat' dir='ltr'><strong>idem</strong></span> <span class='ocrx_word' id='word_1_29' title='bbox 675 623 794 671; x_wconf 86' lang='lat' dir='ltr'><strong>venti</strong></span> <span class='ocrx_word' id='word_1_30' title='bbox 817 623 912 672; x_wconf 90' lang='lat' dir='ltr'><strong>vela</strong></span> <span class='ocrx_word' id='word_1_31' title='bbox 933 623 1151 690; x_wconf 88' lang='lat' dir='ltr'><strong>fidemque</strong></span> <span class='ocrx_word' id='word_1_32' title='bbox 1168 623 1321 673; x_wconf 86' lang='lat' dir='ltr'><strong>ferent.</strong></span> 
     </span>
    </p>

    <p class='ocr_par' dir='ltr' id='par_1_4' title="bbox 303 699 1417 757">
     <span class='ocr_line' id='line_1_6' title="bbox 303 699 1417 757; baseline 0.001 -9"><span class='ocrx_word' id='word_1_33' title='bbox 303 700 461 748; x_wconf 86' lang='lat' dir='ltr'><strong>Certus</strong></span> <span class='ocrx_word' id='word_1_34' title='bbox 485 718 552 757; x_wconf 86' lang='lat' dir='ltr'><strong>es,</strong></span> <span class='ocrx_word' id='word_1_35' title='bbox 579 700 737 757; x_wconf 85' lang='lat' dir='ltr'><strong>AEnea,</strong></span> <span class='ocrx_word' id='word_1_36' title='bbox 766 719 865 748; x_wconf 82' lang='lat' dir='ltr'><strong>curn</strong></span> <span class='ocrx_word' id='word_1_37' title='bbox 886 699 1047 749; x_wconf 87' lang='lat' dir='ltr'><strong>soedere</strong></span> <span class='ocrx_word' id='word_1_38' title='bbox 1072 699 1238 749; x_wconf 90' lang='lat' dir='ltr'><strong>solvere</strong></span> <span class='ocrx_word' id='word_1_39' title='bbox 1261 719 1417 750; x_wconf 88' lang='lat' dir='ltr'><strong>naves:</strong></span> 
     </span>
    </p>
   </div>
   <div class='ocr_carea' id='block_1_3' title="bbox 368 776 1709 843">
    <p class='ocr_par' dir='ltr' id='par_1_5' title="bbox 368 776 1709 843">
     <span class='ocr_line' id='line_1_7' title="bbox 368 776 1709 843; baseline 0.001 -18"><span class='ocrx_word' id='word_1_40' title='bbox 368 779 567 843; x_wconf 86' lang='lat' dir='ltr'><strong>Quaeque</strong></span> <span class='ocrx_word' id='word_1_41' title='bbox 591 777 672 825; x_wconf 88' lang='lat' dir='ltr'><strong>ubi</strong></span> <span class='ocrx_word' id='word_1_42' title='bbox 696 777 786 825; x_wconf 88' lang='lat' dir='ltr'><strong>sint</strong></span> <span class='ocrx_word' id='word_1_43' title='bbox 807 778 967 836; x_wconf 86' lang='lat' dir='ltr'><strong>nescis,</strong></span> <span class='ocrx_word' id='word_1_44' title='bbox 994 776 1104 825; x_wconf 88' lang='lat' dir='ltr'><strong>Itala</strong></span> <span class='ocrx_word' id='word_1_45' title='bbox 1125 794 1259 840; x_wconf 86' lang='lat' dir='ltr'><strong>regna</strong></span> <span class='ocrx_word' id='word_1_46' title='bbox 1281 778 1418 843; x_wconf 90' lang='lat' dir='ltr'><strong>sequi.</strong></span> <span class='ocrx_word' id='word_1_47' title='bbox 1671 805 1709 827; x_wconf 81' lang='grc' dir='ltr'><strong>ιο</strong></span> 
     </span>
    </p>
   </div>
   <div class='ocr_carea' id='block_1_4' title="bbox 303 853 1440 917">
    <p class='ocr_par' dir='ltr' id='par_1_6' title="bbox 303 853 1440 917">
     <span class='ocr_line' id='line_1_8' title="bbox 303 853 1440 917; baseline 0 -15"><span class='ocrx_word' id='word_1_48' title='bbox 303 853 394 902; x_wconf 88' lang='lat' dir='ltr'><strong>Nec</strong></span> <span class='ocrx_word' id='word_1_49' title='bbox 416 872 531 901; x_wconf 87' lang='lat' dir='ltr'><strong>nova</strong></span> <span class='ocrx_word' id='word_1_50' title='bbox 556 853 800 915; x_wconf 85' lang='lat' dir='ltr'><strong>Carthago,</strong></span> <span class='ocrx_word' id='word_1_51' title='bbox 824 872 904 901; x_wconf 88' lang='lat' dir='ltr'><strong>nec</strong></span> <span class='ocrx_word' id='word_1_52' title='bbox 928 865 970 902; x_wconf 89' lang='lat' dir='ltr'><strong>te</strong></span> <span class='ocrx_word' id='word_1_53' title='bbox 994 854 1231 902; x_wconf 85' lang='lat' dir='ltr'><strong>crescentia</strong></span> <span class='ocrx_word' id='word_1_54' title='bbox 1253 865 1440 917; x_wconf 79' lang='lat' dir='ltr'><strong>tangunt</strong></span> 
     </span>
    </p>
   </div>
   <div class='ocr_carea' id='block_1_5' title="bbox 300 965 976 1113">
    <p class='ocr_par' dir='ltr' id='par_1_7' title="bbox 300 965 976 1113">
     <span class='ocr_line' id='line_1_9' title="bbox 301 965 976 1012; baseline -0.003 -10"><span class='ocrx_word' id='word_1_55' title='bbox 301 965 529 1012; x_wconf 83' lang='lat' dir='ltr'><strong>imposuimus</strong></span> <span class='ocrx_word' id='word_1_56' title='bbox 557 965 721 999; x_wconf 85' lang='lat' dir='ltr'><strong>laborem.</strong></span> <span class='ocrx_word' id='word_1_57' title='bbox 753 983 799 992; x_wconf 90' lang='lat'>—</span> <span class='ocrx_word' id='word_1_58' title='bbox 823 965 976 1000; x_wconf 73' lang='lat' dir='ltr'><strong>Adverso</strong></span> 
     </span>
     <span class='ocr_line' id='line_1_10' title="bbox 301 1018 976 1053; baseline -0.003 0"><span class='ocrx_word' id='word_1_59' title='bbox 301 1021 458 1053; x_wconf 71' lang='lat' dir='ltr'><strong>mouimus</strong></span> <span class='ocrx_word' id='word_1_60' title='bbox 475 1021 545 1051; x_wconf 80' lang='lat' dir='ltr'><strong>isla</strong></span> <span class='ocrx_word' id='word_1_61' title='bbox 569 1019 655 1051; x_wconf 85' lang='lat' dir='ltr'><strong>Deo.</strong></span> <span class='ocrx_word' id='word_1_62' title='bbox 685 1018 842 1052; x_wconf 70' lang='lat' dir='ltr'><strong>Novimus</strong></span> <span class='ocrx_word' id='word_1_63' title='bbox 851 1018 976 1051; x_wconf 83' lang='lat' dir='ltr'><strong>Putea-</strong></span> 
     </span>
     <span class='ocr_line' id='line_1_11' title="bbox 300 1068 971 1113; baseline -0.001 -10"><span class='ocrx_word' id='word_1_64' title='bbox 300 1082 399 1113; x_wconf 87' lang='lat' dir='ltr'><strong>neus,</strong></span> <span class='ocrx_word' id='word_1_65' title='bbox 408 1082 488 1104; x_wconf 89' lang='lat' dir='ltr'><strong>cum</strong></span> <span class='ocrx_word' id='word_1_66' title='bbox 496 1068 565 1103; x_wconf 88' lang='lat' dir='ltr'><strong>aliis</strong></span> <span class='ocrx_word' id='word_1_67' title='bbox 572 1068 757 1103; x_wconf 85' lang='lat' dir='ltr'><strong>nonnullis.</strong></span> <span class='ocrx_word' id='word_1_68' title='bbox 765 1068 971 1112; x_wconf 88' lang='lat' dir='ltr'><strong>Basiliensis,</strong></span> 
     </span>
    </p>
   </div>
   <div class='ocr_carea' id='block_1_6' title="bbox 299 1125 976 1469">
    <p class='ocr_par' dir='ltr' id='par_1_8' title="bbox 301 1125 976 1170">
     <span class='ocr_line' id='line_1_12' title="bbox 301 1125 976 1170; baseline -0.003 -10"><span class='ocrx_word' id='word_1_69' title='bbox 301 1130 384 1160; x_wconf 81' lang='lat' dir='ltr'><strong>vois.</strong></span> <span class='ocrx_word' id='word_1_70' title='bbox 402 1125 520 1160; x_wconf 87' lang='lat' dir='ltr'><strong>Scribe</strong></span> <span class='ocrx_word' id='word_1_71' title='bbox 535 1128 682 1159; x_wconf 67' lang='lat' dir='ltr'><strong>vovimus</strong></span> <span class='ocrx_word' id='word_1_72' title='bbox 694 1137 703 1160; x_wconf 84' lang='grc'><strong>.’</strong></span> <span class='ocrx_word' id='word_1_73' title='bbox 716 1125 764 1160; x_wconf 83' lang='lat' dir='ltr'><strong>ita</strong></span> <span class='ocrx_word' id='word_1_74' title='bbox 780 1132 816 1160; x_wconf 84' lang='lat' dir='ltr'><strong>et</strong></span> <span class='ocrx_word' id='word_1_75' title='bbox 830 1136 976 1170; x_wconf 89' lang='lat' dir='ltr'><strong>corrup-</strong></span> 
     </span>
    </p>

    <p class='ocr_par' dir='ltr' id='par_1_9' title="bbox 303 1176 976 1271">
     <span class='ocr_line' id='line_1_13' title="bbox 303 1176 975 1222; baseline -0.001 -11"><span class='ocrx_word' id='word_1_76' title='bbox 303 1183 380 1211; x_wconf 85' lang='lat' dir='ltr'><strong>tum</strong></span> <span class='ocrx_word' id='word_1_77' title='bbox 392 1203 401 1220; x_wconf 93' lang='lat'>,</span> <span class='ocrx_word' id='word_1_78' title='bbox 422 1189 447 1211; x_wconf 89' lang='lat'><strong>1.</strong></span> <span class='ocrx_word' id='word_1_79' title='bbox 467 1176 588 1211; x_wconf 91' lang='lat' dir='ltr'><strong>Amor.</strong></span> <span class='ocrx_word' id='word_1_80' title='bbox 602 1176 698 1222; x_wconf 84' lang='lat' dir='ltr'><strong>Eleg.</strong></span> <span class='ocrx_word' id='word_1_81' title='bbox 713 1188 758 1211; x_wconf 94' lang='lat'><strong>111</strong></span> <span class='ocrx_word' id='word_1_82' title='bbox 769 1202 778 1220; x_wconf 93' lang='lat'>,</span> <span class='ocrx_word' id='word_1_83' title='bbox 796 1176 816 1210; x_wconf 85' lang='lat'>3</span> <span class='ocrx_word' id='word_1_84' title='bbox 830 1190 838 1218; x_wconf 86' lang='lat'><strong>;</strong></span> <span class='ocrx_word' id='word_1_85' title='bbox 856 1182 890 1210; x_wconf 88' lang='lat' dir='ltr'><strong>et</strong></span> <span class='ocrx_word' id='word_1_86' title='bbox 904 1189 975 1222; x_wconf 87' lang='lat'>127.</span> 
     </span>
     <span class='ocr_line' id='line_1_14' title="bbox 345 1227 976 1271; baseline -0.005 -9"><span class='ocrx_word' id='word_1_87' title='bbox 345 1230 375 1262; x_wconf 85' lang='lat'><strong>5.</strong></span> <span class='ocrx_word' id='word_1_88' title='bbox 392 1229 462 1262; x_wconf 80' lang='lat' dir='ltr'><strong>Sed</strong></span> <span class='ocrx_word' id='word_1_89' title='bbox 471 1228 729 1271; x_wconf 79' lang='lat' dir='ltr'><strong>merilifamam.</strong></span> <span class='ocrx_word' id='word_1_90' title='bbox 746 1227 976 1270; x_wconf 81' lang='lat' dir='ltr'><strong>Gottorphia-</strong></span> 
     </span>
    </p>

    <p class='ocr_par' dir='ltr' id='par_1_10' title="bbox 299 1278 974 1321">
     <span class='ocr_line' id='line_1_15' title="bbox 299 1278 974 1321; baseline -0.006 -7"><span class='ocrx_word' id='word_1_91' title='bbox 299 1289 366 1314; x_wconf 82' lang='lat' dir='ltr'><strong>nus</strong></span> <span class='ocrx_word' id='word_1_92' title='bbox 382 1286 417 1314; x_wconf 84' lang='lat' dir='ltr'><strong>et</strong></span> <span class='ocrx_word' id='word_1_93' title='bbox 433 1279 519 1314; x_wconf 87' lang='lat' dir='ltr'><strong>alter</strong></span> <span class='ocrx_word' id='word_1_94' title='bbox 535 1278 771 1313; x_wconf 85' lang='lat' dir='ltr'><strong>Mentelian-us</strong></span> <span class='ocrx_word' id='word_1_95' title='bbox 782 1303 792 1321; x_wconf 89' lang='lat'>‚</span> <span class='ocrx_word' id='word_1_96' title='bbox 813 1280 974 1311; x_wconf 81' lang='lat' dir='ltr'><strong>meritam.</strong></span> 
     </span>
    </p>

    <p class='ocr_par' dir='ltr' id='par_1_11' title="bbox 301 1329 972 1373">
     <span class='ocr_line' id='line_1_16' title="bbox 301 1329 972 1373; baseline -0.004 -8"><span class='ocrx_word' id='word_1_97' title='bbox 301 1330 404 1365; x_wconf 90' lang='lat' dir='ltr'><strong>Unus</strong></span> <span class='ocrx_word' id='word_1_98' title='bbox 418 1330 597 1365; x_wconf 86' lang='lat' dir='ltr'><strong>Mediceus</strong></span> <span class='ocrx_word' id='word_1_99' title='bbox 608 1333 736 1364; x_wconf 77' lang='lat' dir='ltr'><strong>merita.</strong></span> <span class='ocrx_word' id='word_1_100' title='bbox 755 1329 972 1373; x_wconf 81' lang='lat' dir='ltr'><strong>Puteaneus,</strong></span> 
     </span>
    </p>

    <p class='ocr_par' dir='ltr' id='par_1_12' title="bbox 302 1382 580 1418">
     <span class='ocr_line' id='line_1_17' title="bbox 302 1382 580 1418; baseline 0 -1"><span class='ocrx_word' id='word_1_101' title='bbox 302 1387 427 1418; x_wconf 77' lang='lat' dir='ltr'><strong>merite.</strong></span> <span class='ocrx_word' id='word_1_102' title='bbox 443 1382 580 1418; x_wconf 82' lang='lat' dir='ltr'><strong>Scribe:</strong></span> 
     </span>
    </p>

    <p class='ocr_par' dir='ltr' id='par_1_13' title="bbox 301 1442 607 1469">
     <span class='ocr_line' id='line_1_18' title="bbox 301 1442 607 1469; baseline -0.007 0"><span class='ocrx_word' id='word_1_103' title='bbox 301 1444 351 1469; x_wconf 71' lang='lat' dir='ltr'><strong>sed</strong></span> <span class='ocrx_word' id='word_1_104' title='bbox 363 1442 454 1468; x_wconf 71' lang='lat' dir='ltr'><strong>merita</strong></span> <span class='ocrx_word' id='word_1_105' title='bbox 465 1448 491 1467; x_wconf 87' lang='lat' dir='ltr'><strong>et</strong></span> <span class='ocrx_word' id='word_1_106' title='bbox 503 1442 607 1467; x_wconf 69' lang='lat' dir='ltr'><strong>famam.</strong></span> 
     </span>
    </p>
   </div>
   <div class='ocr_carea' id='block_1_7' title="bbox 301 1489 981 2834">
    <p class='ocr_par' dir='ltr' id='par_1_14' title="bbox 301 1489 981 2834">
     <span class='ocr_line' id='line_1_19' title="bbox 302 1489 977 1536; baseline -0.003 -10"><span class='ocrx_word' id='word_1_107' title='bbox 302 1493 429 1526; x_wconf 78' lang='lat' dir='ltr'><strong>Men&#39;ta</strong></span> <span class='ocrx_word' id='word_1_108' title='bbox 443 1497 542 1526; x_wconf 84' lang='lat' dir='ltr'><strong>vocat</strong></span> <span class='ocrx_word' id='word_1_109' title='bbox 556 1490 725 1526; x_wconf 81' lang='lat' dir='ltr'><strong>beneficia</strong></span> <span class='ocrx_word' id='word_1_110' title='bbox 736 1516 746 1534; x_wconf 93' lang='lat'>,</span> <span class='ocrx_word' id='word_1_111' title='bbox 768 1502 846 1536; x_wconf 82' lang='lat' dir='ltr'><strong>quae</strong></span> <span class='ocrx_word' id='word_1_112' title='bbox 860 1489 898 1524; x_wconf 92' lang='lat' dir='ltr'><strong>in</strong></span> <span class='ocrx_word' id='word_1_113' title='bbox 912 1489 977 1524; x_wconf 91' lang='lat' dir='ltr'><strong>in-</strong></span> 
     </span>
     <span class='ocr_line' id='line_1_20' title="bbox 303 1541 978 1589; baseline -0.003 -11"><span class='ocrx_word' id='word_1_114' title='bbox 303 1550 441 1589; x_wconf 77' lang='lat' dir='ltr'><strong>gratum</strong></span> <span class='ocrx_word' id='word_1_115' title='bbox 451 1543 605 1578; x_wconf 88' lang='lat' dir='ltr'><strong>AEneam</strong></span> <span class='ocrx_word' id='word_1_116' title='bbox 616 1542 813 1577; x_wconf 82' lang='lat' dir='ltr'><strong>contulerat</strong></span> <span class='ocrx_word' id='word_1_117' title='bbox 824 1555 832 1577; x_wconf 74' lang='lat' dir='ltr'><strong>t</strong></span> <span class='ocrx_word' id='word_1_118' title='bbox 844 1542 890 1577; x_wconf 91' lang='lat' dir='ltr'><strong>sic</strong></span> <span class='ocrx_word' id='word_1_119' title='bbox 901 1541 978 1576; x_wconf 88' lang='lat' dir='ltr'><strong>Au-</strong></span> 
     </span>
     <span class='ocr_line' id='line_1_21' title="bbox 301 1594 978 1639; baseline -0.004 -8"><span class='ocrx_word' id='word_1_120' title='bbox 301 1608 375 1631; x_wconf 85' lang='lat' dir='ltr'><strong>son.</strong></span> <span class='ocrx_word' id='word_1_121' title='bbox 400 1595 641 1631; x_wconf 83' lang='lat' dir='ltr'><strong>Parentalibus</strong></span> <span class='ocrx_word' id='word_1_122' title='bbox 651 1621 660 1639; x_wconf 92' lang='lat'>,</span> <span class='ocrx_word' id='word_1_123' title='bbox 674 1598 795 1629; x_wconf 78' lang='lat' dir='ltr'><strong>merita</strong></span> <span class='ocrx_word' id='word_1_124' title='bbox 807 1599 845 1628; x_wconf 83' lang='lat' dir='ltr'><strong>et</strong></span> <span class='ocrx_word' id='word_1_125' title='bbox 843 1594 978 1638; x_wconf 84' lang='lat' dir='ltr'><strong>samam</strong></span> 
     </span>
     <span class='ocr_line' id='line_1_22' title="bbox 303 1645 978 1691; baseline -0.004 -11"><span class='ocrx_word' id='word_1_126' title='bbox 303 1646 492 1691; x_wconf 88' lang='lat' dir='ltr'><strong>conjunxit.</strong></span> <span class='ocrx_word' id='word_1_127' title='bbox 517 1646 640 1681; x_wconf 90' lang='lat' dir='ltr'><strong>Senec.</strong></span> <span class='ocrx_word' id='word_1_128' title='bbox 664 1645 770 1679; x_wconf 87' lang='lat' dir='ltr'><strong>Herc.</strong></span> <span class='ocrx_word' id='word_1_129' title='bbox 789 1645 871 1679; x_wconf 90' lang='lat' dir='ltr'><strong>Fur.</strong></span> <span class='ocrx_word' id='word_1_130' title='bbox 893 1646 978 1691; x_wconf 79' lang='lat'>259:</span> 
     </span>
     <span class='ocr_line' id='line_1_23' title="bbox 528 1703 918 1737; baseline -0.008 -7"><span class='ocrx_word' id='word_1_131' title='bbox 528 1722 559 1730; x_wconf 88' lang='grc'><strong>...</strong></span> <span class='ocrx_word' id='word_1_132' title='bbox 574 1706 674 1730; x_wconf 75' lang='lat' dir='ltr'><strong>cuncta</strong></span> <span class='ocrx_word' id='word_1_133' title='bbox 685 1705 738 1737; x_wconf 69' lang='lat' dir='ltr'><strong>jum</strong></span> <span class='ocrx_word' id='word_1_134' title='bbox 748 1703 822 1729; x_wconf 76' lang='lat' dir='ltr'><strong>amisi</strong></span> <span class='ocrx_word' id='word_1_135' title='bbox 832 1703 899 1729; x_wconf 78' lang='lat' dir='ltr'><strong>bona</strong></span> <span class='ocrx_word' id='word_1_136' title='bbox 909 1722 918 1734; x_wconf 90' lang='lat'><em>,</em></span> 
     </span>
     <span class='ocr_line' id='line_1_24' title="bbox 301 1753 976 1786; baseline -0.007 -6"><span class='ocrx_word' id='word_1_137' title='bbox 301 1754 428 1786; x_wconf 74' lang='lat' dir='ltr'><strong>Mentem,</strong></span> <span class='ocrx_word' id='word_1_138' title='bbox 436 1753 776 1786; x_wconf 72' lang='lat' dir='ltr'><strong>nrmfl‚fnm=m,conjugem‚</strong></span> <span class='ocrx_word' id='word_1_139' title='bbox 785 1757 869 1783; x_wconf 72' lang='lat' dir='ltr'><strong>natos,</strong></span> <span class='ocrx_word' id='word_1_140' title='bbox 876 1758 976 1776; x_wconf 68' lang='lat' dir='ltr'><strong>manus.</strong></span> 
     </span>
     <span class='ocr_line' id='line_1_25' title="bbox 303 1802 651 1850; baseline -0.009 -11"><span class='ocrx_word' id='word_1_141' title='bbox 303 1802 460 1850; x_wconf 84' lang='lat' dir='ltr'><strong>Epistola</strong></span> <span class='ocrx_word' id='word_1_142' title='bbox 469 1802 629 1848; x_wconf 86' lang='lat' dir='ltr'><strong>Sapphus</strong></span> <span class='ocrx_word' id='word_1_143' title='bbox 642 1814 651 1836; x_wconf 74' lang='grc' dir='ltr'><strong>ι</strong></span> 
     </span>
     <span class='ocr_line' id='line_1_26' title="bbox 337 1859 927 1888; baseline -0.008 0"><span class='ocrx_word' id='word_1_144' title='bbox 337 1865 372 1888; x_wconf 77' lang='lat' dir='ltr'><strong>Et</strong></span> <span class='ocrx_word' id='word_1_145' title='bbox 384 1863 468 1888; x_wconf 72' lang='lat' dir='ltr'><strong>formu</strong></span> <span class='ocrx_word' id='word_1_146' title='bbox 480 1867 506 1888; x_wconf 80' lang='lat' dir='ltr'><strong>et</strong></span> <span class='ocrx_word' id='word_1_147' title='bbox 517 1861 615 1886; x_wconf 77' lang='lat' dir='ltr'><strong>meritis</strong></span> <span class='ocrx_word' id='word_1_148' title='bbox 627 1866 657 1886; x_wconf 88' lang='lat' dir='ltr'><strong>tu</strong></span> <span class='ocrx_word' id='word_1_149' title='bbox 670 1859 734 1885; x_wconf 80' lang='lat' dir='ltr'><strong>mihi</strong></span> <span class='ocrx_word' id='word_1_150' title='bbox 744 1859 855 1885; x_wconf 75' lang='lat' dir='ltr'><strong>Phoebus</strong></span> <span class='ocrx_word' id='word_1_151' title='bbox 867 1859 927 1884; x_wconf 76' lang='lat' dir='ltr'><strong>eris.</strong></span> 
     </span>
     <span class='ocr_line' id='line_1_27' title="bbox 302 1907 980 1956; baseline -0.007 -10"><span class='ocrx_word' id='word_1_152' title='bbox 302 1911 377 1947; x_wconf 91' lang='lat' dir='ltr'><strong>Ubi</strong></span> <span class='ocrx_word' id='word_1_153' title='bbox 392 1910 556 1956; x_wconf 80' lang='lat' dir='ltr'><strong>etfinmoe</strong></span> <span class='ocrx_word' id='word_1_154' title='bbox 568 1912 695 1944; x_wconf 77' lang='lat' dir='ltr'><strong>meritis</strong></span> <span class='ocrx_word' id='word_1_155' title='bbox 709 1908 868 1948; x_wconf 85' lang='lat' dir='ltr'><strong>similiter</strong></span> <span class='ocrx_word' id='word_1_156' title='bbox 884 1907 980 1953; x_wconf 83' lang='lat' dir='ltr'><strong>lege-</strong></span> 
     </span>
     <span class='ocr_line' id='line_1_28' title="bbox 302 1960 978 2007; baseline -0.007 -9"><span class='ocrx_word' id='word_1_157' title='bbox 302 1963 426 1998; x_wconf 84' lang='lat' dir='ltr'><strong>batur:</strong></span> <span class='ocrx_word' id='word_1_158' title='bbox 443 1974 511 2007; x_wconf 88' lang='lat' dir='ltr'><strong>qua</strong></span> <span class='ocrx_word' id='word_1_159' title='bbox 525 1961 665 1995; x_wconf 86' lang='lat' dir='ltr'><strong>elisione</strong></span> <span class='ocrx_word' id='word_1_160' title='bbox 689 1960 869 1994; x_wconf 83' lang='lat' dir='ltr'><strong>literarum</strong></span> <span class='ocrx_word' id='word_1_161' title='bbox 889 1971 978 2004; x_wconf 79' lang='lat' dir='ltr'><strong>saepe</strong></span> 
     </span>
     <span class='ocr_line' id='line_1_29' title="bbox 303 2014 981 2062; baseline -0.009 -11"><span class='ocrx_word' id='word_1_162' title='bbox 303 2021 492 2062; x_wconf 86' lang='lat' dir='ltr'><strong>peccatum.</strong></span> <span class='ocrx_word' id='word_1_163' title='bbox 508 2014 641 2048; x_wconf 75' lang='lat' dir='ltr'>HEINS.</span> <span class='ocrx_word' id='word_1_164' title='bbox 649 2030 694 2039; x_wconf 90' lang='grc'><strong>·-</strong></span> <span class='ocrx_word' id='word_1_165' title='bbox 707 2014 891 2056; x_wconf 79' lang='lat' dir='ltr'><strong>corpusque</strong></span> <span class='ocrx_word' id='word_1_166' title='bbox 902 2014 981 2045; x_wconf 82' lang='lat' dir='ltr'><strong>ani-</strong></span> 
     </span>
     <span class='ocr_line' id='line_1_30' title="bbox 303 2064 981 2113; baseline -0.009 -9"><span class='ocrx_word' id='word_1_167' title='bbox 303 2081 451 2113; x_wconf 84' lang='lat' dir='ltr'><strong>mumque</strong></span> <span class='ocrx_word' id='word_1_168' title='bbox 459 2068 617 2112; x_wconf 80' lang='lat' dir='ltr'><strong>pudicum</strong></span> <span class='ocrx_word' id='word_1_169' title='bbox 630 2072 694 2100; x_wconf 85' lang='lat' dir='ltr'><strong>etc.</strong></span> <span class='ocrx_word' id='word_1_170' title='bbox 712 2064 796 2110; x_wconf 86' lang='lat' dir='ltr'><strong>Qua</strong></span> <span class='ocrx_word' id='word_1_171' title='bbox 809 2076 981 2099; x_wconf 84' lang='lat' dir='ltr'><strong>verecun-</strong></span> 
     </span>
     <span class='ocr_line' id='line_1_31' title="bbox 304 2114 981 2163; baseline -0.006 -10"><span class='ocrx_word' id='word_1_172' title='bbox 304 2119 362 2153; x_wconf 85' lang='lat' dir='ltr'><strong>dia</strong></span> <span class='ocrx_word' id='word_1_173' title='bbox 371 2145 380 2162; x_wconf 92' lang='lat'>‚</span> <span class='ocrx_word' id='word_1_174' title='bbox 393 2130 461 2163; x_wconf 90' lang='lat' dir='ltr'><strong>qua</strong></span> <span class='ocrx_word' id='word_1_175' title='bbox 470 2117 659 2152; x_wconf 87' lang='lat' dir='ltr'><strong>verborum</strong></span> <span class='ocrx_word' id='word_1_176' title='bbox 667 2116 820 2151; x_wconf 84' lang='lat' dir='ltr'><strong>castitate</strong></span> <span class='ocrx_word' id='word_1_177' title='bbox 825 2114 900 2150; x_wconf 86' lang='lat' dir='ltr'><strong>haec</strong></span> <span class='ocrx_word' id='word_1_178' title='bbox 907 2115 981 2149; x_wconf 89' lang='lat' dir='ltr'><strong>sere</strong></span> 
     </span>
     <span class='ocr_line' id='line_1_32' title="bbox 304 2167 937 2214; baseline -0.006 -9"><span class='ocrx_word' id='word_1_179' title='bbox 304 2170 429 2205; x_wconf 87' lang='lat' dir='ltr'><strong>eadem</strong></span> <span class='ocrx_word' id='word_1_180' title='bbox 444 2169 540 2204; x_wconf 89' lang='lat' dir='ltr'><strong>Dido</strong></span> <span class='ocrx_word' id='word_1_181' title='bbox 556 2168 747 2214; x_wconf 85' lang='lat' dir='ltr'><strong>Virgiliana</strong></span> <span class='ocrx_word' id='word_1_182' title='bbox 758 2193 768 2212; x_wconf 87' lang='lat'>,</span> <span class='ocrx_word' id='word_1_183' title='bbox 784 2177 838 2211; x_wconf 78' lang='grc' dir='ltr'><strong>ιν,</strong></span> <span class='ocrx_word' id='word_1_184' title='bbox 853 2167 914 2201; x_wconf 81' lang='lat'><strong>321</strong></span> <span class='ocrx_word' id='word_1_185' title='bbox 928 2179 937 2201; x_wconf 70' lang='grc' dir='ltr'><strong><em>ε</em></strong></span> 
     </span>
     <span class='ocr_line' id='line_1_33' title="bbox 570 2227 899 2262; baseline -0.009 -8"><span class='ocrx_word' id='word_1_186' title='bbox 570 2246 602 2254; x_wconf 85' lang='grc'><strong>...</strong></span> <span class='ocrx_word' id='word_1_187' title='bbox 615 2229 655 2253; x_wconf 80' lang='lat' dir='ltr'><strong>Te</strong></span> <span class='ocrx_word' id='word_1_188' title='bbox 665 2233 771 2262; x_wconf 82' lang='lat' dir='ltr'><strong>propter</strong></span> <span class='ocrx_word' id='word_1_189' title='bbox 778 2227 899 2252; x_wconf 78' lang='lat' dir='ltr'><strong>eumdem</strong></span> 
     </span>
     <span class='ocr_line' id='line_1_34' title="bbox 305 2274 963 2312; baseline -0.005 -9"><span class='ocrx_word' id='word_1_190' title='bbox 305 2278 455 2304; x_wconf 73' lang='lat' dir='ltr'><strong>Entinctus</strong></span> <span class='ocrx_word' id='word_1_191' title='bbox 469 2277 565 2312; x_wconf 83' lang='lat' dir='ltr'><strong>pudor,</strong></span> <span class='ocrx_word' id='word_1_192' title='bbox 577 2283 614 2310; x_wconf 86' lang='lat' dir='ltr'><strong>et,</strong></span> <span class='ocrx_word' id='word_1_193' title='bbox 623 2286 676 2311; x_wconf 68' lang='lat' dir='ltr'><strong>qua</strong></span> <span class='ocrx_word' id='word_1_194' title='bbox 690 2277 744 2302; x_wconf 71' lang='lat' dir='ltr'><strong>sola</strong></span> <span class='ocrx_word' id='word_1_195' title='bbox 756 2274 839 2301; x_wconf 60' lang='grc' dir='ltr'><strong>εἰδετε</strong></span> <span class='ocrx_word' id='word_1_196' title='bbox 849 2275 963 2306; x_wconf 61' lang='lat' dir='ltr'><strong>adibam}</strong></span> 
     </span>
     <span class='ocr_line' id='line_1_35' title="bbox 303 2326 487 2362; baseline 0 -10"><span class='ocrx_word' id='word_1_197' title='bbox 303 2327 385 2352; x_wconf 68' lang='lat' dir='ltr'><strong>Fama</strong></span> <span class='ocrx_word' id='word_1_198' title='bbox 399 2326 487 2362; x_wconf 75' lang='lat' dir='ltr'><strong>prior!</strong></span> 
     </span>
     <span class='ocr_line' id='line_1_36' title="bbox 306 2372 979 2420; baseline -0.006 -10"><span class='ocrx_word' id='word_1_199' title='bbox 306 2375 498 2410; x_wconf 86' lang='lat' dir='ltr'><strong>Amantem</strong></span> <span class='ocrx_word' id='word_1_200' title='bbox 522 2374 579 2409; x_wconf 83' lang='lat' dir='ltr'><strong>hic</strong></span> <span class='ocrx_word' id='word_1_201' title='bbox 605 2386 766 2420; x_wconf 81' lang='lat' dir='ltr'><strong>agnoscas</strong></span> <span class='ocrx_word' id='word_1_202' title='bbox 783 2385 792 2407; x_wconf 71' lang='grc' dir='ltr'><strong>ε</strong></span> <span class='ocrx_word' id='word_1_203' title='bbox 813 2372 881 2407; x_wconf 81' lang='lat' dir='ltr'><strong>iilic</strong></span> <span class='ocrx_word' id='word_1_204' title='bbox 895 2384 979 2407; x_wconf 82' lang='lat' dir='ltr'><strong>vero</strong></span> 
     </span>
     <span class='ocr_line' id='line_1_37' title="bbox 304 2420 980 2476; baseline -0.007 -14"><span class='ocrx_word' id='word_1_205' title='bbox 304 2428 539 2476; x_wconf 81' lang='lat' dir='ltr'><strong>meretricem,</strong></span> <span class='ocrx_word' id='word_1_206' title='bbox 555 2439 632 2471; x_wconf 85' lang='lat' dir='ltr'><strong>quae</strong></span> <span class='ocrx_word' id='word_1_207' title='bbox 647 2439 693 2460; x_wconf 89' lang='lat' dir='ltr'><strong>ne</strong></span> <span class='ocrx_word' id='word_1_208' title='bbox 710 2431 823 2460; x_wconf 84' lang='lat' dir='ltr'><strong>tentat</strong></span> <span class='ocrx_word' id='word_1_209' title='bbox 838 2420 980 2469; x_wconf 87' lang='lat' dir='ltr'><strong>quidem</strong></span> 
     </span>
     <span class='ocr_line' id='line_1_38' title="bbox 304 2477 980 2524; baseline -0.003 -10"><span class='ocrx_word' id='word_1_210' title='bbox 304 2480 408 2515; x_wconf 87' lang='lat' dir='ltr'><strong>rebus</strong></span> <span class='ocrx_word' id='word_1_211' title='bbox 434 2480 623 2514; x_wconf 85' lang='lat' dir='ltr'><strong>verborum</strong></span> <span class='ocrx_word' id='word_1_212' title='bbox 650 2477 822 2524; x_wconf 84' lang='lat' dir='ltr'><strong>pudorem</strong></span> <span class='ocrx_word' id='word_1_213' title='bbox 847 2477 980 2512; x_wconf 87' lang='lat' dir='ltr'><strong>obten—</strong></span> 
     </span>
     <span class='ocr_line' id='line_1_39' title="bbox 306 2530 981 2574; baseline -0.003 -9"><span class='ocrx_word' id='word_1_214' title='bbox 306 2531 401 2566; x_wconf 87' lang='lat' dir='ltr'><strong>dere.</strong></span> <span class='ocrx_word' id='word_1_215' title='bbox 425 2531 501 2567; x_wconf 90' lang='lat' dir='ltr'><strong>Nec</strong></span> <span class='ocrx_word' id='word_1_216' title='bbox 521 2538 613 2572; x_wconf 78' lang='lat' dir='ltr'><strong>certe</strong></span> <span class='ocrx_word' id='word_1_217' title='bbox 638 2530 864 2566; x_wconf 84' lang='lat' dir='ltr'><strong>commisisset</strong></span> <span class='ocrx_word' id='word_1_218' title='bbox 879 2535 981 2574; x_wconf 80' lang='lat' dir='ltr'><strong>poeta</strong></span> 
     </span>
     <span class='ocr_line' id='line_1_40' title="bbox 304 2580 981 2628; baseline -0.003 -11"><span class='ocrx_word' id='word_1_219' title='bbox 304 2584 586 2628; x_wconf 83' lang='lat' dir='ltr'><strong>sapientissimus,</strong></span> <span class='ocrx_word' id='word_1_220' title='bbox 596 2583 652 2618; x_wconf 82' lang='lat' dir='ltr'><strong>vel</strong></span> <span class='ocrx_word' id='word_1_221' title='bbox 658 2582 879 2618; x_wconf 82' lang='lat' dir='ltr'><strong>conscribens</strong></span> <span class='ocrx_word' id='word_1_222' title='bbox 886 2580 981 2627; x_wconf 84' lang='lat' dir='ltr'><strong>Epis-</strong></span> 
     </span>
     <span class='ocr_line' id='line_1_41' title="bbox 306 2634 980 2678; baseline 0 -12"><span class='ocrx_word' id='word_1_223' title='bbox 306 2634 430 2678; x_wconf 78' lang='lat' dir='ltr'><strong>totam,</strong></span> <span class='ocrx_word' id='word_1_224' title='bbox 452 2642 493 2670; x_wconf 90' lang='lat' dir='ltr'><strong>ut</strong></span> <span class='ocrx_word' id='word_1_225' title='bbox 507 2637 677 2670; x_wconf 85' lang='lat' dir='ltr'><strong>verborum</strong></span> <span class='ocrx_word' id='word_1_226' title='bbox 691 2637 878 2675; x_wconf 61' lang='lat' dir='ltr'><strong>lenitatem,</strong></span> <span class='ocrx_word' id='word_1_227' title='bbox 899 2645 980 2667; x_wconf 89' lang='lat' dir='ltr'><strong>cum</strong></span> 
     </span>
     <span class='ocr_line' id='line_1_42' title="bbox 310 2684 980 2730; baseline 0.001 -13"><span class='ocrx_word' id='word_1_228' title='bbox 310 2684 423 2718; x_wconf 80' lang='lat' dir='ltr'><strong>amissi</strong></span> <span class='ocrx_word' id='word_1_229' title='bbox 437 2686 568 2721; x_wconf 86' lang='lat' dir='ltr'><strong>decoris</strong></span> <span class='ocrx_word' id='word_1_230' title='bbox 577 2713 586 2730; x_wconf 91' lang='lat'>,</span> <span class='ocrx_word' id='word_1_231' title='bbox 610 2694 646 2722; x_wconf 87' lang='lat' dir='ltr'><strong>et</strong></span> <span class='ocrx_word' id='word_1_232' title='bbox 667 2686 745 2721; x_wconf 85' lang='lat' dir='ltr'><strong>vitae</strong></span> <span class='ocrx_word' id='word_1_233' title='bbox 767 2698 847 2720; x_wconf 86' lang='lat' dir='ltr'><strong>mox</strong></span> <span class='ocrx_word' id='word_1_234' title='bbox 871 2685 980 2719; x_wconf 67' lang='lat' dir='ltr'><strong>amit-</strong></span> 
     </span>
     <span class='ocr_line' id='line_1_43' title="bbox 308 2735 980 2784; baseline 0.004 -15"><span class='ocrx_word' id='word_1_235' title='bbox 308 2735 424 2770; x_wconf 86' lang='lat' dir='ltr'><strong>tendae</strong></span> <span class='ocrx_word' id='word_1_236' title='bbox 432 2742 596 2779; x_wconf 70' lang='lat' dir='ltr'><strong>grauitate</strong></span> <span class='ocrx_word' id='word_1_237' title='bbox 610 2745 836 2784; x_wconf 84' lang='lat' dir='ltr'><strong>compararet.</strong></span> <span class='ocrx_word' id='word_1_238' title='bbox 844 2739 926 2774; x_wconf 93' lang='lat' dir='ltr'><strong>Non</strong></span> <span class='ocrx_word' id='word_1_239' title='bbox 937 2750 980 2773; x_wconf 89' lang='lat' dir='ltr'><strong>eo</strong></span> 
     </span>
     <span class='ocr_line' id='line_1_44' title="bbox 310 2788 840 2834; baseline 0.004 -13"><span class='ocrx_word' id='word_1_240' title='bbox 310 2794 444 2829; x_wconf 77' lang='lat' dir='ltr'><strong>amator</strong></span> <span class='ocrx_word' id='word_1_241' title='bbox 458 2788 588 2833; x_wconf 81' lang='lat' dir='ltr'><strong>ingenii</strong></span> <span class='ocrx_word' id='word_1_242' title='bbox 602 2790 654 2823; x_wconf 85' lang='lat' dir='ltr'><strong>sui</strong></span> <span class='ocrx_word' id='word_1_243' title='bbox 667 2791 840 2834; x_wconf 77' lang='lat' dir='ltr'><strong>Virgilius.</strong></span> 
     </span>
    </p>
   </div>
   <div class='ocr_carea' id='block_1_8' title="bbox 1038 965 1714 1202">
    <p class='ocr_par' dir='ltr' id='par_1_15' title="bbox 1038 965 1714 1164">
     <span class='ocr_line' id='line_1_45' title="bbox 1083 965 1714 1012; baseline 0.003 -12"><span class='ocrx_word' id='word_1_244' title='bbox 1083 965 1114 1000; x_wconf 83' lang='lat'><strong>6.</strong></span> <span class='ocrx_word' id='word_1_245' title='bbox 1129 967 1342 1000; x_wconf 75' lang='lat' dir='ltr'><strong>Perdiderint.</strong></span> <span class='ocrx_word' id='word_1_246' title='bbox 1360 966 1545 1002; x_wconf 85' lang='lat' dir='ltr'><strong>Patavinus</strong></span> <span class='ocrx_word' id='word_1_247' title='bbox 1554 968 1714 1012; x_wconf 78' lang='lat' dir='ltr'><strong>perdide-&#39;-</strong></span> 
     </span>
     <span class='ocr_line' id='line_1_46' title="bbox 1040 1018 1712 1060; baseline 0.004 -9"><span class='ocrx_word' id='word_1_248' title='bbox 1040 1020 1088 1051; x_wconf 80' lang='lat' dir='ltr'><strong>ris</strong></span> <span class='ocrx_word' id='word_1_249' title='bbox 1098 1030 1109 1051; x_wconf 84' lang='lat'><em>:</em></span> <span class='ocrx_word' id='word_1_250' title='bbox 1119 1024 1282 1060; x_wconf 86' lang='lat' dir='ltr'><strong>venuste;</strong></span> <span class='ocrx_word' id='word_1_251' title='bbox 1300 1025 1392 1052; x_wconf 90' lang='lat' dir='ltr'><strong>amat</strong></span> <span class='ocrx_word' id='word_1_252' title='bbox 1408 1018 1503 1053; x_wconf 88' lang='lat' dir='ltr'><strong>enim</strong></span> <span class='ocrx_word' id='word_1_253' title='bbox 1521 1019 1649 1053; x_wconf 85' lang='lat' dir='ltr'><strong>Noster</strong></span> <span class='ocrx_word' id='word_1_254' title='bbox 1662 1031 1712 1055; x_wconf 83' lang='lat' dir='ltr'><strong>se-</strong></span> 
     </span>
     <span class='ocr_line' id='line_1_47' title="bbox 1039 1069 1712 1117; baseline 0.003 -14"><span class='ocrx_word' id='word_1_255' title='bbox 1039 1069 1154 1103; x_wconf 80' lang='lat' dir='ltr'><strong>cunda</strong></span> <span class='ocrx_word' id='word_1_256' title='bbox 1168 1082 1315 1114; x_wconf 87' lang='lat' dir='ltr'><strong>persona</strong></span> <span class='ocrx_word' id='word_1_257' title='bbox 1330 1069 1435 1115; x_wconf 85' lang='lat' dir='ltr'><strong>loqui.</strong></span> <span class='ocrx_word' id='word_1_258' title='bbox 1451 1069 1535 1115; x_wconf 87' lang='lat' dir='ltr'><strong>Sup.</strong></span> <span class='ocrx_word' id='word_1_259' title='bbox 1552 1070 1616 1116; x_wconf 88' lang='lat' dir='ltr'><strong>Ep.</strong></span> <span class='ocrx_word' id='word_1_260' title='bbox 1628 1082 1666 1114; x_wconf 89' lang='lat' dir='ltr'><strong>v,</strong></span> <span class='ocrx_word' id='word_1_261' title='bbox 1678 1083 1712 1117; x_wconf 89' lang='lat'><strong>7:</strong></span> 
     </span>
     <span class='ocr_line' id='line_1_48' title="bbox 1038 1128 1714 1164; baseline 0.003 -11"><span class='ocrx_word' id='word_1_262' title='bbox 1038 1128 1145 1153; x_wconf 77' lang='lat' dir='ltr'><strong>Leniter</strong></span> <span class='ocrx_word' id='word_1_263' title='bbox 1155 1137 1188 1154; x_wconf 86' lang='lat' dir='ltr'><strong>ex</strong></span> <span class='ocrx_word' id='word_1_264' title='bbox 1200 1129 1302 1160; x_wconf 79' lang='lat' dir='ltr'><strong>merito,</strong></span> <span class='ocrx_word' id='word_1_265' title='bbox 1315 1128 1441 1163; x_wconf 79' lang='lat' dir='ltr'><strong>quicquid</strong></span> <span class='ocrx_word' id='word_1_266' title='bbox 1449 1129 1568 1164; x_wconf 63' lang='lat' dir='ltr'><strong>patiare,</strong></span> <span class='ocrx_word' id='word_1_267' title='bbox 1579 1128 1714 1155; x_wconf 72' lang='lat' dir='ltr'><strong>serendum</strong></span> 
     </span>
    </p>

    <p class='ocr_par' dir='ltr' id='par_1_16' title="bbox 1133 1177 1306 1202">
     <span class='ocr_line' id='line_1_49' title="bbox 1133 1177 1306 1202; baseline 0.006 -2"><span class='ocrx_word' id='word_1_268' title='bbox 1133 1181 1181 1201; x_wconf 75' lang='lat' dir='ltr'><strong>ost.</strong></span> <span class='ocrx_word' id='word_1_269' title='bbox 1200 1177 1306 1202; x_wconf 64' lang='lat' dir='ltr'><strong>Hane-⁴1.</strong></span> 
     </span>
    </p>
   </div>
   <div class='ocr_carea' id='block_1_9' title="bbox 1097 1212 1725 1279">
    <p class='ocr_par' dir='ltr' id='par_1_17' title="bbox 1097 1212 1725 1279">
     <span class='ocr_line' id='line_1_50' title="bbox 1097 1212 1725 1279; baseline 0.005 -14"><span class='ocrx_word' id='word_1_270' title='bbox 1097 1246 1125 1278; x_wconf 86' lang='lat'><strong>7.</strong></span> <span class='ocrx_word' id='word_1_271' title='bbox 1144 1233 1372 1278; x_wconf 72' lang='lat' dir='ltr'><strong>..M&#39;t&#39;seramque</strong></span> <span class='ocrx_word' id='word_1_272' title='bbox 1403 1235 1585 1279; x_wconf 75' lang='lat' dir='ltr'><strong>relinquere</strong></span> <span class='ocrx_word' id='word_1_273' title='bbox 1610 1212 1725 1268; x_wconf 47' lang='lat' dir='ltr'><strong>De‘do‘.¹</strong></span> 
     </span>
    </p>
   </div>
   <div class='ocr_carea' id='block_1_10' title="bbox 1030 1281 1721 2788">
    <p class='ocr_par' dir='ltr' id='par_1_18' title="bbox 1039 1281 1716 1535">
     <span class='ocr_line' id='line_1_51' title="bbox 1041 1281 1715 1328; baseline 0.004 -12"><span class='ocrx_word' id='word_1_274' title='bbox 1041 1281 1198 1317; x_wconf 79' lang='lat' dir='ltr'><strong>Accusat.</strong></span> <span class='ocrx_word' id='word_1_275' title='bbox 1221 1295 1319 1328; x_wconf 79' lang='lat' dir='ltr'><strong>graec.</strong></span> <span class='ocrx_word' id='word_1_276' title='bbox 1348 1282 1464 1320; x_wconf 78' lang='lat' dir='ltr'><strong>Caesar</strong></span> <span class='ocrx_word' id='word_1_277' title='bbox 1483 1286 1652 1319; x_wconf 78' lang='lat' dir='ltr'><strong>Didonem</strong></span> <span class='ocrx_word' id='word_1_278' title='bbox 1677 1291 1715 1319; x_wconf 84' lang='lat' dir='ltr'><strong>et</strong></span> 
     </span>
     <span class='ocr_line' id='line_1_52' title="bbox 1044 1335 1714 1381; baseline 0.006 -13"><span class='ocrx_word' id='word_1_279' title='bbox 1044 1336 1260 1381; x_wconf 77' lang='lat' dir='ltr'><strong>Calypsonem</strong></span> <span class='ocrx_word' id='word_1_280' title='bbox 1272 1336 1377 1371; x_wconf 87' lang='lat' dir='ltr'><strong>latine</strong></span> <span class='ocrx_word' id='word_1_281' title='bbox 1394 1336 1459 1376; x_wconf 85' lang='lat' dir='ltr'><strong>dici</strong></span> <span class='ocrx_word' id='word_1_282' title='bbox 1470 1335 1620 1372; x_wconf 79' lang='lat' dir='ltr'><strong>malebat</strong></span> <span class='ocrx_word' id='word_1_283' title='bbox 1633 1348 1641 1371; x_wconf 90' lang='lat'>:</span> <span class='ocrx_word' id='word_1_284' title='bbox 1653 1335 1714 1372; x_wconf 85' lang='lat' dir='ltr'><strong>sed</strong></span> 
     </span>
     <span class='ocr_line' id='line_1_53' title="bbox 1043 1386 1716 1434; baseline 0.003 -14"><span class='ocrx_word' id='word_1_285' title='bbox 1043 1386 1264 1432; x_wconf 80' lang='lat' dir='ltr'><strong>Quintiliano</strong></span> <span class='ocrx_word' id='word_1_286' title='bbox 1278 1395 1353 1422; x_wconf 83' lang='lat' dir='ltr'><strong>n&#39;on</strong></span> <span class='ocrx_word' id='word_1_287' title='bbox 1370 1387 1526 1433; x_wconf 86' lang='lat' dir='ltr'><strong>displicet</strong></span> <span class='ocrx_word' id='word_1_288' title='bbox 1545 1399 1607 1422; x_wconf 82' lang='lat' dir='ltr'><strong>seu</strong></span> <span class='ocrx_word' id='word_1_289' title='bbox 1627 1399 1716 1434; x_wconf 64' lang='grc' dir='ltr'><strong>ςτε-</strong></span> 
     </span>
     <span class='ocr_line' id='line_1_54' title="bbox 1039 1438 1713 1484; baseline 0 -12"><span class='ocrx_word' id='word_1_290' title='bbox 1039 1450 1117 1473; x_wconf 89' lang='lat' dir='ltr'><strong>cam</strong></span> <span class='ocrx_word' id='word_1_291' title='bbox 1142 1439 1293 1473; x_wconf 85' lang='lat' dir='ltr'><strong>formam</strong></span> <span class='ocrx_word' id='word_1_292' title='bbox 1304 1465 1314 1482; x_wconf 90' lang='lat'>,</span> <span class='ocrx_word' id='word_1_293' title='bbox 1344 1451 1406 1473; x_wconf 90' lang='lat' dir='ltr'><strong>seu</strong></span> <span class='ocrx_word' id='word_1_294' title='bbox 1428 1438 1573 1473; x_wconf 83' lang='lat' dir='ltr'><strong>latinam</strong></span> <span class='ocrx_word' id='word_1_295' title='bbox 1593 1438 1690 1484; x_wconf 77' lang='lat' dir='ltr'><strong>sequi</strong></span> <span class='ocrx_word' id='word_1_296' title='bbox 1702 1464 1713 1483; x_wconf 88' lang='lat'>,</span> 
     </span>
     <span class='ocr_line' id='line_1_55' title="bbox 1039 1492 1465 1535; baseline 0.002 -11"><span class='ocrx_word' id='word_1_297' title='bbox 1039 1503 1202 1535; x_wconf 79' lang='lat' dir='ltr'><strong>quousque</strong></span> <span class='ocrx_word' id='word_1_298' title='bbox 1211 1494 1346 1534; x_wconf 77' lang='lat' dir='ltr'><strong>patitur</strong></span> <span class='ocrx_word' id='word_1_299' title='bbox 1357 1492 1465 1525; x_wconf 83' lang='lat' dir='ltr'><strong>decor.</strong></span> 
     </span>
    </p>

    <p class='ocr_par' dir='ltr' id='par_1_19' title="bbox 1030 1542 1718 1794">
     <span class='ocr_line' id='line_1_56' title="bbox 1083 1542 1717 1588; baseline -0.002 -11"><span class='ocrx_word' id='word_1_300' title='bbox 1083 1543 1113 1577; x_wconf 91' lang='lat'><strong>8.</strong></span> <span class='ocrx_word' id='word_1_301' title='bbox 1130 1544 1242 1588; x_wconf 76' lang='lat' dir='ltr'><strong>Atque</strong></span> <span class='ocrx_word' id='word_1_302' title='bbox 1256 1545 1343 1579; x_wconf 65' lang='lat' dir='ltr'><strong>Mem</strong></span> <span class='ocrx_word' id='word_1_303' title='bbox 1356 1546 1454 1578; x_wconf 80' lang='lat' dir='ltr'><strong>venti</strong></span> <span class='ocrx_word' id='word_1_304' title='bbox 1466 1543 1546 1579; x_wconf 81' lang='lat' dir='ltr'><strong>vela</strong></span> <span class='ocrx_word' id='word_1_305' title='bbox 1544 1542 1717 1588; x_wconf 81' lang='lat' dir='ltr'><strong>fidemque</strong></span> 
     </span>
     <span class='ocr_line' id='line_1_57' title="bbox 1030 1593 1717 1641; baseline -0.003 -11"><span class='ocrx_word' id='word_1_306' title='bbox 1030 1594 1157 1639; x_wconf 78' lang='lat' dir='ltr'><strong>ferent.</strong></span> <span class='ocrx_word' id='word_1_307' title='bbox 1176 1595 1403 1641; x_wconf 87' lang='lat' dir='ltr'><strong>Complacere</strong></span> <span class='ocrx_word' id='word_1_308' title='bbox 1419 1595 1572 1630; x_wconf 81' lang='lat' dir='ltr'><strong>nimium</strong></span> <span class='ocrx_word' id='word_1_309' title='bbox 1585 1593 1649 1630; x_wconf 80' lang='lat' dir='ltr'><strong>sibi</strong></span> <span class='ocrx_word' id='word_1_310' title='bbox 1662 1593 1717 1628; x_wconf 82' lang='lat' dir='ltr'><strong>vi·-</strong></span> 
     </span>
     <span class='ocr_line' id='line_1_58' title="bbox 1041 1645 1718 1683; baseline -0.003 -2"><span class='ocrx_word' id='word_1_311' title='bbox 1041 1646 1145 1681; x_wconf 86' lang='lat' dir='ltr'><strong>detur</strong></span> <span class='ocrx_word' id='word_1_312' title='bbox 1166 1646 1294 1681; x_wconf 82' lang='lat' dir='ltr'><strong>Noster</strong></span> <span class='ocrx_word' id='word_1_313' title='bbox 1308 1648 1347 1682; x_wconf 87' lang='lat' dir='ltr'><strong>iu</strong></span> <span class='ocrx_word' id='word_1_314' title='bbox 1361 1648 1457 1683; x_wconf 82' lang='lat' dir='ltr'><strong>istius</strong></span> <span class='ocrx_word' id='word_1_315' title='bbox 1475 1646 1573 1682; x_wconf 87' lang='lat' dir='ltr'><strong>modi</strong></span> <span class='ocrx_word' id='word_1_316' title='bbox 1591 1645 1718 1681; x_wconf 76' lang='lat' dir='ltr'><strong>verbo-</strong></span> 
     </span>
     <span class='ocr_line' id='line_1_59' title="bbox 1040 1697 1713 1743; baseline 0.003 -13"><span class='ocrx_word' id='word_1_317' title='bbox 1040 1709 1122 1731; x_wconf 87' lang='lat' dir='ltr'><strong>rum</strong></span> <span class='ocrx_word' id='word_1_318' title='bbox 1151 1698 1262 1743; x_wconf 81' lang='lat' dir='ltr'><strong>nugis.</strong></span> <span class='ocrx_word' id='word_1_319' title='bbox 1299 1698 1324 1732; x_wconf 89' lang='lat' dir='ltr'>J</span> <span class='ocrx_word' id='word_1_320' title='bbox 1326 1709 1383 1733; x_wconf 88' lang='lat' dir='ltr'><strong>am</strong></span> <span class='ocrx_word' id='word_1_321' title='bbox 1411 1698 1509 1732; x_wconf 86' lang='lat' dir='ltr'><strong>enim</strong></span> <span class='ocrx_word' id='word_1_322' title='bbox 1538 1697 1687 1734; x_wconf 78' lang='lat' dir='ltr'><strong>vidimus</strong></span> <span class='ocrx_word' id='word_1_323' title='bbox 1702 1721 1713 1740; x_wconf 88' lang='lat'>,</span> 
     </span>
     <span class='ocr_line' id='line_1_60' title="bbox 1042 1748 1308 1794; baseline 0 -11"><span class='ocrx_word' id='word_1_324' title='bbox 1042 1748 1150 1794; x_wconf 85' lang='lat' dir='ltr'><strong>Epist.</strong></span> <span class='ocrx_word' id='word_1_325' title='bbox 1169 1759 1228 1793; x_wconf 78' lang='lat' dir='ltr'><strong>xl,</strong></span> <span class='ocrx_word' id='word_1_326' title='bbox 1245 1750 1308 1783; x_wconf 87' lang='lat'><strong>25:</strong></span> 
     </span>
    </p>

    <p class='ocr_par' dir='ltr' id='par_1_20' title="bbox 1188 1807 1700 1834">
     <span class='ocr_line' id='line_1_61' title="bbox 1240 1807 1700 1834; baseline 0 -2"><span class='ocrx_word' id='word_1_327' title='bbox 1240 1808 1333 1832; x_wconf 76' lang='lat' dir='ltr'><strong>Ventis</strong></span> <span class='ocrx_word' id='word_1_328' title='bbox 1345 1812 1372 1833; x_wconf 79' lang='lat' dir='ltr'><strong>et</strong></span> <span class='ocrx_word' id='word_1_329' title='bbox 1384 1808 1468 1833; x_wconf 76' lang='lat' dir='ltr'><strong>vor-ba</strong></span> <span class='ocrx_word' id='word_1_330' title='bbox 1477 1812 1504 1833; x_wconf 75' lang='lat' dir='ltr'><strong>et</strong></span> <span class='ocrx_word' id='word_1_331' title='bbox 1516 1807 1576 1834; x_wconf 73' lang='lat' dir='ltr'><strong>vela</strong></span> <span class='ocrx_word' id='word_1_332' title='bbox 1587 1807 1700 1833; x_wconf 71' lang='lat' dir='ltr'><strong>dodini:</strong></span> 
     </span>
    </p>

    <p class='ocr_par' dir='ltr' id='par_1_21' title="bbox 1077 1855 1635 1890">
     <span class='ocr_line' id='line_1_62' title="bbox 1077 1855 1635 1890; baseline -0.002 -8"><span class='ocrx_word' id='word_1_333' title='bbox 1077 1856 1143 1885; x_wconf 82' lang='lat' dir='ltr'><strong>Vela</strong></span> <span class='ocrx_word' id='word_1_334' title='bbox 1155 1865 1249 1890; x_wconf 81' lang='lat' dir='ltr'><strong>queror</strong></span> <span class='ocrx_word' id='word_1_335' title='bbox 1264 1857 1367 1889; x_wconf 75' lang='lat' dir='ltr'><strong>reditu,</strong></span> <span class='ocrx_word' id='word_1_336' title='bbox 1383 1856 1467 1882; x_wconf 71' lang='lat' dir='ltr'><strong>verbe</strong></span> <span class='ocrx_word' id='word_1_337' title='bbox 1478 1865 1563 1882; x_wconf 75' lang='lat' dir='ltr'><strong>carere</strong></span> <span class='ocrx_word' id='word_1_338' title='bbox 1569 1855 1635 1890; x_wconf 74' lang='lat' dir='ltr'><strong>fide.</strong></span> 
     </span>
    </p>

    <p class='ocr_par' dir='ltr' id='par_1_22' title="bbox 1044 1904 1552 1950">
     <span class='ocr_line' id='line_1_63' title="bbox 1044 1904 1552 1950; baseline 0 -11"><span class='ocrx_word' id='word_1_339' title='bbox 1044 1905 1092 1939; x_wconf 84' lang='lat' dir='ltr'><strong>Et</strong></span> <span class='ocrx_word' id='word_1_340' title='bbox 1106 1917 1188 1939; x_wconf 83' lang='lat' dir='ltr'><strong>mox</strong></span> <span class='ocrx_word' id='word_1_341' title='bbox 1202 1905 1240 1939; x_wconf 92' lang='lat' dir='ltr'><strong>in</strong></span> <span class='ocrx_word' id='word_1_342' title='bbox 1255 1904 1415 1950; x_wconf 80' lang='lat' dir='ltr'><strong>sequenti</strong></span> <span class='ocrx_word' id='word_1_343' title='bbox 1429 1916 1552 1939; x_wconf 76' lang='lat' dir='ltr'><strong>versu:</strong></span> 
     </span>
    </p>

    <p class='ocr_par' dir='ltr' id='par_1_23' title="bbox 1043 1962 1624 1998">
     <span class='ocr_line' id='line_1_64' title="bbox 1043 1962 1624 1998; baseline -0.002 -9"><span class='ocrx_word' id='word_1_344' title='bbox 1043 1965 1134 1989; x_wconf 71' lang='lat' dir='ltr'><strong>Certus</strong></span> <span class='ocrx_word' id='word_1_345' title='bbox 1144 1972 1239 1989; x_wconf 77' lang='lat' dir='ltr'><strong>es......</strong></span> <span class='ocrx_word' id='word_1_346' title='bbox 1252 1963 1422 1998; x_wconf 75' lang='lat' dir='ltr'><strong>cumfiedero</strong></span> <span class='ocrx_word' id='word_1_347' title='bbox 1432 1962 1529 1989; x_wconf 65' lang='lat' dir='ltr'><strong>solvere</strong></span> <span class='ocrx_word' id='word_1_348' title='bbox 1538 1970 1624 1989; x_wconf 72' lang='lat' dir='ltr'><strong>nasan-</strong></span> 
     </span>
    </p>

    <p class='ocr_par' dir='ltr' id='par_1_24' title="bbox 1043 2011 1721 2411">
     <span class='ocr_line' id='line_1_65' title="bbox 1043 2011 1721 2055; baseline -0.003 -8"><span class='ocrx_word' id='word_1_349' title='bbox 1043 2012 1118 2047; x_wconf 86' lang='lat' dir='ltr'><strong>Ubi</strong></span> <span class='ocrx_word' id='word_1_350' title='bbox 1139 2025 1220 2048; x_wconf 91' lang='lat' dir='ltr'><strong>cum</strong></span> <span class='ocrx_word' id='word_1_351' title='bbox 1250 2012 1356 2046; x_wconf 87' lang='lat' dir='ltr'><strong>verbo</strong></span> <span class='ocrx_word' id='word_1_352' title='bbox 1387 2011 1564 2046; x_wconf 82' lang='lat' dir='ltr'><strong>colludens</strong></span> <span class='ocrx_word' id='word_1_353' title='bbox 1577 2036 1588 2055; x_wconf 89' lang='lat'>,</span> <span class='ocrx_word' id='word_1_354' title='bbox 1616 2012 1721 2045; x_wconf 71' lang='lat' dir='ltr'><em>solvit</em></span> 
     </span>
     <span class='ocr_line' id='line_1_66' title="bbox 1043 2062 1720 2109; baseline -0.003 -10"><span class='ocrx_word' id='word_1_355' title='bbox 1043 2064 1146 2100; x_wconf 87' lang='lat' dir='ltr'><strong>simul</strong></span> <span class='ocrx_word' id='word_1_356' title='bbox 1161 2071 1197 2099; x_wconf 85' lang='lat' dir='ltr'><strong>et</strong></span> <span class='ocrx_word' id='word_1_357' title='bbox 1201 2063 1320 2109; x_wconf 78' lang='lat' dir='ltr'><strong>foedus</strong></span> <span class='ocrx_word' id='word_1_358' title='bbox 1337 2070 1373 2098; x_wconf 83' lang='lat' dir='ltr'><strong>et</strong></span> <span class='ocrx_word' id='word_1_359' title='bbox 1392 2076 1504 2098; x_wconf 74' lang='lat' dir='ltr'><strong>nares.</strong></span> <span class='ocrx_word' id='word_1_360' title='bbox 1528 2062 1720 2108; x_wconf 81' lang='lat' dir='ltr'><strong>Quodqui-</strong></span> 
     </span>
     <span class='ocr_line' id='line_1_67' title="bbox 1045 2114 1718 2162; baseline -0.004 -11"><span class='ocrx_word' id='word_1_361' title='bbox 1045 2118 1127 2152; x_wconf 85' lang='lat' dir='ltr'><strong>dem</strong></span> <span class='ocrx_word' id='word_1_362' title='bbox 1144 2129 1186 2151; x_wconf 92' lang='lat' dir='ltr'><strong>eo</strong></span> <span class='ocrx_word' id='word_1_363' title='bbox 1202 2117 1310 2162; x_wconf 87' lang='lat' dir='ltr'><strong>magis</strong></span> <span class='ocrx_word' id='word_1_364' title='bbox 1324 2122 1496 2161; x_wconf 78' lang='lat' dir='ltr'><strong>repugnat</strong></span> <span class='ocrx_word' id='word_1_365' title='bbox 1509 2140 1519 2159; x_wconf 92' lang='lat'>,</span> <span class='ocrx_word' id='word_1_366' title='bbox 1549 2114 1643 2160; x_wconf 86' lang='lat' dir='ltr'><strong>quod</strong></span> <span class='ocrx_word' id='word_1_367' title='bbox 1660 2126 1718 2149; x_wconf 69' lang='lat' dir='ltr'><strong>ar-</strong></span> 
     </span>
     <span class='ocr_line' id='line_1_68' title="bbox 1046 2165 1718 2216; baseline -0.006 -12"><span class='ocrx_word' id='word_1_368' title='bbox 1046 2175 1255 2216; x_wconf 85' lang='lat' dir='ltr'><strong>gumentum</strong></span> <span class='ocrx_word' id='word_1_369' title='bbox 1264 2169 1378 2213; x_wconf 82' lang='lat' dir='ltr'><strong>ipsum</strong></span> <span class='ocrx_word' id='word_1_370' title='bbox 1386 2168 1564 2203; x_wconf 83' lang='lat' dir='ltr'><strong>Nasonem</strong></span> <span class='ocrx_word' id='word_1_371' title='bbox 1572 2165 1718 2212; x_wconf 79' lang='lat' dir='ltr'><strong>Virgilio</strong></span> 
     </span>
     <span class='ocr_line' id='line_1_69' title="bbox 1044 2220 1717 2266; baseline -0.006 -10"><span class='ocrx_word' id='word_1_372' title='bbox 1044 2221 1206 2256; x_wconf 86' lang='lat' dir='ltr'><strong>admovet</strong></span> <span class='ocrx_word' id='word_1_373' title='bbox 1215 2220 1270 2256; x_wconf 88' lang='lat' dir='ltr'><strong>hic</strong></span> <span class='ocrx_word' id='word_1_374' title='bbox 1280 2220 1492 2266; x_wconf 80' lang='lat' dir='ltr'><strong>propiorem3</strong></span> <span class='ocrx_word' id='word_1_375' title='bbox 1503 2225 1539 2254; x_wconf 88' lang='lat' dir='ltr'><strong>et</strong></span> <span class='ocrx_word' id='word_1_376' title='bbox 1547 2230 1621 2253; x_wconf 82' lang='lat' dir='ltr'><strong>uno</strong></span> <span class='ocrx_word' id='word_1_377' title='bbox 1634 2227 1717 2263; x_wconf 70' lang='lat' dir='ltr'><strong>qut&gt;⁴</strong></span> 
     </span>
     <span class='ocr_line' id='line_1_70' title="bbox 1045 2271 1719 2318; baseline -0.007 -11"><span class='ocrx_word' id='word_1_378' title='bbox 1045 2285 1112 2318; x_wconf 88' lang='lat' dir='ltr'><strong>que</strong></span> <span class='ocrx_word' id='word_1_379' title='bbox 1125 2299 1134 2316; x_wconf 91' lang='lat'>‚</span> <span class='ocrx_word' id='word_1_380' title='bbox 1152 2278 1193 2306; x_wconf 86' lang='lat' dir='ltr'><strong>ut</strong></span> <span class='ocrx_word' id='word_1_381' title='bbox 1206 2272 1253 2306; x_wconf 87' lang='lat' dir='ltr'><strong>ita</strong></span> <span class='ocrx_word' id='word_1_382' title='bbox 1269 2271 1399 2315; x_wconf 73' lang='lat' dir='ltr'><strong>dicam,</strong></span> <span class='ocrx_word' id='word_1_383' title='bbox 1420 2283 1524 2306; x_wconf 80' lang='lat' dir='ltr'><strong>versu</strong></span> <span class='ocrx_word' id='word_1_384' title='bbox 1538 2280 1719 2315; x_wconf 73' lang='lat' dir='ltr'><strong>compara-</strong></span> 
     </span>
     <span class='ocr_line' id='line_1_71' title="bbox 1044 2322 1718 2370; baseline -0.006 -10"><span class='ocrx_word' id='word_1_385' title='bbox 1044 2326 1179 2360; x_wconf 89' lang='lat' dir='ltr'><strong>tionem</strong></span> <span class='ocrx_word' id='word_1_386' title='bbox 1195 2332 1314 2360; x_wconf 85' lang='lat' dir='ltr'><strong>movet</strong></span> <span class='ocrx_word' id='word_1_387' title='bbox 1325 2352 1335 2370; x_wconf 87' lang='lat'><em>‚</em></span> <span class='ocrx_word' id='word_1_388' title='bbox 1355 2324 1410 2360; x_wconf 86' lang='lat' dir='ltr'><strong>vel</strong></span> <span class='ocrx_word' id='word_1_389' title='bbox 1422 2324 1485 2370; x_wconf 83' lang='lat' dir='ltr'><strong>ipsi</strong></span> <span class='ocrx_word' id='word_1_390' title='bbox 1501 2322 1630 2363; x_wconf 73' lang='lat' dir='ltr'><strong>ovidio</strong></span> <span class='ocrx_word' id='word_1_391' title='bbox 1637 2323 1718 2357; x_wconf 78' lang='lat' dir='ltr'><strong>sor—</strong></span> 
     </span>
     <span class='ocr_line' id='line_1_72' title="bbox 1045 2377 1259 2411; baseline -0.005 0"><span class='ocrx_word' id='word_1_392' title='bbox 1045 2377 1259 2411; x_wconf 84' lang='lat' dir='ltr'><strong>midandam.</strong></span> 
     </span>
    </p>

    <p class='ocr_par' dir='ltr' id='par_1_25' title="bbox 1044 2425 1720 2576">
     <span class='ocr_line' id='line_1_73' title="bbox 1092 2425 1720 2474; baseline -0.011 -10"><span class='ocrx_word' id='word_1_393' title='bbox 1092 2441 1142 2463; x_wconf 82' lang='grc' dir='ltr'><strong>ιο.</strong></span> <span class='ocrx_word' id='word_1_394' title='bbox 1162 2430 1307 2474; x_wconf 79' lang='lat' dir='ltr'><strong>Qua-que</strong></span> <span class='ocrx_word' id='word_1_395' title='bbox 1321 2430 1463 2463; x_wconf 72' lang='lat' dir='ltr'><strong>ubt&#39;st‘nl</strong></span> <span class='ocrx_word' id='word_1_396' title='bbox 1475 2428 1602 2466; x_wconf 63' lang='lat' dir='ltr'><strong>nescir,</strong></span> <span class='ocrx_word' id='word_1_397' title='bbox 1626 2425 1720 2458; x_wconf 79' lang='lat' dir='ltr'><em>Itala</em></span> 
     </span>
     <span class='ocr_line' id='line_1_74' title="bbox 1044 2473 1717 2526; baseline -0.01 -11"><span class='ocrx_word' id='word_1_398' title='bbox 1044 2493 1146 2525; x_wconf 78' lang='lat' dir='ltr'><strong>regna</strong></span> <span class='ocrx_word' id='word_1_399' title='bbox 1173 2484 1276 2526; x_wconf 81' lang='lat' dir='ltr'><strong>sequi.</strong></span> <span class='ocrx_word' id='word_1_400' title='bbox 1299 2479 1490 2526; x_wconf 86' lang='lat' dir='ltr'><strong>Virgiliana</strong></span> <span class='ocrx_word' id='word_1_401' title='bbox 1514 2487 1651 2523; x_wconf 84' lang='lat' dir='ltr'><strong>quoque</strong></span> <span class='ocrx_word' id='word_1_402' title='bbox 1675 2473 1717 2508; x_wconf 84' lang='lat' dir='ltr'><strong>ad</strong></span> 
     </span>
     <span class='ocr_line' id='line_1_75' title="bbox 1045 2531 1410 2576; baseline -0.005 -9"><span class='ocrx_word' id='word_1_403' title='bbox 1045 2532 1220 2576; x_wconf 80' lang='lat' dir='ltr'><strong>AEneam,</strong></span> <span class='ocrx_word' id='word_1_404' title='bbox 1242 2543 1302 2576; x_wconf 78' lang='lat' dir='ltr'><strong>lv,</strong></span> <span class='ocrx_word' id='word_1_405' title='bbox 1326 2531 1410 2565; x_wconf 84' lang='lat'>311:</span> 
     </span>
    </p>

    <p class='ocr_par' dir='ltr' id='par_1_26' title="bbox 1043 2587 1686 2675">
     <span class='ocr_line' id='line_1_76' title="bbox 1139 2587 1686 2625; baseline -0.013 -8"><span class='ocrx_word' id='word_1_406' title='bbox 1139 2609 1172 2618; x_wconf 83' lang='lat'><strong>...</strong></span> <span class='ocrx_word' id='word_1_407' title='bbox 1183 2592 1256 2625; x_wconf 82' lang='lat' dir='ltr'><strong>Quid</strong></span> <span class='ocrx_word' id='word_1_408' title='bbox 1265 2591 1287 2616; x_wconf 78' lang='lat' dir='ltr'><strong>si</strong></span> <span class='ocrx_word' id='word_1_409' title='bbox 1298 2599 1352 2616; x_wconf 82' lang='lat' dir='ltr'><strong>non</strong></span> <span class='ocrx_word' id='word_1_410' title='bbox 1360 2599 1423 2616; x_wconf 65' lang='lat' dir='ltr'><strong>arv·</strong></span> <span class='ocrx_word' id='word_1_411' title='bbox 1432 2589 1515 2614; x_wconf 77' lang='lat' dir='ltr'><strong>-uem</strong></span> <span class='ocrx_word' id='word_1_412' title='bbox 1523 2606 1533 2620; x_wconf 90' lang='lat'><em>,</em></span> <span class='ocrx_word' id='word_1_413' title='bbox 1544 2587 1686 2619; x_wconf 61' lang='lat' dir='ltr'><strong>domosque</strong></span> 
     </span>
     <span class='ocr_line' id='line_1_77' title="bbox 1043 2640 1281 2675; baseline -0.008 -8"><span class='ocrx_word' id='word_1_414' title='bbox 1043 2642 1148 2675; x_wconf 66' lang='lat' dir='ltr'><strong>Ignotus</strong></span> <span class='ocrx_word' id='word_1_415' title='bbox 1160 2640 1281 2675; x_wconf 70' lang='lat' dir='ltr'><strong>peteres?</strong></span> 
     </span>
    </p>

    <p class='ocr_par' dir='ltr' id='par_1_27' title="bbox 1092 2681 1718 2731">
     <span class='ocr_line' id='line_1_78' title="bbox 1092 2681 1718 2731; baseline -0.016 -6"><span class='ocrx_word' id='word_1_416' title='bbox 1092 2705 1105 2725; x_wconf 93' lang='lat'>1</span> <span class='ocrx_word' id='word_1_417' title='bbox 1115 2704 1141 2725; x_wconf 82' lang='lat'><strong>1.</strong></span> <span class='ocrx_word' id='word_1_418' title='bbox 1152 2691 1225 2724; x_wconf 84' lang='lat' dir='ltr'><strong>Nec</strong></span> <span class='ocrx_word' id='word_1_419' title='bbox 1235 2701 1321 2724; x_wconf 71' lang='lat' dir='ltr'><strong>nova</strong></span> <span class='ocrx_word' id='word_1_420' title='bbox 1337 2689 1504 2731; x_wconf 54' lang='lat' dir='ltr'><strong>Carthago</strong></span> <span class='ocrx_word' id='word_1_421' title='bbox 1515 2691 1579 2719; x_wconf 86' lang='lat' dir='ltr'><strong>etc.</strong></span> <span class='ocrx_word' id='word_1_422' title='bbox 1596 2681 1718 2728; x_wconf 68' lang='lat' dir='ltr'><strong>Virga.</strong></span> 
     </span>
    </p>

    <p class='ocr_par' dir='ltr' id='par_1_28' title="bbox 1044 2742 1444 2788">
     <span class='ocr_line' id='line_1_79' title="bbox 1044 2742 1444 2788; baseline -0.01 -11"><span class='ocrx_word' id='word_1_423' title='bbox 1044 2743 1100 2777; x_wconf 88' lang='lat' dir='ltr'><strong>lib.</strong></span> <span class='ocrx_word' id='word_1_424' title='bbox 1117 2743 1189 2788; x_wconf 85' lang='lat' dir='ltr'><strong>jam</strong></span> <span class='ocrx_word' id='word_1_425' title='bbox 1203 2742 1258 2777; x_wconf 87' lang='lat' dir='ltr'><strong>cit.</strong></span> <span class='ocrx_word' id='word_1_426' title='bbox 1274 2742 1351 2787; x_wconf 82' lang='lat'><strong>307,</strong></span> <span class='ocrx_word' id='word_1_427' title='bbox 1363 2751 1444 2785; x_wconf 84' lang='lat' dir='ltr'><strong>sqq:</strong></span> 
     </span>
    </p>
   </div>
   <div class='ocr_carea' id='block_1_11' title="bbox 1045 2795 1714 2832">
    <p class='ocr_par' dir='ltr' id='par_1_29' title="bbox 1045 2795 1714 2832">
     <span class='ocr_line' id='line_1_80' title="bbox 1045 2795 1714 2832; baseline -0.007 -5"><span class='ocrx_word' id='word_1_428' title='bbox 1045 2801 1100 2827; x_wconf 67' lang='lat' dir='ltr'><strong>Nee</strong></span> <span class='ocrx_word' id='word_1_429' title='bbox 1107 2806 1131 2827; x_wconf 75' lang='lat' dir='ltr'><strong>te</strong></span> <span class='ocrx_word' id='word_1_430' title='bbox 1137 2806 1222 2827; x_wconf 73' lang='lat' dir='ltr'><strong>noster</strong></span> <span class='ocrx_word' id='word_1_431' title='bbox 1226 2809 1307 2832; x_wconf 73' lang='lat' dir='ltr'><strong>umor,</strong></span> <span class='ocrx_word' id='word_1_432' title='bbox 1314 2809 1360 2825; x_wconf 73' lang='lat' dir='ltr'><strong>nec</strong></span> <span class='ocrx_word' id='word_1_433' title='bbox 1367 2804 1393 2825; x_wconf 77' lang='lat' dir='ltr'><strong>te</strong></span> <span class='ocrx_word' id='word_1_434' title='bbox 1399 2799 1457 2824; x_wconf 72' lang='lat' dir='ltr'><strong>data</strong></span> <span class='ocrx_word' id='word_1_435' title='bbox 1466 2798 1569 2824; x_wconf 69' lang='lat' dir='ltr'><strong>dexteru</strong></span> <span class='ocrx_word' id='word_1_436' title='bbox 1578 2795 1714 2830; x_wconf 65' lang='lat' dir='ltr'><strong>quondnmn</strong></span> 
     </span>
    </p>
   </div>
   <div class='ocr_carea' id='block_1_12' title="bbox 1662 0 1884 253">
    <p class='ocr_par' dir='ltr' id='par_1_30' title="bbox 1662 0 1884 253">
     <span class='ocr_line' id='line_1_81' title="bbox 1662 0 1884 253; baseline 0 2859"><span class='ocrx_word' id='word_1_437' title='bbox 1662 0 1884 253; x_wconf 95' lang='lat' dir='ltr'><strong> </strong></span> 
     </span>
    </p>
   </div>
   <div class='ocr_carea' id='block_1_13' title="bbox 1860 687 1884 990">
    <p class='ocr_par' dir='ltr' id='par_1_31' title="bbox 1860 687 1884 1062">
     <span class='ocr_line' id='line_1_82' title="bbox 1860 687 1884 990; textangle 90"><span class='ocrx_word' id='word_1_438' title='bbox 1860 814 1884 990; x_wconf 47' lang='lat' dir='ltr'><strong>„AL-⁴.-</strong></span> <span class='ocrx_word' id='word_1_439' title='bbox 1874 687 1884 766; x_wconf 29' lang='grc' dir='ltr'><strong>ἥμιν</strong></span> 
     </span>
    </p>
   </div>
  </div>
 </body>
</html>
