1884 3112
526 902 959 962 EPISTOLAE
1022 905 1406 965 SEPTIMAE

707 1049 1224 1096 ARGUMENTUM.

315 1218 456 1260 Eversa
481 1232 503 1258 a
541 1218 687 1260 Graecis
724 1220 866 1274 Troja,
894 1222 1030 1264 AEneas
1060 1231 1261 1276 postquam
1292 1223 1465 1265 incendio
1504 1226 1661 1268 Penates

264 1288 460 1342 eripuisset
471 1318 483 1339 ‚
500 1289 633 1343 viginti
651 1288 806 1331 navibus
822 1305 922 1331 mare
937 1291 1158 1347 ingreditur.
1180 1293 1418 1346 Tempestate
1435 1303 1558 1335 autem
1579 1297 1661 1350 jac-

260 1365 358 1398 tatus
370 1387 382 1408 ‚
402 1358 444 1396 in
465 1357 623 1412 Lybiam
646 1367 704 1399 est
724 1358 865 1400 delatus
880 1389 892 1410 ‚
913 1359 980 1399 ubi
999 1369 1091 1400 tunc
1114 1362 1216 1404 Dido
1236 1362 1498 1419 Carthaginem
1519 1366 1661 1406 molie-

259 1426 389 1478 batur,
402 1442 423 1468 a
437 1442 509 1481 qua
525 1430 659 1468 AEneas
675 1442 749 1469 una
764 1444 850 1469 cum
864 1430 975 1470 sociis
992 1430 1192 1471 liberaliter
1205 1441 1378 1487 exceptus
1387 1464 1400 1485 ‚
1420 1442 1637 1489 amatusque
1646 1465 1660 1488 ‚

256 1510 299 1537 ea
319 1512 431 1550 quam
450 1497 730 1539 familiarissime
745 1513 834 1539 usus
853 1508 923 1539 est.
943 1500 1074 1549 Quum
1088 1515 1202 1553 vero,
1226 1503 1406 1543 Mercurii
1424 1505 1597 1556 monitu,
1616 1505 1658 1545 in

258 1566 401 1607 Italiam
422 1567 506 1608 fatis
528 1567 599 1608 sibi
617 1569 838 1623 promissam
857 1570 1029 1624 navigare
1058 1579 1226 1623 pararet,
1253 1573 1356 1612 Dido
1385 1574 1549 1615 animum
1576 1576 1656 1630 ejus

254 1638 498 1690 praesentiens
514 1667 527 1689 ,
554 1651 576 1678 a
597 1638 792 1693 navigandi
811 1640 1010 1693 proposito
1042 1640 1109 1680 hac
1129 1641 1300 1695 Epistola
1318 1650 1437 1683 tentat
1456 1658 1658 1692 revocare;

256 1706 361 1759 quod
380 1707 412 1747 si
430 1722 558 1762 preces
577 1717 616 1748 et
630 1708 801 1763 lacrymae
820 1723 899 1749 non
919 1709 1152 1749 obtinuerint
1166 1739 1179 1761 ‚
1206 1711 1426 1752 morituram
1445 1726 1485 1752 se
1503 1713 1632 1753 scribit
1643 1742 1657 1765 ,

254 1784 299 1816 ut
315 1778 448 1818 mortis
476 1792 622 1819 causam
643 1779 826 1836 intelligat
844 1779 1059 1833 praebuisse.
1078 1779 1238 1819 vidend.
1255 1781 1358 1822 Just.
1377 1792 1509 1835 xwu,
1529 1783 1570 1834 4.
1598 1804 1653 1814 -

254 1844 397 1889 Patere.
414 1856 430 1888 1
444 1878 457 1901 ‚
477 1846 516 1891 6.
532 1871 587 1881 --
609 1846 756 1890 AEneid.
773 1861 832 1889 ιν.
850 1871 904 1881 -
923 1850 1076 1891 Metam.
1095 1860 1190 1902 xlv,
1208 1848 1299 1894 Fab.
1318 1863 1355 1890 2.
