1884 3112
392 277 785 328 LAoD·AM1A
826 271 1299 328 PROTESILAO.

1478 284 1564 328 235

196 373 286 423 Vix
306 385 448 423 mater
469 373 613 438 gelida
635 387 786 424 maesta
809 374 962 425 refecit
984 395 1120 443 aqua3

134 451 347 502 Officium
369 451 509 502 fecere
532 453 678 520 pium,
698 453 776 502 sed
798 451 956 501 inutile
980 453 1142 501 nobis:

198 529 417 594 Indignor
437 531 607 580 miserae
627 550 723 579 non
745 529 922 579 licuisse
946 531 1075 579 mori.

134 607 201 655 Ut
222 607 357 656 rediit
383 607 576 667 animus,
601 608 769 675 pariter
791 607 959 657 rediere
984 607 1193 666 dolores;

199 685 389 734 Pectora
408 684 635 749 legitimus
658 696 776 734 casta
795 685 1041 734 momordit
1062 694 1196 734 amor.
1527 701 1570 735 30

131 763 225 813 Nec
247 762 359 812 mihi
382 763 627 831 pectendos
648 783 752 812 cura
775 774 843 812 est
865 763 1062 829 praehere
1087 761 1297 830 capillos:

196 841 290 890 Nec
311 839 425 890 libet
448 852 600 889 aurata
623 859 814 907 corpora
836 851 956 888 veste
981 841 1085 904 tegi.

131 918 196 967 Ut
220 937 331 985 quas
352 919 588 986 pampinea
611 918 810 982 tetigisse
833 917 1100 980 Bicorniger
1122 917 1252 966 hasta

198 994 432 1054 Creditur,
459 995 548 1044 huc
571 994 699 1053 illuc,
725 1014 814 1062 quo
838 995 965 1044 furor
987 995 1099 1058 egit,
1125 1015 1193 1044 eo.

133 1071 421 1122 Conveniunt
442 1083 606 1121 matres
630 1071 939 1140 Phylaceides,
963 1083 1007 1121 et
1029 1072 1140 1121 mihi
1165 1071 1355 1121 clamant
1364 1091 1384 1119 ·:
1530 1087 1574 1122 35

195 1149 338 1199 Indue
361 1149 556 1213 regales,
579 1150 844 1208 Laodamia,
871 1149 1010 1198 sinus.

133 1226 313 1276 Scilicet
333 1227 432 1295 ipsa
451 1247 599 1292 geram
621 1239 836 1276 saturatas
859 1226 1026 1276 murice
1048 1238 1193 1275 vestes
1214 1246 1225 1274 :

132 1341 223 1378 tioni
242 1342 410 1388 praemisit
420 1369 430 1387 ,
451 1350 574 1378 utrum
589 1342 647 1378 hic
663 1341 759 1377 idem
774 1342 819 1377 sit

133 1395 282 1431 Acastus
305 1409 388 1432 cum
411 1395 540 1432 Acasto
566 1395 671 1431 Peliae
689 1393 818 1430 filio'et

134 1448 274 1484 Jaeonis
289 1449 405 1492 soci03
425 1462 470 1484 an
483 1449 528 1484 sit
545 1449 586 1483 ab
604 1461 647 1483 eo
663 1448 818 1483 diversus

133 1500 363 1547 reputandus.
382 1501 451 1536 Vix
463 1501 561 1536 enim
577 1501 650 1547 jam
667 1500 819 1547 Vopisco

132 1554 226 1588 visus
246 1553 303 1588 ille
323 1554 404 1589 vitae
427 1561 566 1599 tempus
590 1552 634 1587 ad
661 1553 820 1597 Troiana

133 1617 244 1652 usque
258 1613 417 1653 tempora
433 1605 626 1651 perducere
643 1605 817 1651 potuisse;

131 1657 196 1693 sed
205 1665 302 1704 patet
310 1671 352 1693 ex
365 1657 543 1704 Euripidis
554 1657 630 1692 loco
640 1657 678 1692 in
688 1656 820 1692 Troad.

133 1709 303 1746 Acutum
328 1710 434 1746 Peli-2
459 1710 572 1746 filium
593 1710 684 1745 ultra
713 1709 819 1744 etiam

133 1762 168 1798 T
169 1763 286 1808 rofiani
297 1763 378 1798 belli
391 1769 552 1809 tempora
567 1762 697 1798 vixisse.
716 1761 818 1798 Adde

132 1815 230 1862 quod
256 1821 294 1851 et
325 1815 384 1850 hic
410 1816 522 1862 patria
549 1815 735 1851 Thessalus
749 1829 758 1857 ;
784 1821 820 1849 et

137 1866 325 1903 Thessalus
340 1881 481 1914 quoque
498 1867 697 1902 Laodamiae
711 1874 820 1913 pater.

136 1937 183 1946 —
195 1922 264 1955 Vix
273 1933 372 1956 socer
379 1922 540 1966 Iphiclus.
551 1920 674 1966 Iphicli
687 1920 802 1966 plures
812 1933 820 1955 z

134 1970 195 2007 hic
215 1971 361 2021 Phylaci
381 1973 491 2017 filius,
517 1973 667 2018 Deionis
681 1985 722 2007 ex
740 1971 821 2019 Cly-

133 2035 240 2060 mene
252 2037 362 2072 nepos
379 2038 389 2060 ε
404 2025 565 2061 interfuit
586 2025 820 2071 Argonautis,

135 2077 269 2122 pedum
278 2077 460 2114 velocitate
473 2079 595 2114 clarus.
608 2079 722 2125 Apoll.
732 2090 759 2119 1,
769 2080 822 2122 45.

182 2130 237 2166 26.
252 2132 383 2166 Maesta
397 2131 528 2177 refecit.
550 2133 721 2173 Membra,
743 2132 824 2166 Mo-

138 2182 206 2217 reti
222 2189 260 2218 et
274 2189 345 2219 tres
360 2183 417 2219 alii
438 2196 446 2219 :
467 2183 530 2219 sed
550 2183 638 2219 nihil
661 2197 758 2230 opus.
779 2184 823 2219 B.

138 2252 184 2260 —
200 2234 267 2269 Vis
275 2240 392 2270 malet:
406 2235 611 2284 Astydamia
621 2263 632 2281 ,
648 2249 726 2282 quae
737 2237 823 2271 Lao-

139 2285 266 2322 damiae
281 2294 406 2323 mater.

182 2352 237 2387 29-
249 2340 359 2385 thue
365 2343 499 2376 animus
505 2344 616 2377 rediit.
625 2342 694 2377 Alii
704 2342 823 2378 aliter:

139 2391 200 2427 sed
209 2404 331 2427 veram
340 2401 426 2438 puto
433 2393 747 2440 lectionem,quam
755 2396 825 2430 Pu-

139 2449 286 2480 teaneus
304 2446 464 2491 prefert,
481 2460 564 2482 cum
587 2454 722 2493 septem
742 2447 824 2483 aliis.

143 2497 194 2532 [st
203 2499 306 2533 rediit
318 2502 462 2540 animus,
481 2498 615 2534 dictum
626 2500 699 2545 jam
715 2499 824 2545 Epist.

141 2558 200 2594 vl,
220 2561 265 2594 v,
282 2550 336 2585 31.
355 2551 489 2587 Hssms.

183 2602 237 2637 33.
254 2604 462 2648 Bicorniger.
475 2604 634 2640 Bacchus
646 2631 656 2648 ,
674 2605 734 2650 qui
745 2617 827 2640 cor-

139 2659 228 2689 nuta
241 2655 356 2690 fronte
375 2655 648 2702 depingebatur,
667 2670 729 2692 seu
745 2658 826 2703 quia

139 2706 239 2742 sortis
245 2714 280 2742 et
287 2715 425 2753 potens,
434 2721 496 2743 seu
505 2709 586 2754 quia
595 2709 688 2744 inter
695 2710 827 2745 obeun-

142 2757 231 2794 dum
244 2758 379 2795 hircina
394 2761 482 2807 pelle
500 2761 724 2797 induebatur.
740 2762 828 2798 Dic-

145 2816 200 2846 tus
215 2823 356 2858 quoque
370 2813 412 2850 ab
426 2813 594 2861 Euripide
607 2841 618 2859 ,
635 2818 827 2866 Ταυρὸκτρος.

927 1341 980 1385 34.
1007 1341 1194 1386 Quasuror
1210 1344 1282 1386 egit
1291 1368 1299 1381 ,
1318 1353 1369 1375 co.
1396 1342 1468 1384 Quo
1475 1341 1579 1386 sutor

883 1397 969 1439 egit,
990 1393 1109 1439 priscae
1133 1392 1305 1428 editiones
1330 1400 1367 1428 et
1397 1393 1499 1428 multi
1528 1406 1569 1427 ex

882 1446 1015 1492 scriptis
1030 1445 1176 1481 codices.
1193 1446 1252 1481 Sic
1269 1446 1379 1491 Epist.
1392 1457 1431 1479 1x
1443 1472 1452 1489 ,
1476 1447 1559 1490 145}

976 1510 983 1518 ⁸
1036 1520 1068 1528 ...
1086 1503 1146 1536 Quo
1156 1512 1196 1528 me
1206 1503 1281 1528 surm·
1290 1503 1342 1536 egit
1354 1508 1483 1528 amantem
1494 1503 1508 1527 7

885 1553 934 1588 Et
948 1552 1057 1599 Epist.
1074 1563 1130 1587 x11
1142 1578 1151 1596 ,
1176 1565 1243 1600 209
1260 1564 1268 1587 :

884 1612 945 1644 Quo
953 1611 1019 1637 seret
1031 1611 1071 1636 ira
1080 1630 1088 1643 ,

928 1661 981 1695 35.
1002 1661 1212 1695 Conveniunt
1223 1663 1349 1694 matres
1366 1656 1572 1707 Phyllet‘dessc.

884 1714 1085 1760 Pbylleides
1099 1711 1259 1758 cupidius
1275 1712 1317 1746 ab
1336 1712 1499 1756 Heinsio,
1513 1712 1578 1747 ad·-

885 1764 1074 1800 miratione
1090 1764 1273 1808 vocabuli,
1288 1764 1358 1799 huc
1373 1765 1550 1799 intrusum
1562 1791 1572 1808 ,

886 1831 994 1864 quam
1002 1817 1130 1861 verius,
1139 1823 1260 1852 censet
1272 1816 1576 1862 Hemsterhusius,

887 1870 930 1905 ad
948 1870 1146 1905 Lucianum
1167 1869 1305 1916 Dialog.
1332 1870 1442 1904 Mort.
1469 1881 1576 1904 xxm.

889 1922 1043 1958 Causam
1057 1930 1176 1957 autem
1191 1922 1359 1957 Heinsius
1377 1923 1516 1967 rejectae
1534 1922 1576 1956 ab

887 1989 922 2012 se
938 1976 1086 2022 vulgatae
1099 2002 1108 2019 ,
1134 1975 1226 2010 hanc
1242 1975 1375 2018 attulit,
1395 1974 1489 2020 quod
1504 1975 1578 2021 pri-

888 2041 985 2063 mam
1008 2028 1045 2062 in
1063 2027 1228 2062 derivatis
1248 2040 1267 2061 a
1285 2028 1401 2068 Φυλάκῃ
1428 2026 1577 2062 ovidius

889 2080 967 2115 alibi
981 2080 1190 2126 plerumque
1206 2079 1378 2126 producat
1389 2107 1400 2123 ,
1418 2080 1573 2126 gemina-

889 2140 926 2168 to
941 2136 963 2167 I.
981 2132 1053 2168 Sed
1065 2145 1138 2167 non
1147 2132 1302 2178 fugiebat
1311 2133 1427 2167 virum
1441 2133 1477 2167 in
1490 2133 1581 2168 Ovi-

888 2185 947 2221 dio
956 2186 1243 2230 versatissimum,
1254 2185 1510 2230 locus,T1-ist.v,
1523 2185 1578 2222 El.

890 2250 968 2283 XIV,
981 2240 1043 2286 39:
1062 2240 1112 2273 Ut
1122 2239 1327 2284 vivatsama
1339 2239 1467 2284 conjux
1481 2239 1578 2274 PHY-

890 2301 1032 2327 LAcmA.
1053 2291 1233 2327 Nimirum
1255 2304 1275 2326 a
1298 2292 1414 2332 Φυλάκῃ
1436 2318 1446 2335 ,
1472 2304 1578 2337 quam

889 2345 1015 2380 urbem
1023 2343 1197 2392 Phylacus
1206 2342 1411 2379 condiderat
1423 2370 1433 2388 ,
1449 2344 1578 2390 gentile

890 2404 942 2432 est
957 2403 1134 2441 Φυλακεῒος,
1149 2396 1268 2431 Ionice
1283 2399 1466 2439 Φυλακήϊος,
1483 2395 1578 2431 unde

889 2450 1105 2485 femininum
1117 2476 1127 2493 ,
1146 2450 1362 2495 Phylace-tm
1383 2455 1418 2483 et
1429 2448 1579 2483 alterum

895 2502 1024 2549 gentile
1051 2506 1196 2540 Φυλακεὺς
1207 2527 1217 2544 ,
1240 2501 1335 2535 unde
1352 2501 1472 2535 semin.
1489 2506 1581 2536 Φυλα-

891 2560 959 2596 κήϊς
969 2582 979 2599 ,
994 2566 1065 2600 quo
1077 2554 1129 2588 usi
1141 2552 1304 2599 Aponon.
1315 2565 1328 2588 1
1342 2579 1351 2597 ,
1367 2555 1408 2600 47
1425 2568 1434 2596 ;
1453 2560 1488 2588 et
1499 2553 1582 2588 Sta-

892 2607 961 2642 tius
973 2634 982 2651 ,
1005 2607 1088 2642 silv.
1103 2617 1127 2640 v
1140 2632 1150 2650 ,
1178 2604 1298 2640 Carm.
1316 2615 1362 2638 111
1377 2631 1386 2649 ,
1409 2619 1485 2651 ²7²·
1499 2605 1539 2640 L.

935 2660 988 2707 37.
1007 2659 1139 2693 Murice
1158 2662 1283 2692 vestes.
1297 2657 1507 2695 Rasileensis
1525 2659 1582 2691 la-

891 2724 957 2747 nas
965 2738 974 2752 ‚
996 2718 1032 2746 et
1043 2711 1090 2745 ita
1100 2709 1350 2744 Gronovianus
1362 2722 1427 2755 pro
1441 2709 1576 2743 diversa

892 2762 1053 2798 lectione.
1064 2762 1171 2797 Forte
1184 2764 1284 2796 lanas
1298 2775 1307 2796 :
1323 2774 1406 2796 nam
1418 2773 1498 2797 mox
1507 2773 1580 2796 ves-

895 2820 946 2852 tes
961 2816 1122 2862 sequitur
1137 2815 1279 2851 iterum.
1299 2815 1429 2851 Bunm.

1107 1619 1209 1644 sequar.
1394 1611 1502 1636 limus.
