1884 3112
353 238 439 326 418

590 303 595 306 .
639 271 728 314 AD
773 268 1032 314 LIVIAM
1066 266 1455 314 AUGUSTAM

349 362 496 420 Livia,
520 380 613 409 non
635 360 737 408 illos
759 379 841 427 pro
865 361 1015 408 Druso
1040 359 1163 407 Livia
1181 359 1344 408 movit:
1700 385 1739 420 ¹9

1740 376 1759 409 en

417 440 513 486 Nos
539 437 699 485 erimus
721 454 881 498 magno
906 435 1092 484 maxima
1113 454 1216 484 cura
1237 436 1340 484 Jovi
1354 437 1375 484 ,Ρ
1390 457 1414 478 »

354 517 479 566 Dixit
499 535 509 563 z
530 526 574 563 et
589 514 727 562 iratus
748 525 852 563 vota
874 514 1126 579 insuscepta
1142 512 1348 580 reliquit3

416 591 688 656 Duravitque
710 589 924 648 animum,
951 589 1239 656 destituitque
1262 608 1425 656 preces.

354 669 500 718 Obvia
523 668 652 715 turba
674 667 784 724 ruit;
810 666 1087 732 lacrimisque
1110 667 1359 730 rigantibus
1383 685 1458 715 ora

419 744 627 795 Consulis
651 742 791 809 erepti
814 739 994 808 publica
1019 743 1175 792 damna
1196 743 1342 792 refert.

1698 767 1760 790 200

354 822 577 872 Omnibus
598 820 715 868 idem
739 818 878 877 oculi;
903 838 983 885 par
1006 831 1072 868 est
1095 821 1330 869 concordia
1350 819 1496 869 flendi.

398 897 601 960 xFuneris
625 895 843 962 exsequiis
867 895 1075 945 adsumus
1093 898 1237 946 omnis
1261 900 1422 964 Eques.

355 977 515 1027 Omnis
540 974 670 1023 adest·
682 984 785 1022 aetas
803 993 814 1021 ε
835 985 1022 1022 moerent
1040 975 1310 1041 juvenesque
1333 961 1569 1040 senesque;

418 1053 628 1104 Ausoniae
647 1063 829 1108 matres,
854 1051 1150 1117 Ausoniaeque
1171 1070 1324 1100 nurus.

352 1131 648 1196 Auctorisque
671 1128 741 1176 sui
763 1127 994 1194 praefertur
1015 1129 1204 1191 imagine
1227 1140 1399 1187 moesta,
1683 1144 1762 1177 ιώ

417 1209 529 1272 Quae
550 1205 707 1254 victrix
730 1203 905 1271 templis
928 1204 1076 1253 debita
1097 1204 1247 1253 laurus
1271 1216 1375 1253 erat.

354 1288 502 1336 Certat
527 1302 639 1332 onus
661 1282 763 1331 lecti
785 1301 998 1345 generosa
1016 1282 1165 1330 subire
1178 1282 1383 1347 juventus
1398 1318 1411 1340 ,

398 1363 475 1409 .Et
496 1359 644 1408 studet
663 1358 808 1406 officio
833 1357 985 1406 sedula
1005 1357 1118 1406 colla
1139 1358 1254 1406 dare.

352 1441 413 1487 Et
434 1456 539 1485 voce
561 1447 605 1485 et
625 1435 814 1484 lacrimis
835 1433 1050 1492 laudasti,
1079 1435 1243 1493 Caesar,
1269 1432 1521 1492 alumnum3

417 1515 581 1564 Tristia
606 1533 743 1580 quum
765 1511 936 1561 medius
956 1524 1180 1578 rumperet
1204 1530 1301 1560 orsa
1326 1510 1466 1560 dolor.

1701 1534 1764 1558 ΞΗ)

315 1653 319 1659 ⁶
354 1594 425 1640 Tu
447 1591 585 1640 letum
611 1589 792 1656 optasti,
817 1590 900 1636 Dis
923 1589 1226 1637 aversantibus
1250 1607 1400 1647 omen,

415 1670 502 1716 Par
524 1667 627 1724 tibi;
649 1667 687 1714 si
711 1666 905 1714 sinerent
926 1677 967 1712 te
992 1677 1067 1713 tua
1084 1665 1173 1713 fata
1194 1666 1322 1713 mori.
1364 1697 1367 1699 —

354 1744 441 1794 Sed
464 1742 548 1792 tibi
570 1743 757 1791 debetur
778 1740 929 1789 caelum
948 1761 958 1788 ε
985 1753 1048 1799 te,
1074 1740 1257 1789 fulmine
1281 1740 1474 1806 pollens,

418 1819 620 1886 Accipiet
642 1817 794 1884 cupidi
815 1817 935 1879 regia
954 1835 1112 1879 magna
1135 1818 1163 1864 J
1168 1817 1274 1864 ovis.

357 1897 495 1963 Quod
513 1896 664 1963 petiit,
692 1894 796 1942 tulit
816 1893 913 1951 ille3
939 1894 1024 1941 tibi
1043 1905 1095 1942 ut
1116 1912 1194 1942 sua
1214 1893 1327 1941 facta
1347 1891 1598 1959 placerent:

1701 1906 1765 1942 215

356 2003 440 2038 Non
458 2000 569 2046 ignari
586 1998 808 2044 quantumin
823 1997 912 2042 ipsos
933 1996 1031 2031 invi-
1094 2008 1179 2030 vum
1206 2002 1386 2041 tantopere
1415 1994 1531 2030 dilexit
1560 1994 1736 2042 Augustus

357 2054 422 2088 diae
450 2059 523 2086 tam
547 2051 668 2085 acerba
691 2049 799 2083 Drusi
827 2061 923 2083 mors
943 2048 1035 2094 apud

359 2106 539 2141 Romanos
554 2102 678 2137 debeat
691 2101 842 2135 incitare.

401 2170 478 2192 200.
505 2157 659 2190 Consulis
670 2156 778 2198 erepti
781 2155 918 2197 publica
929 2154 1033 2186 dam-

361 2223 407 2244 na
428 2208 539 2253 refert.
573 2207 768 2240 Enumerat
792 2204 1009 2252 illacrymans
1023 2230 1032 2247 ‚

360 2267 446 2306 quot
476 2265 672 2304 quantaque
702 2256 911 2302 Reipublicae
942 2257 1037 2290 bona

362 2313 518 2347 Consulis
531 2337 539 2350 ‚
563 2309 599 2344 id
621 2316 672 2343 est
695 2308 826 2351 Drusi,
851 2308 961 2342 letum
979 2307 1035 2341 in—

359 2363 494 2398 viderit.
510 2362 585 2397 Nec
600 2361 673 2396 sine
693 2366 811 2394 mente
828 2361 1036 2403 Reipublica-

361 2415 445 2449 dixit
466 2424 475 2446 τ
498 2412 628 2459 prolata
646 2412 742 2445 enim
762 2417 834 2454 est,
858 2423 875 2444 a
894 2409 1034 2450 Tiberio

361 2467 465 2500 fratre
480 2492 489 2508 ,
514 2463 620 2499 Drusi
632 2463 738 2508 Epist.
752 2489 761 2506 ‚
787 2476 804 2491 «
818 2475 885 2507 qua
894 2474 1012 2498 secum
1024 2487 1034 2505 ,

360 2518 473 2562 inquit
481 2516 626 2551 Sueton.
638 2515 753 2549 Tiber.
765 2516 820 2557 50,
829 2513 872 2548 de
880 2512 1036 2558 cogendo

362 2572 413 2603 ad
427 2569 664 2603 restituendam
679 2569 864 2601 ll'berlalem
878 2568 1035 2610 Augusto

363 2622 494 2666 agebat.
513 2634 530 2650 »
554 2619 652 2664 Quid
664 2618 794 2654 mirum
810 2630 904 2652 nunc
916 2643 925 2660 ,
943 2615 1035 2661 quod

361 2673 497 2706 incerto
513 2671 633 2706 mortis
651 2683 776 2716 genere
790 2697 799 2714 ,
826 2669 966 2715 triginta
982 2669 1038 2702 vix

365 2736 474 2758 annos
495 2731 596 2758 natus
610 2750 619 2766 ,
645 2737 663 2758 e
681 2723 764 2758 vivis
783 2721 979 2757 excesserit!

405 2788 478 2823 209.
496 2777 544 2810 Et
556 2788 636 2811 voce
650 2780 686 2811 et
698 2778 845 2811 lacrimis
856 2781 919 2809 etc.
935 2771 1034 2807 «'Vi—

1097 2056 1136 2083 ut
1161 2047 1370 2083 coheredem
1398 2059 1536 2093 semper
1559 2047 1637 2083 filiis
1664 2047 1766 2082 insti-

1096 2100 1225 2143 tuerit,
1255 2100 1342 2134 sicut
1373 2098 1550 2143 quondam
1579 2098 1616 2132 in
1642 2104 1765 2133 senatu

1097 2152 1267 2196 professus
1281 2158 1353 2192 est;
1372 2157 1407 2184 et
1423 2149 1627 2198 defunctum
1639 2149 1684 2184 ita
1701 2151 1770 2195 pro'

1097 2203 1264 2238 concione
1289 2201 1439 2236 laudavit
1457 2228 1466 2245 ,
1498 2208 1538 2236 ut
1567 2201 1662 2236 Deos
1684 2204 1766 2247 pre-

1098 2262 1192 2290 catus
1211 2254 1254 2289 sit
1266 2280 1275 2298 ‚
1315 2253 1440 2289 similes
1457 2254 1488 2288 ei
1509 2266 1588 2289 suos
1613 2253 1767 2288 Caesares

1097 2307 1251 2340 facerent
1270 2332 1280 2349 ‚
1317 2306 1449 2351 sibique
1475 2312 1548 2340 tam
1579 2305 1766 2340 honestum

1099 2357 1308 2403 quandoque
1329 2357 1458 2392 exitum
1483 2356 1629 2402 darent,
1661 2370 1768 2402 quam

1098 2409 1161 2455 ipsi
1174 2409 1356 2444 dedissent.
1370 2424 1387 2440 »
1405 2409 1549 2444 Sueton.
1567 2407 1689 2443 Claud.
1699 2422 1729 2443 c.
1742 2419 1768 2443 1.

1099 2462 1222 2506 Neque
1247 2468 1432 2495 contentus
1465 2461 1479 2504 (
1500 2459 1595 2494 addit
1623 2459 1768 2506 scriptor

1099 2513 1193 2547 idem
1206 2540 1216 2557 ,
1239 2513 1314 2548 loco
1334 2514 1404 2556 cit.)
1432 2512 1583 2559 elogium
1600 2513 1675 2558 ejus
1702 2519 1766 2547 tu·-

1100 2565 1195 2599 mulo
1209 2591 1219 2609 ‚
1237 2565 1388 2600 versibus
1405 2577 1423 2599 a
1439 2577 1474 2599 se
1486 2564 1682 2610 compositis
1696 2563 1769 2598 ins·-

1100 2617 1257 2663 culpsisse
1279 2644 1288 2660 ,
1324 2617 1429 2651 etiam
1459 2617 1537 2651 vitae
1562 2615 1767 2651 memoriam

1100 2682 1199 2715 prosa
1215 2669 1370 2703 oratione
1386 2668 1586 2714 composuit.
1603 2662 1633 2698 »²

1144 2723 1217 2755 215.
1245 2722 1345 2764 Quod
1348 2724 1468 2764 petiit,
1489 2714 1569 2754 tuh?
1585 2720 1653 2753 ille.
1673 2716 1768 2752 Nihil

1101 2772 1191 2808 aliud
1212 2773 1274 2808 sibi
1298 2773 1440 2807 Drusus·
1460 2772 1496 2806 in
1521 2769 1655 2816 agendo
1684 2781 1767 2814 pro—
