1884 3112
948 238 1574 256 mmmmm

477 383 994 454 EPISTOLA
1046 384 1239 456 XXI.

449 764 813 822 CYDIPPE
861 756 1266 824 AC'ONTIO.

158 868 488 948 PERTIMU1‚
512 889 817 956 scriptumque
841 900 969 938 tuum
989 890 1084 939 sine
1109 909 1332 940 murmure
1351 890 1459 955 legi,

218 971 399 1019 Juraret
421 987 478 1017 ne
503 987 616 1036 quos
638 968 780 1017 inscia
800 966 954 1031 lingua
975 969 1110 1018 Deos.

155 1048 238 1105 Et,
262 1056 398 1114 puto,
423 1056 645 1112 captasses
668 1044 852 1103 iterum,
877 1045 985 1105 nisi,
1011 1058 1063 1094 ut
1083 1047 1178 1113 ipse
1200 1045 1371 1105 fateris,

220 1123 492 1173 Promissam
515 1123 650 1171 scires
672 1141 743 1171 me
767 1123 874 1171 satis
896 1142 989 1172 esse
1014 1124 1160 1174 semel.

154 1204 248 1252 Nec
271 1201 442 1251 lectura
463 1200 549 1259 fui3
575 1200 673 1259 sed,
695 1200 734 1248 si
756 1200 842 1249 tibi
867 1200 978 1249 dura
1000 1200 1206 1261 fuissem,

1570 1216 1591 1249 'sl

223 1279 371 1329 Aucta
395 1277 512 1327 foret
533 1297 655 1328 saevae
676 1276 863 1326 forsitan
886 1277 952 1326 ira
971 1278 1089 1326 Deae.

163 1356 330 1407 Omnia
351 1375 490 1423 quum
511 1355 688 1414 faciam,
716 1375 855 1422 quum
877 1355 976 1404 dem
997 1355 1072 1423 pia
1095 1368 1194 1405 tura
1217 1356 1397 1415 Dianae;

226 1435 312 1485 Illa
330 1446 477 1484 tamen
499 1435 619 1501 justa
640 1433 744 1502 plus
769 1434 852 1482 tibi
875 1445 1005 1501 parte
1024 1434 1153 1483 favet.

165 1517 319 1581 thue
344 1513 473 1580 cupis
496 1512 637 1570 credi,
661 1512 848 1560 memori
873 1524 915 1560 te
938 1512 1134 1562 vindicat
1155 1513 1233 1562 ira.

179 1631 185 1636 .
228 1589 352 1640 Talis
373 1589 423 1639 in
443 1588 697 1656 Hippolyto
718 1589 791 1637 vix
814 1588 902 1637 fuit
923 1589 1000 1638 illa
1019 1609 1116 1639 suo.
1559 1616 1598 1639 ιο

164 1672 228 1719 At
248 1668 409 1719 melius
428 1668 572 1731 Virgo
597 1667 776 1716 favisset
798 1667 983 1730 virginis
1007 1668 1159 1727 annis;

232 1747 364 1812 Quos
386 1764 541 1795 vereor
562 1764 731 1812 paucos
754 1764 811 1794 ne
835 1744 943 1794 velit
965 1763 1061 1793 esse
1080 1744 1207 1793 mihi.

165 1826 380 1887 Languor
392 1823 536 1882 enim,
561 1822 706 1872 causis
727 1842 822 1871 non
841 1822 1181 1889 apparentibus,
1204 1821 1361 1879 haeret3

237 1901 440 1967 Adiuvor
463 1912 508 1949 et
530 1899 655 1948 nulla
675 1900 792 1948 fessa
813 1900 1032 1948 medentis
1056 1919 1156 1966 ope.

176 1979 325 2044 Quam
342 1978 430 2027 tibi
448 1997 568 2026 nunc
586 1976 793 2040 gracilem
810 1977 884 2025 vix
899 1977 993 2025 haec
1011 1977 1251 2025 rescribere
1262 2013 1273 2035 ‚
1302 1995 1521 2043 quamque
1567 1990 1606 2024 ι5

223 2123 252 2146 ι.
275 2111 355 2146 Stne
376 2121 538 2145 murmure
563 2111 639 2154 legi.
664 2108 740 2145 Nec
754 2109 859 2144 motis

178 2162 322 2209 quidem
335 2162 439 2198 labris
450 2189 460 2207 ,
476 2175 522 2197 ne
540 2162 624 2208 quid
639 2165 754 2197 Inscioe
769 2161 862 2197 exci-

179 2214 280 2250 deret
291 2241 303 2260 ,
318 2221 360 2250 ut
374 2215 480 2261 prius.

224 2267 256 2301 3.
278 2269 330 2302 Et
343 2293 352 2309 ‚
378 2271 462 2312 puto
474 2293 483 2308 ‚
509 2270 686 2311 captasses
713 2272 777 2301 etc.
816 2265 864 2300 Et

180 2319 249 2354 hoc
262 2318 327 2354 tibi
349 2318 455 2354 credo
471 2319 690 2365 propositum
704 2345 713 2361 ‚
738 2318 865 2353 scilicet

183 2378 224 2406 ut
238 2371 394 2417 jurarem
409 2374 527 2406 iterum
541 2382 552 2413 ,·
577 2371 645 2405 nisi
665 2370 769 2405 scires
785 2369 865 2404 satis

184 2436 259 2459 esse
275 2425 383 2458 semel
393 2423 535 2469 iurasse.
608 2428 610 2431 ’

234 2488 286 2510 ιο.
308 2477 351 2510 In
373 2477 561 2523 Hippolyto
578 2482 643 2510 etc.
660 2474 757 2510 Male
772 2501 782 2520 ,
807 2473 868 2521 qui

186 2532 224 2564 in
239 2529 483 2575 Hippolytum:

189 2588 228 2614 At
240 2596 292 2614 non
303 2588 365 2619 ille,
379 2594 463 2613 satum
478 2596 532 2622 quo
545 2593 571 2614 te
583 2587 702 2613 mentiris
709 2607 718 2620 ,
729 2587 847 2614 Achilles

189 2638 263 2663 Tulin
274 2638 302 2662 in
310 2637 382 2666 hosta
393 2637 446 2662 fuit
458 2638 576 2664 Priamo.
596 2639 608 2670 ·(
620 2637 722 2662 AEneid.
738 2643 780 2668 11,
793 2637 849 2663 540.
862 2637 874 2670 )

240 2701 290 2722 ιι.
317 2687 474 2731 Virginis.
502 2686 597 2722 Male
614 2686 690 2722 haec
705 2685 748 2721 de
775 2686 875 2732 Hip-

193 2738 315 2786 polyto
338 2738 428 2785 capit
451 2738 574 2774 Douza
586 2765 596 2783 ,
614 2738 658 2775 ad
674 2738 783 2784 ipsam
802 2738 877 2786 Cy-

196 2791 325 2838 dippen
340 2791 537 2827 reserenda.

975 2122 1024 2142 12.
1052 2109 1143 2151 Quos
1166 2119 1289 2142 vereor.
1313 2105 1461 2142 Codices
1483 2119 1607 2142 omnes

927 2167 1006 2206 post
1015 2159 1110 2194 hunc
1118 2172 1258 2194 versum
1273 2158 1442 2194 deficiunt
1455 2186 1464 2203 ‚
1483 2166 1612 2205 praetet·

929 2212 1178 2248 Sarravianum
1190 2238 1199 2256 ,
1218 2211 1421 2246 Medieeum
1431 2238 1440 2252 ‚
1455 2219 1490 2246 et
1498 2224 1612 2246 unum

931 2279 972 2300 ex
987 2264 1074 2299 meis
1089 2263 1324 2299 recentiorem
1337 2290 1346 2308 ,
1365 2276 1472 2309 quem
1486 2277 1504 2299 a
1520 2264 1616 2299 Luca

932 2318 1205 2364 Langermanno
1215 2315 1353 2351 donum
1365 2315 1482 2350 habui.
1494 2316 1616 2350 Aron-

933 2370 1090 2405 delianus
1099 2382 1238 2415 quoque
1248 2368 1399 2414 reliquos
1406 2368 1512 2413 hujus
1520 2368 1617 2414 Epis-

934 2423 1012 2458 tolae
1021 2435 1140 2457 versus
1148 2421 1275 2466 majori
1283 2434 1324 2455 ex
1331 2421 1473 2466 partein
1485 2421 1616 2455 calcem

934 2474 1121 2510 voluminis
1132 2501 1141 2518 ,
1161 2480 1238 2520 post
1251 2473 1411 2519 Sapphus
1426 2472 1619 2518 Epistolam

934 2529 1115 2573 rejecerat.
1129 2526 1314 2561 Hnms.—-
1325 2527 1416 2569 Quos
1431 2531 1623 2559 vereoretc.

939 2581 1022 2617 Non
1055 2579 1147 2614 ultra
1170 2577 1328 2624 procedit
1362 2577 1479 2612 Editio
1512 2577 1623 2623 prisca

940 2646 1022 2668 ann.
1041 2633 1124 2679 1470
1136 2658 1146 2676 ‚
1162 2644 1278 2676 neque
1291 2630 1464 2676 interpres
1478 2629 1622 2665 Graecus

941 2683 1128 2721 Planudes‚
1161 2682 1272 2728 Quod
1301 2682 1460 2717 videatur
1484 2681 1625 2717 confir-

942 2749 1040 2771 mare
1054 2748 1130 2781 quae
1142 2734 1290 2769 diximus
1300 2761 1309 2779 ,
1322 2734 1365 2770 ad
1381 2748 1413 2770 v.
1429 2735 1489 2778 ¹45
1501 2761 1510 2779 ‚
1529 2733 1625 2778 Epis-

945 2789 1026 2824 tolae
1044 2786 1280 2834 praecedentis.
