<?xml version="1.0" encoding="UTF-8"?>
<!DOCTYPE html PUBLIC "-//W3C//DTD XHTML 1.0 Transitional//EN"
    "http://www.w3.org/TR/xhtml1/DTD/xhtml1-transitional.dtd">
<html xmlns="http://www.w3.org/1999/xhtml" xml:lang="en" lang="en">
 <head>
  <title>
</title>
<meta http-equiv="Content-Type" content="text/html;charset=utf-8" />
  <meta name='ocr-system' content='tesseract 3.04.00' />
  <meta name='ocr-capabilities' content='ocr_page ocr_carea ocr_par ocr_line ocrx_word'/>
</head>
<body>
  <div class='ocr_page' id='page_1' title='image "./quaeextantomniao01oviduoft_0278.png"; bbox 0 0 1884 3112; ppageno 0'>
   <div class='ocr_carea' id='block_1_1' title="bbox 416 926 1659 998">
    <p class='ocr_par' dir='ltr' id='par_1_1' title="bbox 416 926 1659 998">
     <span class='ocr_line' id='line_1_1' title="bbox 416 926 1659 998; baseline 0.004 -17"><span class='ocrx_word' id='word_1_1' title='bbox 416 926 841 983; x_wconf 86' lang='lat' dir='ltr'><strong>EPISTOLAE</strong></span> <span class='ocrx_word' id='word_1_2' title='bbox 885 928 1659 998; x_wconf 81' lang='lat' dir='ltr'><strong>DECIMAE-QUARTAE</strong></span> 
     </span>
    </p>
   </div>
   <div class='ocr_carea' id='block_1_2' title="bbox 767 1072 1293 1116">
    <p class='ocr_par' dir='ltr' id='par_1_2' title="bbox 767 1072 1293 1116">
     <span class='ocr_line' id='line_1_2' title="bbox 767 1072 1293 1116; baseline 0.002 -2"><span class='ocrx_word' id='word_1_3' title='bbox 767 1072 1293 1116; x_wconf 88' lang='lat' dir='ltr'><strong>ARGUMENTUM.</strong></span> 
     </span>
    </p>
   </div>
   <div class='ocr_carea' id='block_1_3' title="bbox 323 1226 1737 2119">
    <p class='ocr_par' dir='ltr' id='par_1_3' title="bbox 323 1226 1737 2047">
     <span class='ocr_line' id='line_1_3' title="bbox 382 1226 1737 1283; baseline 0.002 -18"><span class='ocrx_word' id='word_1_4' title='bbox 382 1226 668 1282; x_wconf 82' lang='lat' dir='ltr'><strong>Quinquaginta</strong></span> <span class='ocrx_word' id='word_1_5' title='bbox 700 1227 791 1267; x_wconf 84' lang='lat' dir='ltr'><strong>filias</strong></span> <span class='ocrx_word' id='word_1_6' title='bbox 822 1228 974 1266; x_wconf 82' lang='lat' dir='ltr'><strong>Danaus</strong></span> <span class='ocrx_word' id='word_1_7' title='bbox 1006 1226 1177 1280; x_wconf 88' lang='lat' dir='ltr'><strong>pluribus</strong></span> <span class='ocrx_word' id='word_1_8' title='bbox 1204 1241 1225 1266; x_wconf 90' lang='lat' dir='ltr'><strong>e</strong></span> <span class='ocrx_word' id='word_1_9' title='bbox 1249 1227 1474 1283; x_wconf 84' lang='lat' dir='ltr'><strong>conjugibus</strong></span> <span class='ocrx_word' id='word_1_10' title='bbox 1499 1235 1737 1282; x_wconf 77' lang='lat' dir='ltr'><strong>susceperat,</strong></span> 
     </span>
     <span class='ocr_line' id='line_1_4' title="bbox 325 1296 1734 1352; baseline 0.001 -17"><span class='ocrx_word' id='word_1_11' title='bbox 325 1312 416 1349; x_wconf 85' lang='lat' dir='ltr'><strong>quas</strong></span> <span class='ocrx_word' id='word_1_12' title='bbox 440 1298 631 1352; x_wconf 86' lang='lat' dir='ltr'><strong>AEgyptus</strong></span> <span class='ocrx_word' id='word_1_13' title='bbox 658 1298 757 1338; x_wconf 89' lang='lat' dir='ltr'><strong>illius</strong></span> <span class='ocrx_word' id='word_1_14' title='bbox 783 1298 895 1338; x_wconf 84' lang='lat' dir='ltr'><strong>frater</strong></span> <span class='ocrx_word' id='word_1_15' title='bbox 911 1327 923 1348; x_wconf 85' lang='lat'>‚</span> <span class='ocrx_word' id='word_1_16' title='bbox 942 1298 1004 1337; x_wconf 89' lang='lat' dir='ltr'><strong>cui</strong></span> <span class='ocrx_word' id='word_1_17' title='bbox 1028 1297 1186 1337; x_wconf 87' lang='lat' dir='ltr'><strong>totidem</strong></span> <span class='ocrx_word' id='word_1_18' title='bbox 1203 1296 1415 1352; x_wconf 81' lang='lat' dir='ltr'>obtigerant</span> <span class='ocrx_word' id='word_1_19' title='bbox 1429 1297 1523 1347; x_wconf 83' lang='lat' dir='ltr'><strong>filii,</strong></span> <span class='ocrx_word' id='word_1_20' title='bbox 1555 1297 1594 1336; x_wconf 89' lang='lat' dir='ltr'><strong>in</strong></span> <span class='ocrx_word' id='word_1_21' title='bbox 1614 1312 1734 1338; x_wconf 87' lang='lat' dir='ltr'><strong>nurus</strong></span> 
     </span>
     <span class='ocr_line' id='line_1_5' title="bbox 324 1367 1734 1421; baseline 0.001 -16"><span class='ocrx_word' id='word_1_22' title='bbox 324 1367 540 1420; x_wconf 77' lang='lat' dir='ltr'><strong>postulavit,</strong></span> <span class='ocrx_word' id='word_1_23' title='bbox 572 1369 724 1407; x_wconf 84' lang='lat' dir='ltr'><strong>Danaus</strong></span> <span class='ocrx_word' id='word_1_24' title='bbox 752 1383 869 1418; x_wconf 86' lang='lat' dir='ltr'><strong>vero,</strong></span> <span class='ocrx_word' id='word_1_25' title='bbox 899 1383 1017 1421; x_wconf 89' lang='lat' dir='ltr'><strong>quum</strong></span> <span class='ocrx_word' id='word_1_26' title='bbox 1051 1382 1093 1407; x_wconf 78' lang='lat' dir='ltr'><strong>ex</strong></span> <span class='ocrx_word' id='word_1_27' title='bbox 1116 1367 1256 1407; x_wconf 86' lang='lat' dir='ltr'><strong>oraculi</strong></span> <span class='ocrx_word' id='word_1_28' title='bbox 1283 1381 1467 1421; x_wconf 88' lang='lat' dir='ltr'><strong>responso</strong></span> <span class='ocrx_word' id='word_1_29' title='bbox 1500 1374 1734 1421; x_wconf 86' lang='lat' dir='ltr'><strong>compertum</strong></span> 
     </span>
     <span class='ocr_line' id='line_1_6' title="bbox 324 1435 1735 1492; baseline 0.001 -18"><span class='ocrx_word' id='word_1_30' title='bbox 324 1436 516 1477; x_wconf 79' lang='lat' dir='ltr'><strong>habuisset</strong></span> <span class='ocrx_word' id='word_1_31' title='bbox 531 1467 542 1485; x_wconf 89' lang='lat'><strong>‚</strong></span> <span class='ocrx_word' id='word_1_32' title='bbox 568 1437 737 1477; x_wconf 89' lang='lat' dir='ltr'><strong>manibus</strong></span> <span class='ocrx_word' id='word_1_33' title='bbox 782 1451 820 1478; x_wconf 92' lang='lat' dir='ltr'><strong>se</strong></span> <span class='ocrx_word' id='word_1_34' title='bbox 851 1438 980 1492; x_wconf 85' lang='lat' dir='ltr'><strong>generi</strong></span> <span class='ocrx_word' id='word_1_35' title='bbox 1018 1438 1229 1490; x_wconf 87' lang='lat' dir='ltr'><strong>periturum</strong></span> <span class='ocrx_word' id='word_1_36' title='bbox 1246 1466 1258 1487; x_wconf 88' lang='lat'>‚</span> <span class='ocrx_word' id='word_1_37' title='bbox 1284 1437 1376 1476; x_wconf 84' lang='lat' dir='ltr'><strong>filias</strong></span> <span class='ocrx_word' id='word_1_38' title='bbox 1403 1437 1566 1490; x_wconf 85' lang='lat' dir='ltr'><strong>primum</strong></span> <span class='ocrx_word' id='word_1_39' title='bbox 1592 1435 1735 1490; x_wconf 85' lang='lat' dir='ltr'><strong>petenti</strong></span> 
     </span>
     <span class='ocr_line' id='line_1_7' title="bbox 331 1506 1736 1562; baseline 0 -17"><span class='ocrx_word' id='word_1_40' title='bbox 331 1508 503 1561; x_wconf 83' lang='lat' dir='ltr'><strong>AEgypto</strong></span> <span class='ocrx_word' id='word_1_41' title='bbox 524 1508 728 1562; x_wconf 83' lang='lat' dir='ltr'><strong>denegavit.</strong></span> <span class='ocrx_word' id='word_1_42' title='bbox 759 1508 877 1556; x_wconf 87' lang='lat' dir='ltr'><strong>Quod</strong></span> <span class='ocrx_word' id='word_1_43' title='bbox 897 1522 1015 1559; x_wconf 90' lang='lat' dir='ltr'><strong>quum</strong></span> <span class='ocrx_word' id='word_1_44' title='bbox 1038 1507 1099 1546; x_wconf 89' lang='lat' dir='ltr'><strong>ille</strong></span> <span class='ocrx_word' id='word_1_45' title='bbox 1116 1507 1349 1560; x_wconf 75' lang='lat' dir='ltr'><strong>impatienter</strong></span> <span class='ocrx_word' id='word_1_46' title='bbox 1369 1506 1484 1546; x_wconf 81' lang='lat' dir='ltr'><strong>ferret</strong></span> <span class='ocrx_word' id='word_1_47' title='bbox 1497 1535 1510 1556; x_wconf 93' lang='lat'><strong>‚</strong></span> <span class='ocrx_word' id='word_1_48' title='bbox 1529 1506 1629 1546; x_wconf 84' lang='lat' dir='ltr'><strong>filios</strong></span> <span class='ocrx_word' id='word_1_49' title='bbox 1650 1519 1736 1545; x_wconf 88' lang='lat' dir='ltr'><strong>cum</strong></span> 
     </span>
     <span class='ocr_line' id='line_1_8' title="bbox 326 1575 1736 1630; baseline 0 -16"><span class='ocrx_word' id='word_1_50' title='bbox 326 1576 487 1615; x_wconf 84' lang='lat' dir='ltr'><strong>exercitu</strong></span> <span class='ocrx_word' id='word_1_51' title='bbox 501 1576 602 1615; x_wconf 86' lang='lat' dir='ltr'><strong>misit</strong></span> <span class='ocrx_word' id='word_1_52' title='bbox 614 1605 626 1625; x_wconf 84' lang='lat'><strong>‚</strong></span> <span class='ocrx_word' id='word_1_53' title='bbox 646 1576 712 1629; x_wconf 90' lang='lat' dir='ltr'><strong>qui</strong></span> <span class='ocrx_word' id='word_1_54' title='bbox 729 1578 899 1616; x_wconf 88' lang='lat' dir='ltr'><strong>Danaum</strong></span> <span class='ocrx_word' id='word_1_55' title='bbox 919 1575 1115 1615; x_wconf 89' lang='lat' dir='ltr'><strong>obsidione</strong></span> <span class='ocrx_word' id='word_1_56' title='bbox 1131 1584 1344 1629; x_wconf 86' lang='lat' dir='ltr'><strong>premerent</strong></span> <span class='ocrx_word' id='word_1_57' title='bbox 1357 1605 1369 1626; x_wconf 91' lang='lat'>‚</span> <span class='ocrx_word' id='word_1_58' title='bbox 1391 1583 1647 1630; x_wconf 79' lang='lat' dir='ltr'><strong>cogeremque</strong></span> <span class='ocrx_word' id='word_1_59' title='bbox 1658 1605 1670 1625; x_wconf 88' lang='lat'><strong>‚</strong></span> <span class='ocrx_word' id='word_1_60' title='bbox 1690 1583 1736 1614; x_wconf 88' lang='lat' dir='ltr'><strong>ut</strong></span> 
     </span>
     <span class='ocr_line' id='line_1_9' title="bbox 323 1645 1735 1699; baseline 0.001 -17"><span class='ocrx_word' id='word_1_61' title='bbox 323 1645 414 1685; x_wconf 82' lang='lat' dir='ltr'><strong>filias</strong></span> <span class='ocrx_word' id='word_1_62' title='bbox 434 1646 550 1684; x_wconf 83' lang='lat' dir='ltr'><strong>daret.</strong></span> <span class='ocrx_word' id='word_1_63' title='bbox 564 1646 682 1685; x_wconf 85' lang='lat' dir='ltr'><strong>Dedit</strong></span> <span class='ocrx_word' id='word_1_64' title='bbox 707 1646 857 1698; x_wconf 86' lang='lat' dir='ltr'><strong>quidem</strong></span> <span class='ocrx_word' id='word_1_65' title='bbox 874 1658 883 1692; x_wconf 78' lang='lat'><em>3</em></span> <span class='ocrx_word' id='word_1_66' title='bbox 920 1645 985 1684; x_wconf 92' lang='lat' dir='ltr'><strong>sed</strong></span> <span class='ocrx_word' id='word_1_67' title='bbox 1004 1653 1157 1698; x_wconf 87' lang='lat' dir='ltr'><strong>accepto</strong></span> <span class='ocrx_word' id='word_1_68' title='bbox 1173 1658 1194 1684; x_wconf 87' lang='lat' dir='ltr'>a</span> <span class='ocrx_word' id='word_1_69' title='bbox 1209 1653 1312 1698; x_wconf 88' lang='lat' dir='ltr'><strong>patre</strong></span> <span class='ocrx_word' id='word_1_70' title='bbox 1333 1659 1570 1697; x_wconf 74' lang='lat' dir='ltr'><strong>unaquaeque</strong></span> <span class='ocrx_word' id='word_1_71' title='bbox 1585 1645 1709 1699; x_wconf 82' lang='lat' dir='ltr'><strong>gladio</strong></span> <span class='ocrx_word' id='word_1_72' title='bbox 1722 1673 1735 1694; x_wconf 86' lang='lat'><strong>‚</strong></span> 
     </span>
     <span class='ocr_line' id='line_1_10' title="bbox 325 1712 1734 1768; baseline 0 -15"><span class='ocrx_word' id='word_1_73' title='bbox 325 1729 436 1754; x_wconf 89' lang='lat' dir='ltr'><strong>suum</strong></span> <span class='ocrx_word' id='word_1_74' title='bbox 462 1728 725 1767; x_wconf 76' lang='lat' dir='ltr'><strong>unaquaeque,</strong></span> <span class='ocrx_word' id='word_1_75' title='bbox 761 1715 878 1768; x_wconf 83' lang='lat' dir='ltr'><strong>prima</strong></span> <span class='ocrx_word' id='word_1_76' title='bbox 905 1722 1016 1754; x_wconf 86' lang='lat' dir='ltr'><strong>nocte</strong></span> <span class='ocrx_word' id='word_1_77' title='bbox 1030 1744 1042 1764; x_wconf 88' lang='grc'><strong>.,</strong></span> <span class='ocrx_word' id='word_1_78' title='bbox 1067 1716 1273 1768; x_wconf 79' lang='lat' dir='ltr'><strong>conjugem</strong></span> <span class='ocrx_word' id='word_1_79' title='bbox 1294 1714 1503 1761; x_wconf 84' lang='lat' dir='ltr'><strong>immaniter</strong></span> <span class='ocrx_word' id='word_1_80' title='bbox 1538 1712 1734 1768; x_wconf 82' lang='lat' dir='ltr'><strong>jugulavit.</strong></span> 
     </span>
     <span class='ocr_line' id='line_1_11' title="bbox 326 1782 1734 1838; baseline -0.001 -15"><span class='ocrx_word' id='word_1_81' title='bbox 326 1784 415 1823; x_wconf 87' lang='lat' dir='ltr'><strong>Sola</strong></span> <span class='ocrx_word' id='word_1_82' title='bbox 442 1785 736 1838; x_wconf 85' lang='lat' dir='ltr'><strong>Hypermnestra</strong></span> <span class='ocrx_word' id='word_1_83' title='bbox 754 1785 906 1838; x_wconf 91' lang='lat' dir='ltr'><strong>Lynceo</strong></span> <span class='ocrx_word' id='word_1_84' title='bbox 932 1783 1098 1837; x_wconf 85' lang='lat' dir='ltr'><strong>pepercit</strong></span> <span class='ocrx_word' id='word_1_85' title='bbox 1112 1813 1124 1835; x_wconf 88' lang='lat'>‚</span> <span class='ocrx_word' id='word_1_86' title='bbox 1146 1784 1247 1823; x_wconf 86' lang='lat' dir='ltr'><strong>unde</strong></span> <span class='ocrx_word' id='word_1_87' title='bbox 1268 1783 1382 1822; x_wconf 86' lang='lat' dir='ltr'><strong>iratus</strong></span> <span class='ocrx_word' id='word_1_88' title='bbox 1397 1791 1501 1836; x_wconf 86' lang='lat' dir='ltr'><strong>pater</strong></span> <span class='ocrx_word' id='word_1_89' title='bbox 1523 1782 1563 1821; x_wconf 91' lang='lat' dir='ltr'><strong>in</strong></span> <span class='ocrx_word' id='word_1_90' title='bbox 1586 1782 1734 1823; x_wconf 82' lang='lat' dir='ltr'><strong>vincula</strong></span> 
     </span>
     <span class='ocr_line' id='line_1_12' title="bbox 324 1851 1732 1907; baseline -0.001 -15"><span class='ocrx_word' id='word_1_91' title='bbox 324 1854 494 1892; x_wconf 84' lang='lat' dir='ltr'><strong>miseram</strong></span> <span class='ocrx_word' id='word_1_92' title='bbox 510 1854 670 1907; x_wconf 89' lang='lat' dir='ltr'><strong>conjecit</strong></span> <span class='ocrx_word' id='word_1_93' title='bbox 682 1883 694 1904; x_wconf 85' lang='grc'><strong>.,</strong></span> <span class='ocrx_word' id='word_1_94' title='bbox 715 1862 875 1893; x_wconf 87' lang='lat' dir='ltr'><strong>mortem</strong></span> <span class='ocrx_word' id='word_1_95' title='bbox 891 1854 1152 1893; x_wconf 82' lang='lat' dir='ltr'><strong>comminatus.</strong></span> <span class='ocrx_word' id='word_1_96' title='bbox 1171 1855 1251 1892; x_wconf 85' lang='lat' dir='ltr'><strong>Hac</strong></span> <span class='ocrx_word' id='word_1_97' title='bbox 1264 1851 1543 1906; x_wconf 79' lang='lat' dir='ltr'><strong>ergoEpistola</strong></span> <span class='ocrx_word' id='word_1_98' title='bbox 1559 1851 1732 1890; x_wconf 84' lang='lat' dir='ltr'><strong>maritum</strong></span> 
     </span>
     <span class='ocr_line' id='line_1_13' title="bbox 325 1920 1730 1978; baseline -0.001 -16"><span class='ocrx_word' id='word_1_99' title='bbox 325 1931 459 1978; x_wconf 85' lang='lat' dir='ltr'><strong>rogat,</strong></span> <span class='ocrx_word' id='word_1_100' title='bbox 492 1923 559 1976; x_wconf 90' lang='lat' dir='ltr'><strong>qui</strong></span> <span class='ocrx_word' id='word_1_101' title='bbox 580 1924 627 1963; x_wconf 83' lang='lat' dir='ltr'><strong>ad</strong></span> <span class='ocrx_word' id='word_1_102' title='bbox 651 1925 863 1977; x_wconf 85' lang='lat' dir='ltr'><strong>AEgyptum</strong></span> <span class='ocrx_word' id='word_1_103' title='bbox 884 1932 1026 1976; x_wconf 86' lang='lat' dir='ltr'><strong>patrem</strong></span> <span class='ocrx_word' id='word_1_104' title='bbox 1045 1922 1263 1978; x_wconf 85' lang='lat' dir='ltr'><strong>confugerat</strong></span> <span class='ocrx_word' id='word_1_105' title='bbox 1277 1952 1290 1972; x_wconf 86' lang='lat'><strong>‚</strong></span> <span class='ocrx_word' id='word_1_106' title='bbox 1307 1930 1351 1961; x_wconf 88' lang='lat' dir='ltr'><strong>ut</strong></span> <span class='ocrx_word' id='word_1_107' title='bbox 1373 1934 1483 1975; x_wconf 88' lang='lat' dir='ltr'><strong>opem</strong></span> <span class='ocrx_word' id='word_1_108' title='bbox 1501 1920 1594 1961; x_wconf 80' lang='lat' dir='ltr'><strong>ferat</strong></span> <span class='ocrx_word' id='word_1_109' title='bbox 1619 1934 1730 1974; x_wconf 82' lang='lat' dir='ltr'><strong>quam</strong></span> 
     </span>
     <span class='ocr_line' id='line_1_14' title="bbox 324 1984 1648 2047; baseline 0 -16"><span class='ocrx_word' id='word_1_110' title='bbox 324 1993 487 2047; x_wconf 86' lang='lat' dir='ltr'><strong>primum</strong></span> <span class='ocrx_word' id='word_1_111' title='bbox 502 2022 514 2043; x_wconf 89' lang='lat'>‚</span> <span class='ocrx_word' id='word_1_112' title='bbox 543 2002 580 2033; x_wconf 85' lang='lat' dir='ltr'><strong>et</strong></span> <span class='ocrx_word' id='word_1_113' title='bbox 599 1993 723 2035; x_wconf 88' lang='lat' dir='ltr'><strong>veniat</strong></span> <span class='ocrx_word' id='word_1_114' title='bbox 748 2008 901 2034; x_wconf 83' lang='lat' dir='ltr'><strong>uxorem</strong></span> <span class='ocrx_word' id='word_1_115' title='bbox 922 2006 1066 2032; x_wconf 84' lang='lat' dir='ltr'><strong>carcere</strong></span> <span class='ocrx_word' id='word_1_116' title='bbox 1094 1992 1329 2032; x_wconf 82' lang='lat' dir='ltr'><strong>liberaturus.</strong></span> <span class='ocrx_word' id='word_1_117' title='bbox 1632 1984 1648 1993; x_wconf 69' lang='grc'>”</span> 
     </span>
    </p>

    <p class='ocr_par' dir='ltr' id='par_1_4' title="bbox 378 2063 1140 2119">
     <span class='ocr_line' id='line_1_15' title="bbox 378 2063 1140 2119; baseline -0.001 -16"><span class='ocrx_word' id='word_1_118' title='bbox 378 2064 534 2103; x_wconf 81' lang='lat' dir='ltr'><strong>Pausan.</strong></span> <span class='ocrx_word' id='word_1_119' title='bbox 566 2075 621 2114; x_wconf 87' lang='lat'><strong>11,</strong></span> <span class='ocrx_word' id='word_1_120' title='bbox 645 2078 705 2119; x_wconf 85' lang='lat'><strong>19.</strong></span> <span class='ocrx_word' id='word_1_121' title='bbox 735 2086 789 2094; x_wconf 91' lang='lat'>—</span> <span class='ocrx_word' id='word_1_122' title='bbox 816 2063 996 2118; x_wconf 88' lang='lat' dir='ltr'><strong>Apollod.</strong></span> <span class='ocrx_word' id='word_1_123' title='bbox 1019 2075 1053 2103; x_wconf 86' lang='grc' dir='ltr'><strong>Π</strong></span> <span class='ocrx_word' id='word_1_124' title='bbox 1069 2093 1081 2114; x_wconf 82' lang='grc'>,</span> <span class='ocrx_word' id='word_1_125' title='bbox 1107 2078 1140 2102; x_wconf 91' lang='lat'><strong>1.</strong></span> 
     </span>
    </p>
   </div>
  </div>
 </body>
</html>
