1884 3112
301 227 391 289 346

740 236 1088 282 EPISTOLA
1129 239 1273 284 XIX.

362 325 559 376 Flectitis
577 339 654 376 aut
674 327 799 377 freno
818 328 931 378 colla
951 330 1149 396 sequacis
1172 331 1288 397 equi.

296 402 427 451 Nunc
450 403 671 454 volucrem
693 404 874 472 laqueo,
901 424 1018 454 nunc
1042 407 1208 472 piscem
1231 406 1390 456 ducitis
1413 395 1549 458 hamo’
1560 428 1571 459 :

361 478 561 529 Diluitur
583 482 732 548 posito
754 483 895 532 serior
912 482 1022 531 hora
1042 502 1175 532 mero.

295 557 379 605 His
401 558 511 605 mihi
531 554 768 625 sufflotae,
793 559 862 608 vel
885 560 924 608 si
946 560 1094 609 minus
1118 561 1277 609 acriter
1294 580 1418 619 urar,
1674 577 1713 611 15

359 634 482 697 Quid
507 626 682 695 faciaxii,
710 649 931 703 superest,
958 649 1116 704 praeter
1139 657 1302 696 amare,
1328 637 1454 686 nihil.

293 711 432 776 Quod
455 725 677 779 superest,
699 713 813 762 facio
839 734 848 762 :
871 726 1022 781 teque,
1050 734 1076 762 o
1098 734 1193 763 mea
1218 714 1311 763 'sola
1335 715 1565 782 voluptas,

356 788 464 837 Plus
486 809 686 856 quoque,
713 810 844 857 quam
865 791 990 840 reddi
1015 792 1137 858 quod
1159 793 1270 839 mihi
1292 793 1458 859 possit,
1485 812 1598 842 amo.
1646 798 1652 808 '

288 866 385 914 Aut
408 886 489 929 ego
514 887 614 916 cum
637 887 735 916 cara
759 867 811 916 de
835 880 876 917 te
900 869 1069 918 nutrice
1093 888 1302 927 susurro3

355 943 555 1011 Quaeque
575 957 720 1004 tuum,
745 946 902 1004 miror,
929 965 1058 995 causa
1077 958 1275 995 moretur
1298 947 1410 1005 iter;
1470 960 1488 975 ⁸
1665 972 1713 997 20

290 1097 333 1105 —-
341 1079 436 1115 Nihil
447 1079 534 1114 mihi
545 1079 684 1115 videtur
696 1093 781 1126 opus
793 1080 860 1116 hoc
870 1093 969 1116 com—

289 1140 412 1167 mento
424 1159 433 1176 ‚
456 1133 499 1167 ad
522 1129 614 1178 quod
632 1147 698 1168 nec
721 1133 890 1168 Heinsius
905 1162 913 1178 ,
929 1142 969 1170 ut

287 1192 373 1231 puto
384 1211 393 1228 ,
407 1185 617 1231 confugisset
628 1212 637 1229 ,
650 1186 718 1220 nisi
725 1188 892 1230 pala-stra·
905 1189 970 1222 do-

286 1250 334 1271 na
355 1250 539 1282 perperam
560 1251 641 1272 cum
662 1237 764 1282 vulgo
788 1238 969 1283 interpre—

288 1294 365 1322 tum
386 1291 523 1332 palmas
538 1316 545 1330 ‚
575 1289 707 1335 aliaque
734 1289 907 1324 victorum
931 1290 969 1324 in

285 1339 449 1385 palaestris
453 1344 592 1385 proemz'a
605 1341 842 1385 intellexisset,
858 1346 968 1387 quum

287 1391 356 1426 hoc
373 1393 515 1438 quidem
532 1395 662 1440 optime
676 1395 729 1429 vir
745 1396 902 1441 egregius
914 1395 968 1429 vi-

287 1444 409 1490 deret,
429 1447 471 1481 ad
489 1449 658 1493 prolatam
680 1448 736 1483 hic
761 1450 801 1483 ab
821 1449 967 1484 Herone

287 1499 499 1533 sententiam
525 1512 599 1534 non
633 1507 704 1535 tam
734 1504 940 1545 premiorum
956 1527 965 1542 ‚

288 1562 394 1594 quam
409 1553 507 1584 lucloe
524 1558 558 1586 et
571 1553 772 1597 quorumvis
788 1553 969 1587 exercitio-

288 1615 370 1636 rum
378 1602 413 1636 in
422 1603 967 1648 palaestra,commemorationem

286 1655 438 1699 requiri3
463 1663 497 1689 at
521 1669 605 1690 vero
628 1657 875 1701 jucundissima
894 1657 967 1692 haec

288 1706 561 1741 adolescentibus
584 1708 783 1752 quotidiana
808 1710 967 1744 exercitia

282 1760 470 1803 paloestroe,
495 1761 585 1793 dona
609 1760 684 1804 ejus
706 1760 827 1805 quidni
845 1761 967 1796 dixerit

290 1810 457 1855 Ovidius,
476 1824 586 1856 quum
608 1812 656 1846 sic
674 1812 780 1846 etiam
803 1813 881 1847 alibi
897 1815 967 1847 do—

287 1878 364 1898 num
381 1871 415 1898 et
431 1877 550 1898 munus
566 1865 706 1908 alicujus
717 1865 767 1899 rei
784 1865 916 1899 dictum
931 1866 967 1899 il-

286 1916 348 1950 lud
364 1916 577 1961 reperiatur,
593 1916 687 1962 quod
701 1917 756 1952 vel
774 1930 815 1951 ex
824 1930 861 1952 re
882 1918 966 1963 ipsa,

287 1968 343 2003 vel
359 1982 399 2003 ex
414 1969 488 2013 ejus
504 1969 573 2003 sive
590 1982 654 2015 ope
665 1970 758 2013 {sive
775 1970 965 2013 occasione,

288 2020 466 2054 commodi
482 2027 541 2055 aut
555 2021 717 2055 beneficii
728 2028 788 2055 aut
803 2021 969 2067 jucundi-

287 2073 366 2107 tatis
377 2073 498 2118 aliquis
508 2074 685 2120 percepit?
701 2075 790 2108 Hor.
799 2085 856 2119 111,
866 2075 897 2118 8,
909 2087 967 2121 27:

320 2129 403 2152 Dona
419 2128 550 2159 proesentis
564 2136 625 2160 cape
638 2128 710 2151 laetus
722 2127 800 2152 borae.

289 2176 413 2222 Virgil.
431 2176 513 2211 AEn.
526 2187 597 2211 v111
608 2202 617 2220 ,
631 2176 716 2221 657:

288 2237 357 2262 Galli
371 2245 415 2270 per
432 2237 524 2261 dumos
538 2237 642 2261 aderant
654 2255 663 2266 ,
676 2245 812 2269 arcemque
829 2235 948 2261 tenebant
957 2254 966 2266 ‚

288 2285 396 2312 Defensi
409 2286 531 2316 tenebris,
545 2291 570 2310 et.
582 2286 651 2310 dono
663 2286 745 2311 noctis
759 2294 853 2318 opacm.
868 2286 901 2310 L.

337 2336 386 2380 14.
410 2336 566 2368 Diluitur
571 2337 684 2378 posito
701 2342 763 2370 etc.
785 2336 866 2369 Mos
883 2335 967 2370 olim

290 2394 364 2421 erat
384 2386 531 2430 Graecis,
550 2386 631 2421 dein
650 2394 684 2421 et
701 2387 887 2431 Romanis,
905 2393 965 2430 ut,

808 2456 952 2481 mensaeque

799 2497 905 2529 (Vmo.
924 2496 935 2528 )

291 2552 428 2590 tempus
443 2545 508 2579 viri
520 2545 603 2579 ludo
615 2544 669 2580 vel
685 2544 967 2580 confabulationi-

289 2596 353 2630 bus
376 2596 632 2641 producerent;
652 2596 861 2631 decederent
883 2608 965 2630 vero

291 2648 473 2692 mulieres,
488 2662 533 2683 ne
550 2649 576 2683 si
594 2648 676 2693 quid
695 2648 885 2682 dicentibus
900 2661 966 2681 ex—

290 2698 421 2733 cideret
431 2699 569 2734 liberius
578 2727 586 2743 ,
599 2699 738 2745 pudicas
749 2713 847 2734 aures
859 2700 966 2734 ossen-

292 2750 399 2786 deret.
426 2751 500 2797 Qui
524 2764 599 2787 mos
624 2752 728 2789 etiam
754 2765 848 2787 nunc
875 2751 965 2797 apud

288 2448 430 2481 Postquam
451 2453 551 2472 exemia
573 2447 654 2472 sames
679 2448 783 2481 epulis,

379 2501 483 2522 remotae
495 2515 503 2527 ,

1034 1080 1202 1127 quasdam
1223 1080 1404 1118 hodiernae
1421 1082 1573 1130 Europae
1593 1090 1714 1130 gentes

1033 1134 1190 1180 inviguit.

1080 1187 1129 1220 15.
1153 1187 1221 1219 His
1242 1187 1329 1220 mihi
1345 1189 1503 1221 submota·
1523 1194 1589 1223 etc.
1620 1188 1713 1233 Quae

1034 1236 1121 1270 mihi
1137 1249 1247 1282 quum
1269 1237 1382 1272 desint
1393 1264 1403 1282 ,
1421 1238 1507 1273 nihil
1518 1264 1528 1282 ,
1542 1238 1638 1284 ,quod
1653 1241 1713 1273 sa-

1034 1288 1136 1332 ciam,
1145 1295 1313 1334 superest,
1317 1293 1570 1333 praeteramare,
1579 1289 1714 1325 etiamsi

1033 1354 1107 1377 non
1125 1342 1250 1376 acriter
1266 1341 1353 1376 adeo
1367 1355 1455 1376 urar.

1079 1409 1091 1429 1
1100 1409 1127 1440 7.
1142 1395 1224 1430 fflea
1237 1398 1314 1429 sola
1327 1398 1494 1440 voluptas.
1509 1395 1631 1431 Prima
1643 1394 1714 1430 edi-

1032 1447 1082 1482 tio
1098 1456 1133 1483 et
1145 1455 1213 1483 tres
1227 1448 1361 1494 scripti,
1374 1452 1425 1483 mi
1434 1451 1526 1483 sola:
1538 1449 1713 1499 ἀρχαϊκῶςς

1032 1514 1095 1546 pro
1111 1515 1187 1535 mea
1198 1515 1208 1535 ‚¹
1223 1508 1281 1536 aut
1294 1514 1358 1547 pro
1373 1503 1472 1542 mibi,
1486 1507 1527 1537 ut
1542 1502 1585 1536 sit
1601 1501 1712 1536 Grae-

1032 1552 1167 1588 cismus.
1191 1553 1249 1588 Sic
1265 1553 1357 1598 apud
1373 1553 1536 1599 Tragicos
1548 1579 1558 1597 ,
1579 1553 1602 1588 ὦ
1617 1555 1714 1590 τέκνον

1033 1621 1104 1649 μοι,
1119 1604 1241 1650 cymium
1252 1619 1322 1651 μοιῖ
1331 1613 1366 1641 et
1376 1606 1508 1641 similia.
1518 1605 1677 1641 Tibullus
1684 1615 1712 1650 1,

1035 1656 1088 1690 El.
1104 1667 1142 1690 v1
1156 1683 1165 1701 ,
1185 1658 1249 1691 63:
1544 1669 1550 1671 ·

1033 1717 1099 1741 Vive
1110 1716 1158 1741 diu
1166 1717 1233 1742 mihi
1241 1717 1326 1742 dulcis
1335 1725 1401 1741 nnus
1414 1724 1422 1742 ε
1434 1715 1552 1750 proprio·
1559 1723 1607 1748 ego
1613 1720 1711 1747 tecum,

1066 1766 1106 1790 Sit
1117 1765 1194 1790 modo
1204 1765 1243 1789 fas
1252 1784 1261 1796 ,
1279 1773 1359 1790 annos
1370 1765 1527 1790 contamine
1544 1765 1633 1790 velim.

1034 1814 1091 1849 Sic
1104 1814 1232 1849 scribe:
1246 1814 1364 1859 inepte
1380 1813 1483 1859 vulgo
1495 1839 1504 1857 ,
1515 1816 1712 1849 contributi·-

1032 1879 1079 1899 se.
1106 1866 1152 1900 H.
1169 1884 1212 1891 —
1229 1864 1320 1899 Illud
1340 1868 1391 1898 mt‘
1400 1867 1476 1899 sola
1490 1877 1563 1899 non
1582 1865 1711 1910 placet,

1032 1925 1068 1953 et
1084 1918 1234 1963 Apuleio
1254 1918 1441 1953 convenire
1465 1918 1573 1964 magis
1589 1918 1712 1954 ranci-

1034 1970 1115 2004 dam
1126 1970 1368 2014 antiquitatem
1377 1969 1495 2011 credo,
1504 1981 1611 2015 quam
1622 1969 1714 2005 Ovi-

1033 2023 1091 2058 dio
1100 2036 1230 2068 :neque
1240 2023 1378 2057 Tibullo
1389 2022 1552 2057 decoram
1562 2021 1712 2058 credidit

1032 2076 1291 2120 Broukhusius,
1310 2076 1353 2111 ad
1363 2075 1499 2111 laudata
1515 2076 1589 2121 ejus
1599 2082 1711 2122 poetae

1032 2129 1147 2164 verba.
1159 2129 1289 2163 BURM.
1303 2127 1404 2172 Quin
1418 2134 1453 2162 et
1468 2130 1502 2163 τὲ
1519 2127 1604 2162 misi
1616 2126 1710 2162 reci-

1032 2180 1147 2225 piatur
1157 2206 1166 2223 ,
1191 2179 1289 2213 aliter
1311 2178 1415 2224 accipi
1437 2178 1549 2212 nolim
1567 2204 1579 2222 ,
1603 2189 1710 2223 quam

1032 2243 1096 2276 pro
1108 2232 1198 2264 milu'.
1214 2230 1338 2264 HEYN.
1351 2229 1394 2264 ad
1410 2229 1473 2264 loc.
1488 2229 1615 2264 Tibull.

1078 2285 1127 2318 1⁴8.
1151 2285 1234 2317 Plus
1244 2296 1367 2328 quoque
1375 2295 1473 2328 quam
1486 2285 1587 2318 credi.
1602 2276 1723 2326 Quam‘

1031 2339 1141 2378 reddi,
1155 2337 1354 2371 Puteaneus
1367 2343 1403 2371 et
1415 2336 1620 2371 Basileensis
1630 2347 1710 2370 :ve-

1031 2397 1143 2425 nuste.
1163 2390 1220 2424 Sic
1235 2401 1249 2424 1
1260 2416 1270 2433 ,
1289 2389 1366 2424 Art.
1382 2389 1499 2424 Amat.
1515 2389 1600 2435 370:

1068 2447 1103 2470 Ut
1116 2451 1180 2478 puto
1188 2454 1239 2471 non
1251 2445 1346 2477 poneris
1356 2445 1412 2477 ipsa
1424 2445 1522 2479 referre
1534 2444 1628 2470 vicem.

1033 2495 1113 2529 Hoc
1134 2501 1185 2528 est
1196 2520 1205 2538 ,
1228 2506 1301 2527 non
1326 2492 1455 2539 poteris
1477 2491 1572 2537 paria
1595 2492 1707 2528 facere

1032 2544 1192 2579 amande.
1211 2545 1344 2580 HEINS.

1079 2612 1127 2645 ¹9·
1145 2599 1224 2632 Cum
1233 2610 1322 2631 cara.
1331 2598 1452 2632 Franc.
1465 2596 1595 2638 mallet,
1607 2607 1706 2630 cana:

1032 2656 1071 2684 ut
1079 2662 1159 2683 mox
1166 2650 1209 2684 26
1220 2675 1230 2693 ‚
1247 2650 1344 2683 Anus
1352 2649 1476 2683 dicitur
1487 2661 1495 2682 :
1507 2647 1595 2690 et¹46
1604 2672 1614 2689 ,
1625 2647 1706 2680 Mo-

1031 2714 1110 2735 vens
1114 2703 1205 2735 anile
1211 2705 1371 2745 caput.—
1377 2699 1471 2734 Male
1479 2711 1487 2733 ε
1499 2700 1588 2733 Cara
1595 2697 1702 2741 enim,

1031 2765 1107 2798 quae
1127 2752 1220 2789 herae
1237 2752 1410 2794 amoribus
1425 2751 1471 2785 ita
1491 2748 1683 2785 inserviret.
