1884 3112
308 250 396 295 216

748 252 1094 298 EPISTOLA
1134 255 1260 299 XII.

302 345 398 393 Cur
417 343 525 391 mihi
549 342 651 410 plus
673 362 798 409 aequo
821 344 919 392 flavi
942 343 1143 410 placuere
1167 345 1336 413 capilli;

367 421 430 467 Et
453 419 602 476 decor,
628 431 671 467 et
694 418 854 482 ling-uae
878 421 1016 483 gratia
1038 421 1138 471 ficta
1162 424 1283 472 tuae?
1341 419 1343 421 ¹

303 496 420 552 Aut,
446 494 577 542 semel
600 494 647 542 in
670 507 845 545 nostras
870 498 1080 564 quoniam
1102 517 1216 546 nova
1237 498 1404 566 puppis
1425 517 1576 549 arenas

365 571 556 619 Venerat
570 608 582 628 ‚
609 572 792 622 audaces
816 573 1106 641 attuleratque
1129 576 1268 634 viros,

303 647 419 698 Isset
441 648 666 699 anhelatos
689 670 780 698 non
800 652 1128 718 praemedicatus
1148 653 1192 701 in
1218 654 1341 716 ignes
1672 669 1711 703 15

365 727 600 774 Immemor
622 728 880 787 AEsonides,
909 748 1070 795 oraque
1095 729 1262 778 adunca
1285 729 1442 778 boum·

299 804 476 853 Semina
495 805 696 869 jecisset3
731 805 915 854 totidem
938 806 1144 855 sensisset
1167 818 1210 854 et
1231 806 1412 854 hostes:

363 882 428 928 Ut
451 881 623 930 caderet
645 882 767 931 cultu
791 882 935 930 cultor
958 882 1012 930 ab
1037 882 1131 948 ipse
1155 900 1250 929 suo.

299 957 530 1020 Quantum
552 958 745 1023 perfidiae
769 971 936 1017 tecum,
961 957 1164 1006 scelerate
1187 958 1400 1024 perisset!

364 1034 525 1082 Demta
546 1034 693 1083 forent
715 1035 848 1101 capiti
873 1053 1004 1100 quam
1026 1033 1138 1082 mala
1159 1033 1296 1083 multa
1317 1036 1443 1083 meo!
1668 1060 1711 1085 20

298 1109 383 1156 Est
404 1108 550 1174 aliqua
571 1109 747 1173 ingrato
771 1110 976 1158 meritum
998 1109 1260 1176 exprobrare
1284 1109 1513 1177 voluptas:

366 1185 460 1233 Hac
484 1184 605 1234 fruar
623 1205 633 1234 ε
651 1186 744 1234 haec
770 1185 821 1234 de
846 1197 888 1234 te
913 1185 1070 1248 gaudia
1093 1185 1186 1234 sola
1206 1185 1354 1234 feram.

300 1261 461 1310 Jussus
485 1261 755 1327 inexpertam
779 1261 971 1310 Colchos
996 1261 1216 1311 advertere
1237 1261 1448 1328 puppim,

364 1339 547 1386 Intrasti
570 1340 722 1405 patriae
743 1358 878 1403 regna
899 1340 1030 1388 beata
1051 1358 1169 1387 meae.

297 1415 399 1462 Hoc
423 1413 513 1462 illic
538 1415 696 1464 Medea
718 1415 803 1473 fui,
827 1435 940 1464 nova
962 1428 1103 1482 nupta
1126 1415 1248 1481 quod
1270 1415 1342 1464 hic
1366 1427 1444 1465 est.
1667 1431 1710 1466 25

363 1491 507 1554 Quam
531 1503 656 1557 pater
678 1503 744 1540 est
765 1491 855 1549 illi,
882 1503 970 1540 tam
991 1492 1102 1540 mihi
1123 1492 1243 1541 dives
1267 1505 1371 1542 erat.

297 1566 383 1614 Hic
408 1566 617 1632 Ephyren
638 1567 850 1616 bimarem
875 1588 885 1616 ι
911 1568 1091 1635 Scythia
1114 1579 1242 1617 tenus
1265 1567 1340 1617 ille
1363 1568 1518 1617 nivosa

339 1714 387 1757 14.
401 1713 569 1748 Audaces.
581 1715 797 1761 Perpetuum
807 1716 874 1751 hoc
884 1729 968 1751 nau-

290 1764 334 1799 tis
346 1765 534 1810 Epitheton
545 1792 554 1810 ,
572 1773 611 1801 ut
626 1767 801 1813 eleganter
812 1768 967 1802 ostendit

293 1816 500 1851 Torrentius
518 1818 560 1851 ad
579 1819 703 1854 Horat.
716 1831 749 1863 1,
768 1819 837 1854 Od.
858 1834 887 1863 1,
906 1822 964 1864 14;

292 1867 352 1902 sed
366 1868 535 1914 praecipue
548 1869 757 1915 Argonautis
769 1896 779 1914 ‚
797 1871 855 1916 qui
865 1871 969 1916 primi

293 1919 478 1967 finguntur
495 1933 632 1965 aequora
642 1928 788 1956 tentasse
801 1948 810 1966 ,
829 1929 966 1968 aptum:

291 1972 340 2005 ita
349 1968 494 2006 'Phaedr.
511 1972 586 2007 loco
604 1973 707 2008 citato
719 2000 729 2017 ‚
746 1976 797 2007 ad
807 1976 968 2008 audacem

289 2026 405 2057 mortis
407 2023 568 2067 professa·
576 2027 682 2065 viam,
698 2025 898 2059 fabricatam
910 2038 968 2060 ra-

290 2081 364 2108 tem
381 2074 472 2109 dicit.
493 2074 616 2110 Senec.
634 2075 764 2110 Medea
777 2102 787 2119 ,
814 2077 875 2111 301
892 2090 901 2111 :

354 2134 453 2159 Audax
464 2134 590 2166 nimium,
605 2136 650 2169 qui
662 2135 727 2161 freta
741 2136 840 2169 primus

353 2183 420 2208 Rate
433 2188 485 2207 tam
499 2183 583 2216 fragili
598 2183 695 2216 perfida
707 2184 787 2217 rupit.
849 2186 947 2211 Bunu.

336 2233 385 2265 15.
415 2233 506 2265 Isset
523 2234 700 2266 anhelatos
714 2247 780 2267 non
789 2236 966 2278 praemecli-

286 2287 384 2317 catus
398 2286 434 2316 in
450 2287 543 2327 ignes
555 2286 742 2319 AEsont'des.
754 2287 846 2319 Isset
856 2286 879 2320 J
882 2298 964 2320 ason

287 2334 326 2368 in
333 2334 532 2379 ignes,quos
541 2336 680 2370 naribus
689 2337 776 2370 tauri
786 2337 961 2380 efflabant,

286 2398 360 2420 non
395 2387 621 2432 praemunitus
653 2400 717 2432 ope
750 2395 784 2422 et
815 2390 964 2422 medica-

283 2441 405 2471 mentis
419 2438 557 2472 Medeae
567 2464 576 2482 ,
598 2445 730 2473 certam
747 2439 794 2473 sic
809 2447 961 2474 mortem

282 2488 504 2524 inventurus!
531 2490 652 2538 Inepte
669 2516 678 2533 ,
709 2490 767 2536 qui
783 2493 960 2535 pra-mede·—

287 2546 380 2576 latus
397 2556 407 2576 ,¹
424 2543 478 2577 illa
498 2543 593 2577 enim
607 2544 696 2577 infra
714 2556 722 2578 ε

285 2602 345 2635 Ipsa
355 2611 401 2635 ego
411 2622 419 2634 ‚
447 2612 505 2636 quoe
518 2604 638 2628 dederam
650 2603 829 2628 medicamina
837 2623 846 2635 ,
866 2603 960 2636 pallida

365 2651 430 2676 sedi.

329 2712 377 2744 ¹7·
409 2701 558 2733 Totidem
583 2704 749 2735 sensisset
770 2705 807 2735 el
832 2703 944 2734 bosles

1032 1719 1155 1752 hostes.
1184 1716 1254 1752 Sed
1284 1716 1392 1752 MSS.
1415 1729 1480 1763 ope
1499 1744 1509 1761 ,
1543 1723 1578 1752 et
1607 1717 1708 1754 variis

1030 1771 1138 1804 fretus
1154 1769 1356 1804 lectionibus
1382 1768 1435 1804 Cl.
1459 1769 1645 1813 Heinsius,
1663 1769 1708 1804 ad

1031 1835 1122 1866 eam,
1136 1834 1212 1867 quae
1222 1834 1317 1856 nunc
1327 1827 1446 1865 exstat,
1459 1828 1494 1856 et
1504 1820 1591 1855 nihil
1603 1819 1708 1856 habet

1032 1873 1127 1918 quod
1141 1886 1214 1907 non
1230 1879 1416 1918 congruat,
1433 1872 1618 1907 lectionem
1628 1884 1708 1918 gra-

1033 1925 1140 1960 datim
1147 1925 1317 1971 pervenit,
1326 1925 1508 1970 probante,
1518 1924 1598 1958 etin
1607 1936 1706 1958 suam

1033 1977 1224 2012 editionem
1237 1976 1441 2011 admittente
1454 1977 1494 2010 P.
1510 1976 1707 2011 Burmann.

1078 2043 1090 2062 1
1098 2029 1127 2063 8.
1150 2030 1199 2062 [st
1209 2030 1344 2062 caderet
1354 2030 1445 2062 cullu
1461 2030 1571 2061 cultor
1576 2029 1620 2061 ab
1634 2030 1707 2071 ipse

1029 2078 1110 2115 suo!
1130 2079 1170 2114 Id
1182 2086 1245 2123 est,
1259 2086 1297 2114 ut
1311 2079 1439 2124 periret
1452 2079 1573 2122 Jason‚
1591 2091 1610 2113 a
1624 2078 1705 2114 viris

1030 2131 1168 2165 armatis
1191 2131 1415 2174 interemtus,
1446 2131 1505 2175 qui
1533 2143 1573 2164 ex
1599 2129 1679 2175 ipsis
1693 2156 1703 2174 ,

1030 2196 1115 2228 quos
1134 2183 1280 2227 jecerat,
1298 2182 1455 2217 draconis
1467 2181 1629 2217 dentibus
1642 2194 1702 2216 re-

1028 2234 1162 2280 pentini
1179 2234 1387 2269 extitissent!

1071 2288 1122 2321 25.
1139 2287 1215 2320 Hoc
1231 2288 1304 2320 illic
1319 2286 1443 2319 Medea
1453 2285 1520 2329 sui
1531 2291 1593 2320 etc.
1608 2286 1704 2327 Illic,

1026 2337 1063 2372 in
1081 2337 1237 2372 Colchis:
1253 2336 1345 2383 quod
1355 2341 1570 2382 novanupla,
1589 2335 1706 2371 Creu-

1027 2403 1101 2425 sam
1115 2389 1294 2435 intelligit:
1310 2391 1366 2423 hic
1374 2393 1443 2430 cst,
1459 2387 1632 2431 Corinthi,
1643 2387 1703 2422 ubi

1025 2441 1193 2487 regnabat
1225 2439 1344 2475 Creon
1359 2467 1368 2485 ,
1389 2447 1424 2475 et
1452 2447 1536 2474 tunc
1561 2438 1706 2484 degebat

1026 2493 1154 2536 Jason,
1179 2505 1296 2527 amore
1317 2491 1458 2526 Creusae
1474 2490 1635 2525 irretitus.
1656 2507 1701 2515 —

1024 2547 1148 2579 Medea
1150 2545 1218 2590 fici.
1231 2547 1320 2585 Fuit,
1333 2545 1531 2579 Puteancus
1540 2554 1621 2576 cum
1631 2541 1702 2577 aliis

1024 2596 1229 2642 quibusdam
1247 2609 1255 2630 ε
1271 2595 1331 2630 sed
1346 2595 1445 2629 male.
1463 2594 1598 2628 Htms.

1068 2663 1119 2695 27.
1139 2650 1207 2682 Hic
1221 2649 1375 2694 Ephyren
1392 2649 1555 2680 bimarem.
1572 2643 1701 2690 Appo-

1021 2701 1083 2735 site
1108 2700 1237 2734 faciunt
1272 2699 1339 2732 huc
1367 2699 1401 2731 V
1403 2697 1492 2742 elleji
1518 2696 1690 2730 Paterculi

283 2749 454 2786 Mendose
485 2751 683 2798 quondam,
716 2755 891 2788 sumsisset
918 2757 955 2786 el
1018 2753 1134 2797 verba,
1151 2765 1191 2788 ex
1201 2751 1256 2787 lib.
1270 2761 1283 2783 1
1297 2751 1434 2785 :Paullo
1449 2752 1527 2784 ante
1540 2749 1680 2783 Haletcs
