1884 3112
351 239 442 318 4'16

639 264 732 309 AD
772 265 1030 311 LIVIAM
1062 263 1456 315 AUGUSTAM

410 356 669 403 Formarent
690 354 842 404 oculos
866 356 1290 426 comprimerentque
1307 363 1450 410 meos!
1503 390 1506 393 Δ
1570 390 1574 393 Δ

1693 377 1761 413 '160

346 431 484 494 Quod
504 429 625 488 licet,
647 430 736 479 hoc
760 443 874 481 certe
899 433 1070 482 tumulo
1091 454 1310 501 ponemur
1326 437 1374 485 in
1386 451 1506 496 uno,‘

409 507 576 565 Druse;
595 526 738 573 neque
761 507 816 556 ad
839 517 1006 559 veteres
1029 511 1236 560 conditus
1254 513 1342 561 ibis
1366 532 1483 562 avos.

309 612 312 614 ·
344 584 572 634 Miscebor
595 584 818 651 cinerique
842 586 974 645 cinis,
994 598 1125 655 atque
1149 590 1327 638 ossibus
1346 609 1457 640 ossa.

407 663 534 710 Hanc
559 661 701 711 lucem
724 661 853 711 celeri
877 664 1056 714 turbine
1078 666 1216 714 Parca
1237 669 1365 715 neat!
1392 689 1417 710 »

342 740 446 789 Haec
470 751 513 788 et
536 739 664 806 plura
686 738 820 788 refert
839 759 849 788 :
869 739 1057 790 lacrimae
1076 761 1155 792 sua
1177 744 1312 792 verba
1335 755 1602 811 sequuntur,
1697 758 1758 793 165

408 818 590 883 Oraque
613 817 907 883 nequicquam
929 838 1011 885 per
1031 820 1168 867 modo
1193 832 1347 887 questa
1369 820 1525 869 fluunt.

345 894 470 959 Quin
494 895 624 942 etiam
648 914 832 961 corpus,
857 896 987 944 matri
1009 896 1081 944 vix
1103 897 1263 963 vixque
1281 897 1533 956 remissum,

406 972 644 1038 Exsequiis
668 972 828 1031 caruit,
857 973 1005 1031 Livia,
1031 992 1144 1039 pene
1168 973 1273 1021 suis.

344 1048 526 1114 Quippe
547 1048 700 1097 (lucem
724 1049 887 1097 arsuris
913 1050 1128 1099 exercitus
1153 1049 1296 1097 omnis
1319 1050 1367 1097 in
1389 1050 1520 1100 armis
1531 1066 1548 1110 ‚'

403 1127 526 1174 Inter
548 1144 644 1191 quae
667 1125 819 1191 periit,
844 1145 1011 1192 ponere
1036 1138 1181 1175 certus
1205 1139 1309 1176 erat.

1674 1159 1676 1161 >
1692 1153 1756 1189 ¹7⁰

338 1203 541 1252 Abstulit
559 1203 710 1251 invitis
734 1222 898 1270 corpus
921 1204 1168 1253 venerabile
1190 1204 1344 1262 frater;

402 1281 463 1326 Et
485 1280 683 1327 Drusum
705 1279 874 1346 patriae,
897 1281 1019 1347 quod
1040 1281 1275 1348 licuitque,
1297 1281 1428 1330 dedit.

336 1423 467 1458 Plenus
486 1422 543 1459 hic
562 1423 793 1459 miserationis
811 1431 847 1459 et
870 1424 1013 1470 quidem

336 1474 539 1510 dulcissimae
562 1476 655 1510 locus
670 1502 679 1519 ‚
711 1476 769 1521 qui
792 1476 891 1511 nobis
913 1477 1013 1522 ponit

336 1528 382 1561 ob
404 1528 520 1562 oculos
542 1527 625 1562 hinc
650 1534 686 1562 et
707 1527 788 1562 inde
814 1535 914 1563 natos
933 1541 1015 1563 mo-

335 1579 455 1614 riturae
474 1579 578 1614 matri
597 1579 783 1614 assidentes
798 1606 808 1624 ,
838 1580 1013 1626 excipien-

336 1639 456 1677 tesque
473 1638 665 1666 extremam
678 1631 831 1665 animam
843 1657 853 1675 ,
879 1638 914 1666 et
928 1644 1013 1666 ocu-

304 1674 312 1681 ’
334 1682 385 1718 los
401 1683 456 1728 pia
472 1695 581 1717 manu
597 1683 865 1727 componentes!

383 1735 455 1769 161.
483 1736 583 1778 Quod
602 1736 702 1775 licet,
730 1736 794 1768 boc
815 1738 921 1775 certe,
949 1738 1011 1768 lu·-

333 1789 422 1822 mulo
443 1798 673 1831 componemur
690 1788 726 1819 in
751 1798 825 1820 uno.
872 1786 902 1819 0
923 1789 1012 1820 cede

334 1838 525 1884 legendum
561 1838 727 1872 monebat
759 1837 935 1872 Heinsius.
968 1855 1012 1864 ·—·

341 1892 480 1925 Tumulo
499 1893 536 1924 in
552 1903 628 1924 uno.
655 1889 698 1930 In
721 1889 897 1924 mausoleo
924 1887 1012 1924 Cae-

333 1954 450 1976 sarum
464 1968 473 1985 ,
500 1954 574 1976 non
596 1941 633 1975 in
655 1948 890 1975 monumento
910 1939 1012 1975 Clau-

337 1993 402 2027 diae
416 1992 470 2028 vel
486 1992 591 2028 Liviae
607 1992 739 2038 gentis3
766 1999 802 2027 et
820 1992 867 2027 ita
881 1993 1011 2027 sactum

333 2044 435 2080 fuisse
453 2051 572 2080 narrat
587 2043 658 2078 Dio
675 2043 769 2079 Cass.
783 2055 838 2079 Lv-
1004 2054 1006 2056 ’

382 2096 453 2131 ι63.
467 2098 640 2130 Μίτεεᾶον
650 2099 815 2141 cinerique
828 2098 922 2129 a'nz’s.
936 2094 1011 2130 Nec

332 2155 414 2182 voto
444 2147 590 2189 excidit;
626 2160 711 2181 nam
736 2147 772 2181 in
799 2146 925 2182 eodem
951 2153 1011 2181 tu-

333 2199 451 2243 mulo,
478 2198 726 2244 quoDrusus,
754 2198 850 2233 Livia
870 2198 1010 2234 condita

331 2250 414 2293 suit;
427 2257 513 2285 teste
524 2250 688 2295 scriptore
701 2249 827 2284 eodem
839 2276 848 2294 ,
862 2250 1008 2285 ineunte

330 2302 389 2337 lib.
405 2313 505 2336 LVIII.
517 2319 561 2328 —·
574 2301 770 2336 Conferant
784 2328 793 2345 ,
811 2302 871 2347 qui
887 2302 1008 2337 talibus

333 2353 550 2388 delectantur
563 2366 581 2397 ,·
590 2354 785 2388 orationem
800 2353 891 2389 hanc
903 2354 1008 2389 Liviae

331 2417 413 2439 cum
425 2405 537 2440 verbis
551 2405 722 2449 Evandri,
743 2406 825 2440 AEn.
841 2417 899 2450 xl,
925 2408 983 2440 152
995 2432 1005 2449 ,

331 2469 437 2502 super
450 2457 657 2491 exstinctum
673 2457 829 2492 Pallanta
841 2470 1007 2503 procum-

332 2508 445 2543 bentis
455 2535 464 2552 ,
478 2510 762 2555 erumpentisque
777 2510 814 2544 in
826 2509 887 2545 has
896 2523 1007 2545 voces:

329 2562 390 2587 Non
403 2563 466 2594 baec,
477 2573 492 2588 o
500 2564 581 2594 Pana,
594 2565 698 2590 dedens
710 2566 835 2598 promissa
845 2566 944 2599 parenti
954 2571 1004 2591 etc.

377 2611 447 2656 167.
476 2613 564 2655 Quin
577 2615 679 2647 etiam
698 2626 815 2658 corpus
834 2618 938 2649 matti
945 2618 1005 2648 viz·

329 2664 450 2706 vixque
480 2667 662 2699 remis-sum.
697 2665 731 2700 Is
757 2673 831 2700 erat
852 2665 1003 2700 militum

330 2726 429 2747 amor
451 2714 487 2748 in
512 2715 669 2751 Drusum
683 2743 693 2761 ,
723 2723 763 2751 ut
786 2717 1002 2762 auferendum

327 2764 408 2810 ipsis
424 2766 527 2801 suerit
543 2779 685 2813 corpu53
707 2769 800 2814 quod
819 2781 928 2815 quum
943 2782 1002 2805 re·-

1078 1426 1190 1461 tinere
1211 1439 1284 1461 non
1301 1426 1516 1472 potuissent,
1538 1425 1618 1462 duci
1630 1426 1753 1469 saltem

1077 1485 1352 1513 monumentum
1375 1479 1480 1514 inane
1503 1478 1667 1525 quidem,
1691 1479 1753 1514 sed

1076 1529 1298 1575 splendidum
1322 1538 1539 1575 posuerunt,
1580 1528 1624 1565 ad
1647 1529 1752 1566 Rhe-

1077 1595 1166 1616 num
1178 1608 1188 1626 ,
1212 1582 1291 1628 ipsis
1314 1583 1351 1616 in
1377 1582 1459 1618 locis
1478 1583 1537 1618 ubi
1551 1582 1754 1619 Germano-

1076 1647 1158 1668 rum
1173 1635 1346 1680 impetum
1361 1635 1403 1669 ad
1420 1642 1558 1680 tempus
1570 1636 1731 1682 fregerat.

1124 1699 1195 1732 ¹7¹·
1219 1688 1344 1719 Frater.
1360 1685 1544 1730 Tiberius,
1573 1686 1654 1731 qui,
1681 1698 1753 1720 au-

1076 1735 1146 1770 dita
1161 1736 1215 1770 vix
1226 1736 1340 1771 fratris
1351 1736 1549 1771 valetudine
1559 1763 1569 1777 ‚
1595 1736 1638 1770 ad
1653 1736 1753 1771 illum

1076 1787 1265 1831 advolavit,
1284 1787 1507 1833 defunctique
1519 1800 1644 1834 corpus
1659 1802 1676 1818 «
1689 1801 1753 1834 pe-

1076 1838 1175 1873 dibus
1190 1845 1264 1873 toto
1277 1839 1401 1873 itinere
1416 1838 1648 1884 praegrediens
1659 1864 1670 1883 ,
1682 1839 1753 1873 Ro-

1075 1904 1172 1925 mam
1187 1904 1296 1937 usque
1311 1892 1465 1937 pervexit
1483 1906 1511 1926 u.
1528 1891 1584 1926 Ab
1598 1891 1665 1926 hoc
1678 1903 1752 1926 uno

1076 1943 1259 1977 Tiberium
1284 1955 1429 1977 omnem
1455 1942 1562 1978 discas
1592 1942 1681 1978 licet.
1708 1962 1753 1970 -·

1076 1995 1169 2029 Rem
1185 1994 1292 2029 fusius
1311 2001 1430 2029 narrat
1442 2021 1452 2038 ,
1479 2007 1545 2029 nec
1561 1994 1752 2030 adulatorie

1075 2047 1192 2081 minus
1209 2045 1285 2081 val.
1302 2047 1445 2082 Maxim.
1457 2059 1489 2080 v.
1506 2048 1535 2081 5.
1558 2061 1576 2077 «
1593 2046 1750 2082 Tantum

1076 2111 1232 2133 amorem
1248 2098 1406 2145 princeps
1421 2124 1431 2142 ‚
1450 2098 1564 2144 inquit
1576 2125 1585 2141 ,
1605 2111 1752 2144 parens·-

1075 2163 1142 2195 que
1171 2158 1290 2185 noster
1320 2151 1464 2186 insitum
1490 2149 1609 2184 animo
1635 2151 1750 2187 fratris

1074 2202 1182 2236 Drusi
1203 2201 1350 2236 habebat
1364 2228 1374 2246 ,
1405 2208 1446 2236 ut
1476 2214 1586 2247 quum
1609 2201 1748 2246 Ticini,

1073 2267 1143 2299 quo
1168 2253 1277 2288 victor
1297 2254 1450 2289 hostium
1462 2281 1472 2298 ‚
1505 2255 1549 2289 ad
1567 2255 1749 2302 complec—

1073 2303 1197 2339 tendos
1220 2311 1380 2350 parentes
1404 2311 1568 2349 venerat,
1599 2305 1694 2351 gravi
1708 2305 1748 2339 il-

1070 2356 1146 2390 lum
1157 2363 1192 2391 et
1202 2357 1391 2403 periculosa
1401 2356 1598 2392 valetudine
1612 2358 1648 2391 in
1661 2356 1748 2391 Ger-

1071 2409 1188 2442 mania
1220 2407 1388 2443 fluctua‘re
1420 2415 1600 2454 cognosset
1616 2434 1627 2453 ‚
1656 2421 1747 2454 pro-

1070 2459 1152 2494 inde
1161 2467 1259 2494 metu
1270 2460 1436 2495 attonitus
1453 2467 1661 2505 erumperet.
1674 2460 1748 2495 Iter

1070 2524 1209 2557 quoque
1227 2523 1331 2557 quarn
1347 2511 1506 2557 rapidum
1524 2519 1559 2546 et
1574 2524 1724 2557 praeceps
1733 2538 1745 2556 ,

1069 2564 1123 2599 vel
1146 2572 1185 2600 ut
1211 2578 1282 2600 uno
1302 2566 1424 2610 spiritu
1441 2565 1670 2611 corripuerit,
1701 2577 1744 2600 eo

1069 2623 1163 2660 patet
1177 2643 1187 2660 ‚
1220 2616 1313 2662 quod
1345 2617 1449 2663 Alpes
1469 2643 1478 2661 ,
1508 2617 1743 2662 Rhenumque

1068 2674 1298 2713 transgressus
1321 2668 1375 2703 die
1400 2682 1437 2707 ac
1458 2676 1580 2713 nocte,
1608 2675 1744 2703 mutato

1067 2719 1212 2754 subinde
1234 2733 1325 2765 equo
1337 2746 1346 2763 ‚
1370 2720 1518 2755 ducenta
1533 2719 1638 2754 millia
1657 2732 1742 2765 pas—

1066 2782 1192 2816 suum,
1216 2784 1279 2817 per
1300 2771 1407 2806 modo
1425 2771 1594 2807 devictam
1610 2771 1742 2805 Barba-
