1884 3112
629 247 902 294 OENONE
933 247 1201 294 PARIDI.

214 339 372 390 Incisae
395 351 571 389 servant
593 359 618 389 a
630 352 685 390 *te
706 359 804 391 mea
824 340 1009 390 nomina
1029 339 1151 403 fagi;

277 419 340 466 Et
356 416 482 482 legor
502 418 718 478 OEnone,
741 419 851 469 falce
882 431 1038 468 notata
1059 430 1161 467 tua:

1552 263 1628 291 101

211 494 274 544 Et
292 507 508 563 quantum
531 498 701 555 trunci,
726 509 900 546 tantum
921 515 1019 546 mea
1040 495 1222 544 nomina
1245 506 1459 545 crescunt,

279 573 496 632 Crescite,
522 586 567 623 et
588 574 636 622 in
657 573 814 622 titulos
837 573 1004 636 surgite
1027 585 1147 622 recta
1169 592 1306 622 meos.

219 648 423 717 Populus
442 663 537 710 est,
560 651 764 709 memini,
787 649 953 699 fluviali
971 650 1141 698 consita
1161 650 1281 716 ripa,
1595 664 1637 697 αϊ»

277 729 360 777 Est
383 728 431 776 in
454 747 542 795 qua
562 727 707 776 nostri
726 726 852 775 litera
875 726 1040 793 scripta
1059 745 1245 775 memor.

213 804 406 873 Popule,
427 806 523 855 vive
544 824 722 872 precor,
747 823 845 871 quae
870 803 1042 852 consita
1063 804 1262 867 margine
1281 803 1416 870 ripae,

278 883 378 931 Hoc
399 881 447 929 in
466 900 633 945 rugoso
658 880 821 929 cortice
842 899 1016 929 carmen
1038 880 1205 929 habes:

211 953 370 1024 Quum'
388 959 513 1008 Paris
535 959 726 1008 OEnone
750 958 919 1026 poterit
939 957 1106 1024 spirare
1128 956 1305 1015 relicta,

273 1036 348 1086 Ad
367 1035 539 1087 fontem
559 1036 732 1085 Xanthi
754 1055 884 1085 versa
901 1046 1098 1084 recurret
1120 1054 1246 1102 aqua.
1593 1049 1638 1082 30

208 1113 409 1172 Xantho,
434 1125 554 1163 retro
575 1111 784 1181 propera3
808 1131 1032 1179 versaeque
1053 1112 1264 1160 recurrite
1285 1109 1477 1178 lymphae
1501 1130 1510 1158 :

273 1191 474 1240 Sustinet
496 1191 722 1240 OEnonen
744 1190 988 1241 deseruisse
1013 1189 1151 1237 Paris.

210 1265 295 1318 Illa
319 1267 413 1318 dies
434 1267 576 1316 fatum
597 1267 767 1316 miserae
789 1266 901 1315 mihi
923 1266 1036 1314 dixit
1055 1286 1065 1314 ε
1086 1266 1141 1313 ab
1162 1264 1238 1314 illa

277 1346 476 1396 Pessima
497 1345 656 1395 mutati
679 1345 816 1411 coepit
836 1343 1000 1392 amoris
1018 1342 1160 1392 hiems
1178 1361 1189 1400 ;

253 1468 308 1513 24.
334 1469 482 1503 Crescite
492 1473 557 1502 etc.
568 1465 748 1502 Pathetice
760 1477 892 1500 sermo-

210 1530 296 1554 nem
332 1518 375 1554 ad
401 1520 490 1566 ipsas
517 1518 658 1553 arbores
688 1517 803 1552 vertit.
832 1517 892 1552 sic

211 1571 330 1608 Gallus
340 1597 350 1616 ,
377 1570 470 1618 apud
500 1570 621 1617 virgil.
653 1569 727 1605 Ecl.
746 1580 769 1603 x
783 1595 792 1613 ,
823 1570 866 1613 54
882 1578 891 1601 2

209 1627 364 1660 caescent
373 1625 466 1666 1⁶11ae,·
489 1625 668 1664 cresce-hle,
690 1634 831 1656 amon-s.
846 1640 892 1647 —

210 1678 254 1712 In
267 1678 386 1712 te‘lulos
397 1679 523 1722 surgite
535 1688 637 1710 meos.
666 1673 707 1709 Id
721 1677 794 1718 est,
818 1672 891 1708 dies

210 1741 357 1776 queque
382 1731 499 1764 mulos
518 1727 741 1771 corroboret,
766 1727 891 1773 quibus

209 1781 264 1816 vel
275 1780 428 1816 infidum
443 1780 611 1816 Paridem
624 1780 771 1814 OEnone
786 1779 892 1826 possit

209 1834 399 1881 coniugem
412 1833 477 1870 sihi
490 1840 661 1880 repetere.

253 1899 307 1932 27.
335 1886 419 1930 Qua·
432 1889 566 1920 consilo
576 1888 724 1930 margine
735 1886 817 1930 νήπιε
827 1890 891 1920 etc.

211 1938 360 1974 Mallem
372 1952 445 1985 que
457 1941 607 1984 margine
619 1941 754 1973 consita
765 1940 841 1980 η’νι·;
856 1945 892 1973 et

210 1990 314 2026 multi
345 1989 480 2026 codices
498 2016 508 2034 ,
543 2002 693 2035 sequens
719 1988 891 2024 distichon

211 2048 422 2088 praeponunt
435 2041 525 2077 huic.
541 2041 672 2076 Bunm.

254 2093 308 2130 28.
323 2095 469 2140 Bagaso.
486 2094 599 2140 Rugis
613 2105 754 2139 aspero3
772 2096 892 2127 vetus-

211 2152 322 2182 tatem
329 2147 459 2182 arboris
467 2146 608 2182 indicat.
617 2145 765 2181 Codices
775 2144 890 2187 multi,

212 2211 332 2234 nomen
337 2200 449 2241 babet,
458 2211 524 2245 pro
533 2211 667 2234 carmen
676 2210 890 2244 :perperam;

212 2263 298 2286 nam
308 2263 440 2286 camere
450 2259 557 2296 certe,
571 2250 663 2297 quod
672 2249 895 2295 subsequitur

214 2303 398 2339 distichon.

257 2369 310 2404 ²9·
330 2357 436 2400 Quum
447 2357 548 2391 Paris
557 2363 621 2391 etc.
635 2356 712 2401 [psa
721 2362 803 2390 sunt
814 2366 893 2400 quae

212 2408 312 2444 Paris
326 2408 363 2443 in
381 2408 507 2443 cortice
523 2408 641 2454 populi
660 2408 816 2444 carmina
834 2407 894 2442 in-

210 2460 413 2506 scripserat,
434 2467 644 2506 perpetuum
661 2460 787 2495 amoris
804 2472 893 2506 per-

214 2514 310 2560 petui
325 2513 505 2549 indicium.

258 2566 313 2601 30.
334 2567 399 2602 Ad
410 2566 547 2611 sontem
569 2567 709 2600 Xanthi.
732 2564 893 2600 Xanthus

214 2617 310 2653 haud
335 2618 439 2654 dubie
461 2631 502 2653 ex
521 2624 643 2653 monte
660 2617 890 2661 decurrebat,

957 1463 1011 1498 Ita
1025 1462 1124 1498 enim
1143 1474 1224 1497 cum
1240 1461 1443 1496 melioribus
1456 1461 1564 1497 MSS.
1585 1460 1638 1496 le·

956 1514 1124 1561 gendum.
1145 1515 1280 1550 Hnms.

1000 1567 1053 1602 31.
1074 1568 1230 1608 Xanthe,
1244 1570 1332 1602 reim
1338 1579 1481 1611 propera
1491 1573 1555 1601 etc.
1565 1566 1640 1601 Ite-

955 1631 1038 1653 rum
1057 1627 1094 1654 se
1108 1619 1150 1654 ad
1167 1619 1241 1653 loca
1261 1619 1333 1665 ipsa
1347 1619 1537 1662 convertit,
1560 1631 1638 1663 qua>

956 1670 1104 1706 totidem
1124 1669 1229 1706 'testes
1248 1671 1413 1717 pejeratae
1438 1684 1535 1705 nunc
1555 1670 1637 1705 fidei

957 1723 1055 1759 Paris
1061 1723 1292 1759 advocaverat
1302 1722 1384 1758 t'sed
1395 1733 1501 1769 quam
1511 1722 1636 1766 vivide,

957 1789 1064 1822 quam
1077 1775 1330 1811 vehementer!

956 1837 1062 1864 Xan-tm
1070 1856 1080 1869 ,
1102 1841 1171 1862 retro
1183 1844 1310 1870 proper-5
1329 1844 1460 1870 versaque
1475 1835 1601 1860 remunito

1038 1885 1172 1920 lympha!
1198 1895 1207 1906 ¹

958 1935 1031 1971 Ubi
1042 1936 1160 1981 inepte
1170 1961 1181 1979 ,
1198 1942 1234 1970 et
1247 1934 1345 1969 nullo
1355 1946 1498 1980 poeseos
1512 1946 1615 1969 sensu
1626 1960 1636 1977 ,

958 1988 1017 2033 qui
1038 1989 1217 2035 Nymphe,
1241 1999 1306 2033 pro
1333 1988 1477 2032 lymphae
1494 1986 1640 2031 scripse—

957 2047 1053 2075 runt.

1000 2093 1053 2126 33.
1078 2093 1147 2126 Illa
1174 2093 1250 2126 dies
1267 2090 1386 2136 satum
1405 2093 1537 2125 miserae
1546 2092 1644 2129 ‘mihi

956 2146 1062 2178 duxit.
1081 2145 1199 2186 Dixit,
1219 2144 1420 2179 Puteaneus
1433 2169 1443 2187 ,
1462 2142 1639 2190 Argenti-

956 2196 1092 2239 nensis,
1107 2202 1142 2230 et
1157 2203 1308 2241 quatuor
1323 2195 1379 2231 alii
1392 2210 1401 2238 3
1423 2196 1514 2231 hene
1525 2221 1534 2239 ,
1557 2202 1639 2242 apto

957 2248 998 2283 ad
1010 2249 1099 2283 hanc
1110 2261 1187 2283 rem
1196 2249 1315 2283 verbo.
1330 2247 1421 2283 Hor.
1429 2247 1517 2292 itm,
1527 2246 1598 2283 od.
1607 2248 1639 2282 3:

1053 2309 1102 2334 Sed
1113 2307 1243 2334 bellico-i·
1252 2308 1307 2333 fsta
1316 2308 1468 2342 Quiritibus

1056 2359 1112 2383 Hac
1126 2358 1180 2391 iege
1194 2358 1264 2383 dico.

959 2407 1080 2453 Virgss.
1095 2406 1168 2442 Ecl.
1181 2417 1214 2451 1,
1234 2406 1294 2441 16:

957 2470 1027 2502 Soepe
1036 2468 1133 2492 mulum
1140 2467 1189 2492 ho·
1197 2467 1283 2498 nobis,
1291 2467 1313 2491 si
1319 2474 1391 2492 mem
1398 2475 1450 2491 non
1458 2466 1523 2491 lav·
1529 2464 1622 2491 suin-et
1629 2483 1639 2496 ,

956 2520 996 2544 De
1009 2518 1071 2543 caeio
1082 2522 1163 2542 tactu
1175 2516 1282 2541 nemini
1293 2515 1432 2549 prodicere
1443 2524 1461 2548 q
1462 2522 1566 2539 ttttttt

957 2569 1027 2600 Saepe
1039 2565 1146 2591 sinistr-
1154 2574 1217 2590 ειν.
1227 2564 1336 2590 dic-bae
1345 2564 1378 2589 ab
1387 2564 1446 2589 ilica
1456 2563 1559 2589 cornix.
1584 2562 1623 2587 Η.

959 2616 1012 2650 lta
1042 2614 1138 2649 enim
1162 2612 1298 2648 codices
1317 2612 1538 2658 complures.;
1562 2620 1640 2646 non

215 2670 311 2706 unde
323 2671 542 2714 &ffloeromut
557 2678 653 2705 retro
666 2676 780 2716 posset
791 2668 892 2707 flecti.
952 2668 1124 2713 predavit.
1159 2665 1240 2700 Vid.
1274 2665 1394 2713 Heyn.
1419 2664 1496 2700 loco
1524 2663 1640 2700 citato.

219 2720 342 2757 Claud.
358 2735 392 2767 1,
410 2723 447 2758 in
465 2723 565 2758 Eutr.
582 2722 668 2758 353:

216 2783 300 2810 Pton-
313 2789 404 2819 petum
418 2790 486 2810 reno
499 2783 572 2811 fluvii
586 2784 656 2817 juga.

960 2719 1198 2815 Eer-Caepu
1216 2773 1340 2806 amoris
1350 2771 1467 2805 hiems.
1495 2746 1650 2814 Egregie.
