1884 3112
325 218 409 261 320

743 216 1085 261 EPISTOLA
1125 216 1295 263 XVII.

387 306 745 372 Quamprimum,
773 305 887 362 dixi,
912 304 978 352 fac
1002 305 1220 354 rediturus
1244 317 1334 354 eas:

324 383 483 432 Omine
506 381 675 430 laetatus
699 380 819 428 dedit
843 380 1018 429 oscula:
1041 403 1062 423 «
1091 383 1288 448 Resque,
1314 381 1582 449 domusque,

385 460 444 505 Et
467 457 550 505 tibi
574 457 632 504 sit
655 475 766 505 curae
789 456 975 504 Troicus
998 457 1180 523 hospes,
1208 458 1280 505 ait.
1302 479 1325 500 »

1661 473 1723 506 160

322 535 409 582 Vix
433 533 554 582 tenui
574 533 733 591 risum3
758 552 887 599 quem
908 533 1013 582 dum
1037 553 1310 621 compescere
1330 533 1499 594 luctor,

382 612 457 661 Nil
480 611 546 659 illi
567 611 695 677 potui
718 610 858 659 dicere
882 622 1069 677 praeter:
1087 611 1182 659 erit.

319 690 428 739 Vela
452 689 627 756 quidem
654 690 814 736 Creten
837 688 978 736 ventis
1002 687 1122 736 dedit
1144 687 1217 736 ille
1240 669 1463 747 secundis;

384 766 471 814 Sed
489 778 538 814 tu
560 784 652 831 non
670 764 770 813 ideo
794 776 950 813 cuncta
972 763 1099 812 licere
1120 775 1241 829 puta.

321 844 392 891 Sic
415 861 537 891 meus
559 842 663 889 hinc
689 841 755 889 vir
777 841 921 898 abest,
946 852 998 888 ut
1019 859 1087 888 me
1112 840 1330 888 custodiat
1352 840 1522 890 absens.

1664 854 1724 889 165

382 920 455 968 An
477 917 618 966 nescis
640 916 796 979 longas
813 916 992 978 regibus
1011 935 1103 964 esse
1121 917 1312 964 manus?

319 998 452 1044 Fama
475 1011 652 1059 quoque
668 985 742 1039 'est
765 992 912 1049 oneri;
935 1010 1036 1039 nam
1062 1011 1149 1058 quo
1174 992 1445 1041 constantius
1466 1011 1542 1041 ore

383 1071 633 1120 Laudamur
654 1081 820 1127 vestro,
842 1069 1005 1134 justius
1026 1067 1099 1117 ille
1121 1069 1255 1117 timet.

323 1149 434 1212 Quae
454 1148 599 1213 juvat,
623 1157 675 1194 ut
697 1164 816 1193 nunc
840 1157 926 1203 est,
951 1145 1100 1193 eadem
1121 1145 1231 1193 mihi
1255 1145 1393 1209 gloria
1415 1147 1572 1196 damno
1595 1146 1691 1196 est:

382 1227 444 1273 Et
465 1223 620 1273 melius
643 1223 766 1271 famae
787 1223 922 1271 verba
945 1222 1113 1271 dedisse
1134 1221 1232 1270 fuit.

299 1350 303 1354 -
320 1367 413 1414 quod
434 1374 471 1403 et
501 1367 632 1402 Douzae
645 1393 655 1411 ,
692 1367 776 1413 157,
809 1366 990 1402 arridebat.

321 1420 456 1455 Eadem
470 1420 614 1455 varietas
624 1419 792 1465 superiori
809 1419 962 1465 Epistola
978 1445 988 1463 ‚

319 1486 406 1508 vers.
429 1471 491 1515 164
507 1484 515 1506 :
684 1508 688 1511 ¹

351 1530 457 1562 Figitur
469 1529 495 1553 in
504 1531 572 1563 jusso
583 1534 671 1554 nostra
681 1529 771 1561 sagitta
784 1529 849 1554 loco.

321 1573 394 1607 Ubi
420 1575 494 1606 viso
514 1572 657 1617 quidam
687 1572 820 1607 codices
848 1584 856 1606 :
878 1572 989 1607 simile

319 1623 490 1658 mendum
499 1624 625 1658 insedit
635 1624 769 1659 codices
777 1623 854 1658 Val.
862 1624 986 1667 Flacci,

319 1675 407 1710 libro
419 1687 453 1719 1,
474 1675 535 1709 103
551 1687 560 1709 z
577 1675 670 1720 quod
686 1675 796 1709 miror
809 1675 889 1709 viris
906 1688 989 1710 eru-

320 1726 399 1761 ditis
413 1738 487 1760 non
503 1726 781 1761 animadversum
794 1739 804 1761 ε

320 1785 358 1810 At
378 1786 474 1820 quihus
495 1795 617 1812 arvorum
638 1787 755 1812 studium
778 1791 855 1820 atque
880 1786 988 1812 insontis

400 1840 478 1860 ιιι-θαι
486 1854 496 1866 ,

318 1883 378 1909 flos
396 1884 530 1909 stimulant
543 1902 553 1915 ‚
571 1890 713 1918 magnaque
738 1889 818 1922 ratem
840 1893 886 1917 per
908 1885 988 1914 lustra

399 1933 507 1966 viasque

322 1982 377 2009 Vixi
387 1981 463 2005 laude
477 1986 572 2006 canunt
584 1980 719 2006 manifesto
727 1981 754 2006 in
766 1981 864 2006 himine
875 1982 969 2007 Fauni.

319 2037 378 2072 Sic
387 2037 505 2071 scribe.
521 2038 812 2083 Perperamjussz'
821 2051 916 2073 nunc
926 2038 988 2072 cir-

318 2089 519 2124 cumfertur.
547 2090 738 2134 Virgiliana
762 2090 818 2125 illa
842 2089 989 2135 respexit

319 2153 359 2175 ex
373 2141 429 2175 lib.
444 2141 611 2176 AEneidos
627 2154 685 2178 lv:

418 2196 478 2229 Ipse
491 2198 575 2221 Deum
587 2196 722 2222 manifesto
733 2198 759 2222 in
770 2198 868 2222 lumine
876 2197 987 2223 vidi.11.

365 2245 437 2291 159.
453 2245 585 2289 Resque
596 2271 603 2285 ,
622 2247 807 2290 domusque.
823 2246 853 2281 F
854 2246 988 2280 ormula

318 2295 492 2331 solemnis.
509 2297 623 2331 Tibul.
636 2309 650 2331 1
662 2324 672 2341 ‚
697 2297 793 2343 Eleg.
810 2309 832 2332 x
849 2310 857 2332 z

349 2351 483 2375 Devoveat
495 2359 541 2382 pro
553 2359 604 2383 quo
618 2359 722 2384 remque
733 2352 890 2385 domumque
905 2357 985 2376 tuam.

319 2393 391 2428 Ubi
403 2393 524 2428 dubito
535 2421 544 2438 ,
560 2407 601 2428 an
619 2402 711 2429 recte
723 2395 789 2430 hoc
804 2396 986 2431 sollicitent

317 2445 381 2480 viri
398 2444 499 2479 docti.
515 2446 643 2480 BunM.

362 2496 432 2531 166.
449 2498 507 2533 An
518 2501 628 2532 nescis
635 2500 754 2542 longas
769 2502 897 2543 regibus
910 2513 984 2534 esse

315 2560 434 2581 manus
452 2551 472 2584 ?
506 2555 657 2594 Παροιμιά
689 2549 809 2585 Graeca
820 2577 830 2594 ‚
865 2556 986 2598 Μακραὶ

316 2600 463 2647 τυράννων
495 2608 601 2645 χεῖρες.
635 2601 724 2635 Vide
755 2602 982 2646 Apostolium.

316 2649 449 2684 HEINs.
459 2651 538 2685 Hoc
548 2651 590 2686 de
599 2652 763 2687 ministris
775 2654 875 2698 regiis
885 2667 983 2699 quos—

315 2699 397 2733 dam
417 2701 635 2746 interpretari
660 2705 706 2738 ait
739 2705 914 2741 Brunner.
939 2706 982 2740 ad

1663 1250 1723 1285 ¹7⁰

1055 1366 1240 1412 Palaephat.
1265 1380 1336 1413 cap.
1365 1368 1406 1402 32
1422 1381 1432 1409 3
1457 1374 1492 1403 et
1518 1368 1565 1403 ita
1586 1369 1724 1403 dextera

1057 1421 1199 1454 Coesaris
1211 1419 1375 1465 capienda
1387 1446 1396 1464 ,
1411 1420 1447 1454 in
1465 1420 1583 1466 Elegia
1594 1420 1631 1455 in
1649 1420 1725 1455 obi-

1054 1477 1130 1505 tum
1154 1471 1372 1514 Maecenatis,
1398 1473 1446 1515 14.
1462 1471 1574 1506 Simili
1589 1472 1723 1507 ratione

1053 1522 1184 1557 Lucian
1188 1536 1226 1557 us
1233 1523 1270 1557 in
1281 1524 1436 1557 Mercede
1447 1525 1621 1558 conductis
1629 1523 1722 1563 dicit,

1052 1575 1202 1617 Regibus
1219 1586 1293 1608 esse
1305 1577 1421 1618 plures
1442 1577 1574 1617 oculos,
1593 1575 1672 1621 quia
1690 1582 1726 1609 et

1051 1637 1115 1669 per
1127 1625 1315 1669 ministros,
1333 1626 1391 1670 qui
1402 1626 1493 1671 apud
1505 1627 1626 1662 Persas
1636 1629 1730 1662 oculi

1051 1682 1087 1709 et
1116 1688 1213 1710 aures
1244 1677 1332 1722 regis
1356 1676 1560 1712 dicebantur
1570 1703 1580 1721 ‚
1606 1678 1724 1713 omnia

1054 1726 1118 1761 illis
1134 1726 1307 1772 explorata
1330 1735 1420 1762 sunt.
1444 1728 1573 1763 Eunu.

1098 1778 1169 1812 168.
1192 1780 1335 1812 Justius.
1370 1778 1528 1824 Quidam
1561 1778 1694 1816 codices
1711 1807 1721 1824 ,

1041 1829 1180 1873 fhrlius.
1207 1830 1308 1864 Prius
1331 1836 1381 1864 est
1402 1831 1668 1876 praeserendum.

1098 1880 1169 1927 159.
1198 1883 1277 1924 Qua·
1285 1881 1396 1925 juvat.
1417 1884 1518 1926 Quod
1512 1883 1626 1927 juvat,
1641 1883 1724 1918 Ber-

1050 1944 1177 1966 nensls.

1099 1995 1169 2029 170.
1185 1983 1420 2029 Dedtlrsesuit.
1430 1986 1539 2027 Foret,
1552 1987 1724 2022 nonnulli.

1052 2034 1181 2070 Sensus
1192 2042 1242 2070 est
1250 2035 1263 2079 ,⁴
1271 2036 1522 2081 impedimento
1533 2045 1584 2072 est
1593 2064 1602 2082 ,
1618 2045 1652 2073 et
1660 2050 1724 2073 no-

1055 2094 1110 2121 cet
1122 2087 1207 2121 mihi
1219 2088 1337 2133 gloria,
1346 2100 1422 2133 quae
1432 2089 1555 2132 obstat,
1567 2102 1612 2124 ne
1618 2091 1723 2126 victas

1053 2139 1113 2173 tibi
1125 2152 1248 2173 manus
1260 2139 1340 2173 dem
1348 2152 1356 2173 ε
1364 2147 1398 2174 et
1406 2140 1528 2175 melius
1536 2141 1653 2176 suisset
1664 2155 1722 2188 me

1051 2190 1123 2234 jam
1132 2191 1214 2224 olim
1222 2191 1354 2225 furtivis
1362 2192 1534 2227 amoribus
1545 2201 1722 2238 operatam

1050 2242 1164 2285 fuisse,
1175 2249 1210 2276 et
1220 2242 1389 2287 decepisse
1400 2255 1571 2288 rumores,
1584 2257 1668 2289 quos
1678 2245 1722 2281 de

1051 2306 1130 2327 mea
1146 2293 1307 2339 pudicitia
1321 2293 1479 2330 homines
1491 2295 1697 2331 disserebant
1708 2323 1720 2340 ,

1050 2345 1259 2390 fidelemque
1271 2345 1384 2379 virum
1396 2346 1522 2381 lusisse.
1537 2348 1668 2383 HEINS.
1677 2367 1721 2374 —

1053 2397 1172 2441 Quare
1176 2398 1274 2441 soret
1282 2398 1433 2433 retineo:
1442 2399 1489 2433 ita
1499 2402 1611 2434 seculo
1620 2402 1720 2434 verba

1049 2452 1139 2484 dare.
1151 2450 1273 2485 Senec.
1285 2450 1391 2496 Epist.
1402 2452 1453 2486 88.
1464 2452 1594 2487 BURM.
1611 2455 1721 2488 Verba

1050 2504 1131 2535 dare
1148 2529 1157 2543 ,
1183 2503 1336 2547 primum
1366 2504 1508 2548 quidem
1527 2511 1577 2539 est
1597 2507 1716 2545 verba,

1049 2565 1111 2597 pro
1137 2556 1233 2587 rebus
1255 2554 1336 2589 dare
1352 2569 1361 2597 ;
1389 2556 1561 2600 promissis
1576 2555 1689 2590 fallere
1709 2569 1719 2591 :

1048 2604 1174 2639 deinde
1185 2631 1195 2649 ,
1211 2606 1370 2640 universe
1373 2607 1502 2651 sallem
1512 2634 1521 2648 ,
1535 2614 1607 2641 tam
1623 2609 1718 2641 rebus

1046 2663 1082 2689 et
1097 2657 1192 2691 sactis
1206 2683 1216 2700 ,
1245 2670 1350 2702 quam
1370 2661 1499 2700 verbim
1518 2658 1639 2694 eximie
1659 2659 1717 2693 la-

1046 2708 1154 2742 tendo
1175 2709 1303 2746 fallere.
1334 2710 1492 2746 Lunum».
