1884 3112
326 252 410 312 372

771 253 1123 299 EPISTOLA
1161 256 1273 302 XX.

388 342 543 392 Dicere
564 361 644 392 nec
665 362 870 409 possum,
896 346 1003 412 quid
1025 347 1172 395 minus
1196 349 1290 414 ipse
1312 347 1452 399 velim.

323 423 527 470 Maceror
550 421 792 480 interdum,
821 423 942 488 quod
967 424 1050 472 sim
1073 425 1154 472 tibi
1176 443 1303 474 causa
1328 426 1534 486 dolendi3

1674 443 1735 477 125

385 501 536 565 Teque
559 517 654 546 mea
673 498 772 547 laedi
795 499 1029 549 calliditate
1049 513 1175 567 puto.

321 578 375 625 In
396 588 529 643 caput
550 576 642 624 haec
663 587 867 624 nostrum
892 577 1079 627 dominae
1102 579 1316 645 perjuria,
1340 600 1508 648 quaeSO,

387 654 604 702 Eveniant
629 673 638 700 :
658 672 789 720 poena
811 665 905 701 tnta
927 655 985 702 sit
1007 655 1083 703 illa
1103 675 1210 704 mea.
1563 653 1566 656 ⁴

321 731 387 780 Ne
409 743 555 779 tamen
577 730 800 793 ignorem,
823 732 930 797 quid
952 732 1074 794 agas,
1101 733 1156 780 ad
1177 733 1328 784 limina
1346 736 1500 785 crebro
1526 761 1528 764 ·

385 808 558 856 Anxius
579 808 666 856 huc
685 807 791 856 illuc
813 808 1141 857 dissimulanter
1162 829 1226 858 eo.
1279 838 1284 843 ’

1678 829 1738 862 130

320 884 580 950 Subsequor
604 882 806 931 ancillam
829 884 981 931 furtim
1000 884 1287 946 famulumve,
1311 890 1540 954 requirens

385 960 641 1009 Profuerint
662 960 808 1008 somni
822 960 941 1025 *quid
965 961 1069 1019 tibi,
1096 962 1255 1026 quidve
1278 963 1380 1011 cibi.

320 1042 396 1088 Me
419 1038 648 1087 miserum!
678 1037 799 1102 quod
819 1056 913 1084 non
933 1036 1204 1086 medicorum
1221 1039 1342 1103 jussa
1364 1042 1566 1090 ministro
1582 1079 1597 1101 ‚

323 1163 327 1167 .
384 1115 652 1180 Effingoque
675 1133 830 1162 manus
844 1151 855 1173 ,
881 1114 1141 1182 insideoque
1164 1119 1289 1165 toro!

368 1271 382 1292 1
388 1258 438 1300 24.
452 1257 577 1290 Dicere
585 1267 647 1290 nec
650 1267 787 1305 passum
799 1256 1000 1300 quodminus

321 1322 396 1344 esse
416 1311 526 1343 velim.
557 1309 649 1351 Quid
667 1310 776 1341 minus
790 1310 863 1351 ipse
878 1310 997 1349 velim,

322 1364 524 1398 Puteaneus
560 1368 595 1395 et
623 1360 679 1395 alii
706 1373 747 1395 ex
775 1360 977 1395 melioribus
990 1371 1000 1393 :

316 1419 445 1460 possim
461 1421 629 1460 praeterea
644 1412 843 1459 legendum.
867 1413 1001 1447 Hnms.

371 1468 442 1501 125.
465 1466 625 1500 Maceror
634 1467 797 1499 interdum
809 1471 874 1499 etc.
888 1464 935 1499 Et
945 1464 1002 1499 hic

322 1519 455 1555 Noster
463 1517 719 1552 Callimachum
725 1516 894 1562 sequitur,
903 1516 1001 1561 cujus

321 1571 445 1616 fragm.
459 1570 553 1604 inter
567 1568 761 1603 Bentleian.
781 1578 914 1602 ccxxnt
927 1578 936 1600 z

323 1629 414 1672 Λῗρος
429 1624 484 1667 ἐγὼ
494 1648 503 1665 ,
520 1627 552 1657 τὶ
569 1626 599 1656 δέ
614 1637 662 1656 σοι
671 1619 751 1656 τίνα”’
761 1622 885 1660 ἔτι-ἔθηκα
897 1621 1000 1667 Ῡᾶθονς

322 1687 430 1721 quem
441 1672 616 1730 yerbatim
628 1671 791 1716 expressit
804 1670 1001 1705 Aristenae—

322 1733 378 1761 tus
393 1739 400 1760 Ζ
413 1732 446 1761 Ω.
477 1729 629 1768 δυστυχὴς
654 1725 719 1767 ε’γὼ·
735 1729 767 1758 τὶ
789 1727 821 1757 δὲ
838 1738 886 1757 σοι
902 1728 1002 1757 τοῦτον

323 1782 431 1823 ἐπῆγον
443 1780 491 1812 τὸν
502 1779 598 1824 φέὸονς
609 1793 653 1801 -—-
664 1775 1001 1808 Maceron’nterdum.

325 1827 554 1865 Grammatici
567 1826 708 1872 quidam
718 1852 727 1869 ,
743 1825 829 1859 dum
840 1827 1006 1859 macerari

322 1882 471 1916 verbum
486 1879 598 1925 prima
611 1883 770 1922 correpta
782 1877 1002 1922 pronuntiari

324 1946 422 1980 posse
432 1929 654 1967 contendunt
664 1956 673 1973 ,
685 1929 894 1964 versiculum
909 1929 1003 1963 hune

324 1981 591 2030 ingeniosissimi
622 1981 708 2015 vatis
741 1980 1003 2015 contaminave-

325 2043 411 2071 runt
429 2061 439 2080 ,
474 2047 547 2069 non
558 2064 564 2067 .
577 2033 796 2068 advertentes
824 2033 1003 2067 inversum

325 2101 398 2123 esse
415 2087 605 2122 verborum
618 2084 781 2119 ordinem
790 2110 799 2128 ,
818 2091 853 2118 et
863 2084 911 2118 sic
921 2097 1003 2118 res-

325 2138 527 2175 tituendum
536 2163 546 2181 ,
557 2144 597 2171 ut
604 2148 668 2171 nos
675 2135 947 2171 emendavimus.
960 2135 1001 2169 E.

373 2204 444 2236 ¹²7·
467 2191 568 2234 Inque
583 2192 687 2232 capul
706 2192 862 2222 nostrum.
885 2188 927 2221 In
942 2200 1003 2221 ca-

321 2247 387 2287 put
395 2246 557 2281 nostrum,
575 2241 784 2274 Puteaneus.
796 2238 865 2272 Alii
881 2239 1001 2282 multi,

323 2298 362 2329 ιἰι
377 2296 480 2338 caput
492 2296 530 2327 et
542 2295 689 2326 nostram
710 2304 720 2324 .·
744 2290 829 2324 alter
852 2291 1003 2324 Mente—-

325 2346 439 2381 lianus
448 2371 457 2389 ,
475 2348 511 2378 et
520 2347 624 2388 capul
637 2346 692 2376 est
705 2346 861 2376 nostrum.
885 2341 980 2386 Lego
991 2367 1002 2385 ,

326 2402 362 2432 in
384 2401 488 2441 caput
506 2409 528 2430 o
551 2399 698 2429 nostrum
723 2407 733 2428 .’
762 2407 845 2428 narn
870 2394 908 2427 in
930 2406 1003 2428 uno

328 2448 541 2485 Farnesiano
554 2473 564 2490 ‚
582 2449 646 2481 boc
662 2450 808 2480 nostrum
817 2459 830 2489 ,·
857 2445 1005 2479 Gottor—

327 2505 493 2552 phianus,
515 2505 585 2536 hoec
603 2506 766 2541 nostrum,
785 2501 821 2534 in
837 2513 919 2545 quas
934 2513 1004 2534 vo-

329 2571 385 2592 ces
400 2560 443 2593 To*
467 2569 488 2590 o
512 2567 600 2599 saepe
627 2553 850 2599 degeneravit
861 2579 871 2596 ‚
895 2559 934 2586 ut
961 2551 1004 2585 ad

330 2607 523 2653 Epistolam
529 2606 679 2652 primam
687 2632 695 2645 ‚
708 2617 794 2638 vers.
805 2616 862 2638 101
875 2630 884 2647 ,
894 2618 926 2638 ν.
934 2605 965 2637 d.
976 2616 1004 2638 s.

329 2678 373 2684 —-
381 2659 503 2693 Graeca
514 2656 728 2703 imprecatio,
741 2655 831 2701 apud
843 2667 928 2699 quos
934 2655 1006 2688 sre—

331 2718 481 2755 quenter
520 2709 667 2744 occurrit
685 2735 694 2749 ,
735 2706 1005 2751 Aristophanem

332 2762 522 2807 prm-sertim
544 2787 553 2803 ,
604 2764 646 2798 εἰς
670 2764 798 2803 κεφαλὴν
824 2774 882 2793 σοι.
912 2757 970 2792 SIC
994 2783 1002 2801 ,

1070 1257 1265 1304 Trausfhrre
1279 1262 1433 1305 pericula
1447 1265 1484 1297 in
1504 1266 1608 1307 caput
1622 1275 1716 1298 suum
1725 1289 1736 1303 ‚

1064 1310 1156 1355 apud
1167 1311 1282 1347 Valer.
1297 1313 1511 1358 Maximum,
1521 1314 1577 1349 lib.
1585 1315 1616 1349 it
1625 1313 1644 1359 ,'
1652 1328 1680 1350 c.
1688 1326 1736 1350 lv.

1064 1362 1186 1397 Posset
1202 1370 1236 1398 et
1250 1365 1403 1410 restitui,
1424 1367 1479 1401 Di
1487 1369 1597 1412 capiti
1605 1372 1736 1410 nasim,

1064 1413 1158 1458 quod
1171 1415 1274 1449 malo.
1291 1417 1424 1453 HEINS.

1111 1465 1182 1499 130.
1205 1467 1477 1513 Dis-simulanter.
1500 1470 1555 1506 Ita
1573 1477 1609 1511 et
1625 1471 1739 1521 primo

1063 1515 1152 1557 fibro
1168 1517 1246 1552 Art.
1263 1518 1344 1553 Am.
1362 1522 1425 1563 488
1443 1532 1452 1554 ι
1600 1528 1602 1530 >
1656 1509 1662 1528 '

1096 1572 1229 1596 Lecticam
1240 1572 1350 1599 domiue
1359 1573 1553 1608 dissimulanter
1562 1578 1616 1604 ndi.

1064 1620 1142 1653 Huc
1158 1621 1241 1654 illuc
1260 1633 1344 1655 vero
1363 1627 1464 1657 notat
1483 1624 1741 1664 deambulatio—

1064 1683 1170 1713 nem,
1197 1683 1274 1715 quse
1299 1684 1373 1706 non
1395 1672 1439 1707 ad
1463 1681 1599 1710 certum
1623 1676 1741 1712 locum

1063 1721 1275 1765 instituitur,
1297 1723 1357 1759 sed
1381 1737 1491 1769 quum
1511 1739 1600 1773 saepe
1615 1729 1740 1764 eadem

1064 1773 1171 1818 spatia
1181 1774 1325 1808 facimus
1336 1800 1346 1817 ,
1369 1782 1404 1810 et
1422 1775 1529 1812 animi
1547 1791 1646 1814 causa
1661 1787 1742 1815 tan-

1065 1831 1142 1858 tum
1169 1824 1405 1871 ambulamus,
1430 1835 1470 1862 ut
1498 1830 1714 1868 ambulemus
1731 1847 1741 1868 :

1065 1882 1106 1910 ut
1129 1876 1219 1921 apud
1246 1877 1391 1912 Terent.
1417 1879 1545 1915 Heaut.
1571 1891 1618 1916 111
1629 1909 1640 1927 ,
1669 1884 1742 1920 1'11.

1066 1928 1142 1962 Abi
1151 1929 1398 1964 deambulatum
1412 1943 1497 1965 sane
1508 1936 1600 1968 istac
1608 1961 1618 1975 ,
1635 1938 1741 1971 istor-

1065 1993 1154 2021 sum,
1173 1986 1296 2026 quom:
1314 1981 1444 2017 Bunm.

1114 2033 1184 2067 131.
1208 2034 1402 2077 acquirens.
1421 2034 1490 2069 Alii
1502 2062 1512 2079 ,
1535 2040 1670 2082 requIm.
1691 2039 1743 2076 H.

1109 2084 1184 2133 132.
1205 2083 1332 2128 Quidve
1341 2087 1419 2119 cibi.
1441 2087 1518 2121 Sive
1528 2091 1611 2130 cibi,
1633 2090 1741 2127 Bern.

1114 2135 1184 2179 134.
1208 2137 1431 2182 Astringoque
1445 2150 1572 2173 manus.
1588 2141 1744 2188 Effingo-

1066 2199 1128 2231 que
1139 2214 1148 2227 ,
1174 2187 1372 2222 Puteaneus
1389 2195 1425 2223 et
1441 2190 1495 2224 alii
1514 2203 1643 2238 magno
1664 2207 1741 2229 nu-

1067 2250 1167 2273 mero
1176 2264 1185 2282 ,
1197 2251 1278 2273 cum
1290 2240 1400 2285 prima
1411 2240 1562 2277 editione
1574 2256 1583 2278 t
1602 2244 1742 2292 elegan-

1067 2296 1122 2324 ter
1138 2302 1146 2324 :
1170 2297 1205 2325 et
1219 2291 1266 2325 sic
1286 2291 1400 2336 paullo
1417 2300 1496 2338 post
1510 2319 1520 2337 ,
1542 2297 1602 2330 ille
1623 2309 1743 2333 manus

1067 2345 1155 2375 islas
1168 2342 1318 2387 effingit:
1335 2355 1416 2377 cum
1426 2345 1549 2379 iisdem
1559 2347 1742 2385 codicibus.

1069 2393 1132 2428 Est
1140 2400 1260 2427 autem
1269 2394 1441 2439 effingere,
1457 2396 1654 2433 demulcere
1665 2427 1674 2444 ,
1690 2400 1742 2435 le·-

1068 2446 1157 2479 viter
1171 2452 1306 2491 tergere
1321 2454 1382 2481 :ut
1397 2448 1488 2492 apud
1507 2448 1681 2486 Catonem
1695 2451 1740 2487 de

1070 2498 1112 2532 R.
1130 2498 1173 2532 R.
1193 2507 1334 2533 chvn:
1351 2499 1508 2534 micinas
1526 2507 1667 2547 spongia
1686 2503 1742 2547 es-

1056 2552 1195 2595 fingass
1209 2549 1303 2594 quod
1312 2551 1491 2586 aemulatus
1504 2551 1628 2588 Cicero
1637 2579 1647 2598 ,
1660 2566 1740 2588 ora-—

1069 2602 1164 2635 tione
1180 2614 1244 2646 pro
1260 2602 1377 2637 Sextio
1392 2616 1463 2648 cap.
1480 2605 1522 2638 35
1538 2615 1547 2637 z
1563 2605 1740 2650 quomodo

1070 2660 1105 2687 et
1129 2655 1291 2696 plaudere
1320 2667 1384 2700 pro
1407 2657 1549 2700 palpare
1571 2656 1742 2695 dicebant.

1071 2704 1236 2740 Afranius

1069 2760 1174 2787 Accede
1184 2762 1216 2787 nd
1230 2767 1253 2787 te
1263 2781 1271 2793 ,
1282 2768 1310 2789 ut
1321 2762 1369 2791 tibi
1382 2764 1507 2790 cervicem
1509 2763 1615 2796 fingam
1626 2763 1714 2788 linteo.
