1884 3112
298 249 357 310 94
647 250 978 297 SIDRONII
1020 254 1364 299 HOSSCHII

293 343 362 390 Ex
383 341 479 414 his,
506 361 620 408 quos
640 361 876 401 memoras,
902 342 1029 408 cujus
1051 343 1196 409 placet
1218 345 1391 395 exitus?
1414 357 1490 395 aut
1513 347 1635 414 quod

359 417 595 480 Flagitium
618 417 734 467 lente
757 437 889 485 poena
911 431 1060 468 secuta
1081 420 1202 469 fuit?

296 496 467 544 Arserit
484 495 688 548 ,OEnides
711 496 758 545 in
783 496 990 546 Maenalia
1012 497 1240 556 Atalanta;

360 572 508 620 Prima
530 572 786 639 sepulcralis
809 573 881 622 fax
903 573 989 622 fuit
1012 573 1088 623 illa
1110 575 1232 638 rogi;
1648 566 1715 625 '220
1776 567 1778 575 ¹

295 649 451 698 Infelix
474 650 645 715 juvenis
667 651 833 717 pariter
855 671 955 700 cum
978 663 1095 701 torre
1118 652 1333 715 flagrabat
1352 673 1363 701 :

358 729 470 776 Tam
491 729 639 777 miseri
661 740 802 778 mater
824 728 992 778 funeris
1016 741 1172 779 auctor
1194 741 1298 778 erat.

295 804 442 853 Mater
465 817 557 854 erat
577 825 587 853 :
607 805 716 872 quid
738 805 797 864 si,
824 806 946 872 quod
969 817 1018 855 tu
1040 806 1174 866 mihi,
1199 807 1410 864 Phaedra,
1435 806 1629 855 fuisset?

359 882 455 931 Ah!
483 901 565 945 ego
590 882 652 930 sic
676 882 828 948 potius
852 883 936 931 sim
959 884 1045 932 tibi
1067 884 1262 943 flamma,
1288 904 1456 951 precor.

295 958 484 1007 Vulcani
505 971 733 1007 temerasse
758 971 906 1008 torum
928 979 1059 1027 quam
1076 961 1218 1011 nollet
1240 962 1436 1020 Adonis,
1653 978 1718 1012 225

359 1038 487 1084 Tunc
512 1056 649 1103 quum
671 1036 873 1086 fulminei
896 1038 1027 1087 dente
1049 1039 1234 1087 cadebat
1256 1040 1378 1106 apri!

294 1115 513 1163 Auroram
538 1112 786 1180 Cephalus;
813 1113 1060 1180 Cephalum
1082 1116 1277 1164 vindicta
1300 1127 1449 1164 secuta
1472 1127 1560 1173 est,

360 1192 481 1239 Dum
503 1189 660 1257 procul
683 1209 867 1238 uxorem
890 1190 1076 1257 credidit
1099 1210 1192 1240 esse
1214 1193 1363 1241 feram.

296 1268 516 1326 Credidit,
543 1279 588 1316 et
609 1267 747 1316 misso
770 1268 893 1333 rupit
915 1268 1162 1334 praecordia
1185 1267 1273 1316 telo
1293 1288 1302 1316 :

359 1344 510 1393 Exitio
534 1343 668 1392 unius
691 1342 853 1392 vulnus
876 1345 1057 1411 utrique
1077 1345 1176 1393 fuit.
1653 1362 1716 1395 230

295 1423 359 1471 At
382 1434 429 1470 tu
444 1459 456 1480 ,
482 1421 520 1470 si
543 1421 691 1487 pudor
714 1433 800 1479 est,
826 1420 1038 1488 exemplis
1063 1420 1227 1470 talibus
1250 1422 1317 1470 uti

363 1500 499 1548 Parce
522 1518 532 1546 :
552 1498 702 1560 fugam
725 1497 900 1546 sceleris
914 1535 926 1555 ,
952 1517 1046 1545 non
1069 1498 1211 1546 scelus
1233 1498 1309 1547 illa
1332 1498 1504 1547 docent.

296 1578 435 1627 Poena
457 1595 602 1625 comes
627 1575 767 1642 culpae
792 1587 887 1623 est:
909 1587 1058 1641 specta
1071 1576 1207 1623 modo
1223 1576 1398 1639 singula
1416 1597 1426 1625 ε
1445 1595 1673 1643 nunquam

361 1656 568 1721 Impuros
593 1653 750 1702 claudo
776 1653 939 1701 deserit
961 1652 1037 1701 illa
1059 1651 1184 1718 pede.

295 1734 440 1781 Nemo
463 1750 628 1780 nocens
653 1731 835 1797 impune
858 1729 946 1777 fuit
965 1750 976 1778 :
1000 1729 1038 1777 si
1062 1740 1217 1777 caetera
1241 1728 1406 1787 desint,
1439 1758 1441 1761 ·
1655 1744 1718 1777 235

363 1811 494 1857 Mens
519 1809 607 1857 sibi
631 1807 785 1856 delicti
803 1807 980 1855 conscia
1001 1825 1133 1872 poena
1156 1824 1234 1853 sua
1257 1817 1336 1854 est.

298 1887 371 1935 Sic
394 1887 501 1935 mihi
526 1905 610 1953 pro
634 1884 826 1933 stimulis
850 1884 996 1943 addis,
1022 1883 1302 1942 stultissima,
1327 1883 1500 1933 frenos:
1573 1920 1575 1922 -

364 1967 424 2013 Et
444 1984 534 2023 me,
559 1983 615 2012 ne
638 1963 794 2012 faciam
818 1961 940 2029 quod
962 1962 1099 2028 petis,
1126 1962 1223 2028 ipsa
1244 1981 1409 2010 mones.

300 2044 408 2090 Esse
432 2054 562 2109 putas
586 2041 774 2107 aliquid,
801 2041 839 2089 si
862 2040 1039 2088 fiatrem
1062 2041 1183 2087 Juno
1207 2039 1436 2105 virumque

364 2122 453 2168 Det
476 2120 581 2178 tibi,
609 2118 731 2186 quod
752 2137 821 2166 me
846 2118 906 2166 sis
927 2116 1219 2183 praepositura
1239 2115 1354 2163 Jovi.
1651 2130 1716 2174 240

300 2198 362 2245 At
383 2198 493 2245 mihi
517 2198 555 2246 si
577 2196 645 2245 vel
669 2208 732 2254 te,
757 2194 826 2243 vel
846 2195 1043 2260 Erinnya
1061 2192 1229 2241 nubere
1251 2203 1382 2254 cogat

364 2275 559 2340 Jupiter,
584 2273 689 2321 huic
714 2272 854 2320 dicam
873 2291 883 2319 z
901 2272 1001 2328 Me,
1028 2271 1123 2318 Dea
1146 2269 1306 2327 tristis,
1329 2267 1458 2318 habe.

300 2353 407 2399 Fata
431 2351 539 2416 quid
562 2351 770 2399 accusas?
794 2349 842 2397 Si
865 2348 931 2396 vis
949 2366 1000 2396 ea
1015 2347 1209 2405 vincere,
1233 2345 1394 2397 vinces.

366 2427 608 2476 Praetendis
632 2427 740 2475 vitio
765 2425 947 2474 nomina
968 2443 1079 2472 vana
1100 2435 1193 2471 tuo.

304 2504 394 2551 Cur
416 2505 599 2562 metuis,
625 2523 804 2561 vesana,
828 2520 984 2569 parum
1008 2501 1182 2548 Minoia
1204 2499 1357 2548 credi?
1655 2511 1719 2555 245

368 2581 523 2628 Cur-ve
548 2580 694 2638 times,
720 2591 771 2628 ut
794 2580 854 2628 sis
878 2577 1066 2626 dedecus
1089 2577 1185 2643 ipsa
1207 2576 1331 2623 tuis?

304 2658 425 2704 Pone
449 2670 615 2705 metum
639 2670 809 2714 tamem
833 2668 885 2705 ut
907 2655 1053 2722 possis
1077 2653 1251 2701 Minoia
1273 2650 1412 2708 credi,

369 2734 506 2797 Quod
528 2735 643 2800 petis
665 2755 689 2782 a
710 2734 865 2793 nobis,
891 2733 977 2788 hoc
1001 2732 1192 2782 voluisse
1218 2742 1285 2779 sat
1309 2740 1386 2780 est.

1865 628 1884 963 ,Akm-¹;&4⁴AL**—„ss.ssame¹
1875 584 1884 612 ·-—
1872 554 1875 556 ¹
1873 510 1881 515 ι
