1884 3112
581 235 860 282 SAPPHO
900 236 1191 282 PHAONI.
1517 236 1604 300 267

162 330 263 380 Neu
283 347 365 378 vos
387 326 611 396 decipiant
631 328 808 379 blandae
829 329 1057 380 mendacia
1079 329 1270 394 linguae:
1561 346 1605 381 55

232 407 348 471 Quae
373 405 481 455 dicit
501 406 656 466 vobis,
683 406 854 457 dixerat
876 420 977 457 ante
996 408 1122 457 mihi.

144 539 145 542 Ἴ
166 482 240 533 Τιι
264 501 470 551 quoque,
497 502 595 551 quae
616 496 793 534 montes
818 484 1040 543 celebras,
1065 484 1278 553 Erycina,
1305 483 1510 543 Sicanos,

233 561 349 610 Nam
372 572 450 610 tua
473 580 595 620 sum,
620 563 710 611 vati
734 561 940 620 consule,
967 562 1105 621 Diva,
1130 574 1229 610 tuae.

167 639 243 688 An
267 639 412 703 gravis
433 639 663 707 inceptum
685 640 861 707 peragit
882 641 1085 689 Fortuna
1108 651 1330 699 tenorem,

234 717 296 764 Et
316 728 467 765 manet
488 716 536 764 in
560 735 692 765 cursu
718 735 891 783 semper
914 717 1075 766 acerba
1098 718 1214 765 suo?
1561 731 1606 764 (io

168 791 258 843 Sex
279 793 392 842 mihi
414 791 582 842 natales
604 793 769 853 ierant,
791 814 930 861 quum
953 794 1065 844 lecta
1082 794 1279 862 parentis

230 870 352 919 Ante
375 869 492 919 diem
514 869 716 920 lacrimas
740 890 844 920 ossa
860 872 1019 922 bibere
1042 891 1175 922 meas.

164 948 294 998 Arsit
314 948 449 1016 inops
470 948 626 1008 frater,
651 949 796 999 victus
817 950 1062 999 meretricis
1086 968 1260 1008 amore;

229 1026 463 1094 Mixtaque
487 1046 590 1076 cum
614 1028 737 1095 turpi
760 1027 921 1078 damna
942 1028 1118 1096 pudore
1142 1027 1260 1077 tulit.

162 1145 404 1183 excellentiam
413 1153 537 1183 vocata
549 1154 639 1189 νῆσος
647 1154 683 1182 et
694 1152 793 1187 νᾶσος.
809 1147 850 1184 L.

207 1201 262 1235 55.
269 1201 346 1235 Neu
355 1213 418 1236 vos
428 1202 604 1245 decipiant
612 1202 745 1235 blandae
755 1214 851 1236 men-

161 1253 267 1287 dacia
283 1255 418 1298 lingue.
442 1252 557 1288 Causa
571 1279 582 1297 ,
606 1266 670 1288 cur
686 1253 812 1289 Phaon
831 1267 851 1289 a

164 1304 289 1340 Siculis
302 1305 509 1342 mulieribus
531 1305 754 1355 recipiendus
774 1319 849 1341 non

163 1357 218 1392 sit.
241 1357 347 1394 Cxor.

209 1411 263 1456 57.
291 1412 343 1446 Tu
359 1425 502 1458 quoque,
521 1425 595 1457 quae
607 1416 748 1447 montes.
762 1412 851 1448 Haec

163 1474 184 1496 a
199 1462 398 1510 Naugerio:
411 1477 496 1499 nam
509 1465 622 1500 nostri
635 1477 772 1508 omnes,
785 1468 851 1499 im-

162 1518 264 1550 mites
282 1517 441 1559 Sicanos,
471 1524 512 1552 ut
527 1517 570 1552 ad
588 1517 722 1552 Palicos
738 1518 851 1563 respi-

161 1567 229 1604 ciat
239 1593 250 1612 ,
272 1569 334 1615 qui
347 1569 512 1604 humanis
527 1569 648 1604 hostiis
662 1569 850 1616 placaban—

161 1627 232 1656 tur.
248 1620 323 1658 sea
337 1629 478 1669 prostat
491 1620 715 1668 Naugeriana
731 1621 848 1667 lectio,

159 1679 202 1709 ut
216 1672 314 1722 Eryx
326 1674 625 1721 subintelligatur,
644 1687 664 1710 a
678 1687 749 1721 quo
763 1676 850 1723 Ery·

158 1728 241 1762 cina
263 1725 339 1762 bac
362 1726 442 1763 Dea
465 1726 557 1763 dicta
579 1734 632 1763 est
651 1727 782 1763 Poetis.
799 1727 849 1762 H.

158 1796 206 1805 ·—
227 1771 338 1816 Recte
366 1776 599 1816 emendatum
623 1785 787 1817 montes:
810 1787 849 1815 ut

160 1838 197 1867 et
216 1830 323 1868 habet
340 1832 513 1869 Francos.
524 1832 657 1871 codex.
674 1833 848 1879 templum

160 1883 259 1919 enim
287 1885 441 1922 Veneris
465 1885 630 1935 Erycinae
659 1886 697 1921 in
723 1894 848 1922 monte

160 1937 332 1982 positum3
347 1945 388 1974 ut
403 1937 570 1974 exhibent
586 1939 727 1974 nummi
741 1947 848 1974 vete-

160 1989 406 2036 res,quosvide
415 1990 508 2038 apud
515 1990 644 2027 Illustr.
655 1991 849 2051 Spanhem.

162 2040 308 2079 Dissert.
319 2055 359 2079 v1
371 2070 382 2088 ‚
399 2057 476 2091 pag.
490 2046 553 2091 577
565 2070 575 2088 ,
594 2042 637 2080 de
650 2044 850 2091 praestantia

105 2094 107 2098 '
161 2101 198 2130 et
212 2108 277 2131 usu
292 2096 623 2133 Numism.Bun1u.

206 2149 261 2183 58.
292 2151 382 2185 Nam
411 2153 471 2184 tua
490 2163 582 2190 sum,
608 2153 690 2184 vall
709 2152 848 2186 consule

163 2200 257 2236 Dim
265 2205 340 2236 tuae.
356 2202 382 2237 J
384 2215 447 2238 ure
456 2215 553 2238 suam
566 2202 695 2238 iterum
705 2203 849 2238 iterum·

162 2264 232 2298 que
248 2254 436 2300 praedicare
451 2263 591 2301 poterat
602 2284 612 2301 ,
643 2269 720 2302 quae
736 2263 848 2292 totam

162 2319 199 2342 se
222 2307 359 2343 Veneri
383 2308 432 2344 ita
461 2310 558 2356 quasi
583 2309 780 2354 addixerat,
807 2317 850 2346 ut

162 2359 222 2405 qui
251 2359 414 2404 amandi,
446 2369 483 2397 et
509 2361 650 2397 vivendi
675 2362 755 2398 finis
783 2364 847 2409 ipsi

159 2412 275 2447 suerit.
300 2413 452 2449 Veneris
479 2427 620 2460 quoque
651 2420 752 2450 vales
778 2415 847 2452 diei

159 2464 303 2510 debuit,
325 2478 404 2512 quae
432 2466 550 2502 Deam
580 2467 683 2503 toties
713 2475 749 2502 et
772 2475 846 2504 tarn

159 2516 266 2564 digne
288 2519 502 2555 carminibus
530 2519 768 2556 celebraverit.
792 2521 847 2557 Ut

160 2570 260 2606 enim
279 2571 443 2607 omittam
457 2571 565 2608 Oden
581 2573 847 2610 celeberrimam

160 2626 198 2658 in
221 2625 382 2659 Venerem
394 2652 404 2666 ,
422 2632 464 2660 ut
480 2638 558 2671 quae
573 2625 696 2661 lectori
709 2627 849 2662 erudito

160 2682 246 2712 nota
256 2677 337 2713 satis
349 2704 359 2722 ,
380 2678 465 2724 quid
478 2677 616 2714 suavius
626 2704 635 2722 ‚
655 2678 736 2724 quid
750 2678 850 2715 Ana-

160 2730 379 2766 creonticum
389 2731 511 2777 magis,
522 2738 582 2767 aut
592 2730 846 2778 Catullianum,

163 2794 269 2827 quam
286 2795 364 2830 quae
383 2792 601 2829 sequuntur:

1001 1154 1079 1187 Ελθέ
1096 1152 1197 1200 Κυπρι
1213 1166 1305 1200 χρυσέ
1294 1155 1407 1186 ιάισιν

1004 1213 1048 1241 Εν
1064 1209 1236 1240 κυλίκεσσιν
1254 1205 1355 1254 άέ[οἶς

1006 1259 1260 1302 Συμμεμιγμὲνσν
1278 1260 1417 1292 θαλίαισι

1005 1313 1123 1360 Nixi-xp
1139 1314 1317 1355 οινοχσοῦσα
1329 1335 1338 1352 ,

1005 1365 1152 1399 Τούτσισι
1171 1369 1234 1402 τΞις
1251 1365 1380 1413 ἑταίροις

1004 1424 1103 1462 Εμοῖς
1115 1432 1148 1461 γε
1165 1422 1219 1451 καὶ
1236 1423 1310 1454 σοῖς.

961 1469 1015 1517 59.
1044 1470 1216 1504 Tenorem.
1237 1465 1492 1502 Lincolniensis
1515 1467 1606 1500 Iaba-

916 1532 1006 1563 n‘m5
1027 1521 1089 1556 sed
1102 1521 1205 1555 male.
1224 1520 1334 1566 Epist.
1348 1531 1392 1554 111
1404 1545 1413 1562 ,
1434 1519 1475 1562 43
1491 1531 1498 1552 t

947 1577 992 1602 Λιι
1006 1577 1114 1603 miseros
1124 1576 1323 1602 tristisrsortuna
1335 1576 1467 1600 tenaciter
1479 1580 1562 1606 urget.

916 1621 970 1656 Ut
983 1620 1094 1667 Epist.
1106 1632 1162 1656 vn
1175 1647 1185 1665 ,
1209 1634 1223 1655 1
1232 1635 1270 1655 ια
1291 1632 1299 1654 :
1313 1619 1509 1654 Fatitenor.
1525 1618 1568 1653 Β.

959 1673 1013 1708 61.
1038 1674 1218 1708 Sexmffii
1240 1674 1377 1707 natales
1399 1675 1513 1706 ierant
1539 1678 1604 1706 etc.

915 1725 1120 1773 Septimum
1135 1727 1191 1761 vix
1208 1725 1317 1761 aetatis
1333 1737 1469 1759 annum
1487 1724 1607 1770 attige—

914 1793 1005 1824 ram,
1015 1793 1127 1826 quum
1135 1786 1273 1826 patrem
1282 1778 1390 1813 amisi.
1407 1778 1513 1813 Hanc
1519 1789 1606 1811 vero

913 1841 1067 1869 sentent.
1085 1845 1192 1879 quam
1206 1832 1385 1882 'eleganter
1396 1831 1583 1881 περιᾳράζει.

928 1901 930 1907 ·
957 1886 1012 1920 63.
1031 1887 1150 1921 Victus
1160 1886 1348 1920 memini-125
1360 1896 1484 1917 amore.
1506 1884 1606 1918 Vinc-

915 1942 971 1972 tus
982 1964 991 1982 ,
1010 1937 1120 1973 codex
1135 1937 1348 1972 VVittianus
1360 1963 1369 1976 ‚
1396 1948 1471 1970 non
1489 1934 1580 1970 male
1594 1949 1604 1977 ;

913 1990 974 2025 sed
984 1991 1142 2026 Lincoln.
1154 1989 1317 2026 Francos.
1324 1996 1360 2024 et
1368 1995 1520 2034 quatuor
1533 1987 1603 2032 alii,

914 2047 1036 2087 captus
1051 2056 1061 2077 .·
1079 2041 1174 2090 quod
1192 2042 1309 2077 verius
1321 2048 1408 2088 puto
1419 2068 1428 2085 ,
1441 2047 1477 2075 et
1493 2053 1606 2075 mere-

914 2095 1021 2131 triciis
1038 2093 1198 2139 fallaciis,
1225 2101 1262 2130 et
1281 2092 1450 2129 illecebris
1465 2106 1604 2128 conve-

914 2150 1079 2186 nientius.
1099 2148 1271 2185 Meretrix
1287 2160 1373 2182 vero
1390 2147 1444 2182 illa
1462 2148 1604 2181 Rhodo—

908 2206 967 2247 pis
983 2201 1181 2248 dicebatur,
1210 2209 1298 2237 teste
1315 2199 1504 2236 Herodoto
1517 2227 1526 2245 ,
1548 2211 1578 2234 11
1592 2227 1603 2244 ,

918 2254 980 2290 135
993 2269 1001 2298 ;
1019 2268 1188 2291 conserva
1202 2252 1325 2300 AEsopi
1335 2280 1345 2298 ,
1360 2259 1396 2288 et
1406 2266 1424 2287 a
1440 2252 1603 2288 Charaxo

914 2321 1043 2353 magna
1061 2308 1208 2354 pecunia
1219 2306 1398 2342 redemta:
1413 2305 1508 2340 unde
1521 2319 1605 2351 pos-

913 2374 1034 2396 sumus
1056 2360 1249 2406 intelligere
1264 2387 1274 2405 ,
1298 2373 1362 2395 cur
1384 2359 1530 2393 fratrem
1558 2358 1602 2393 ad

912 2417 1061 2459 inopiam
1077 2411 1259 2460 delapsum
1273 2411 1418 2459 Sappho
1434 2411 1490 2446 hic
1509 2411 1602 2446 dicit.

914 2466 1107 2503 Athenaeus
1118 2480 1215 2511 vero,
1231 2465 1287 2501 lib.
1301 2476 1384 2508 xnr,
1401 2478 1473 2510 cap.
1486 2479 1514 2510 7.
1526 2465 1598 2498 Do-

911 2525 1016 2555 ricam
1048 2527 1208 2555 vocatam
1236 2518 1304 2561 ait;
1332 2517 1395 2554 sed
1422 2516 1552 2551 Dorica
1581 2529 1600 2549 a

912 2573 1023 2619 patria
1040 2572 1154 2619 potuit
1172 2571 1249 2607 dici.
1268 2591 1314 2598 --
1329 2570 1498 2607 Francius
1514 2582 1600 2603 nia-

912 2625 1026 2670 lebat,
1041 2630 1130 2661 arsit
1137 2639 1260 2661 amans
1262 2626 1399 2671 fralet:
1415 2621 1475 2659 sed
1487 2623 1576 2657 male
1591 2650 1600 2664 ‚

912 2687 952 2715 ut
961 2692 1001 2715 ex
1009 2678 1108 2714 dictis
1116 2685 1269 2725 apparet.
1278 2674 1602 2712 MeliusBrouklm-

912 2732 982 2767 sius
995 2759 1004 2776 ,
1037 2736 1125 2766 arsit
1144 2745 1264 2776 egens,
1293 2729 1374 2777 quia
1399 2740 1481 2764 mox
1497 2731 1595 2772 inops>

913 2784 1080 2831 sequitur.
1106 2784 1235 2820 BURM.
