1884 3112
308 292 364 324 20
848 274 905 316 A.
939 273 1172 338 SABIM

333 413 339 414 ⁷
367 369 537 432 Fregit3
563 386 654 415 non
677 365 857 414 tumidis
879 377 996 412 torta
1019 364 1434 431 Charybdisaquis3

302 449 406 496 Non
428 447 546 495 ferus
569 443 858 510 Antiphates,
884 460 965 490 neo
987 441 1035 489 in
1057 460 1148 490 uno
1173 461 1353 508 corpore
1377 442 1541 491 dissors
1659 455 1710 491 ..35

366 524 661 588 Parthenope,
686 518 863 568 blandis
884 518 1097 567 insidiosa
1113 518 1272 568 modis.

301 603 403 649 Non
428 599 547 665 quod
571 596 824 646 Colchiacas
847 607 961 644 artes
985 594 1215 643 tentaverit
1234 594 1406 653 herbis,

361 678 465 725 Non
489 675 610 742 quod
633 672 836 722 solennes
858 671 992 721 altera
1014 672 1127 720 Diva
1151 684 1287 720 toros.

299 758 495 819 Utraque
519 772 564 801 se
585 751 718 799 nobis
739 748 941 797 mortalia
965 748 1133 797 demere
1156 745 1229 796 fila

363 830 641 898 Spondebat3
668 827 841 894 Stygias
863 838 1048 892 utraque
1070 845 1200 892 posse
1224 827 1328 874 vias.
1657 842 1708 886 ,40

296 914 359 960 Te
383 923 548 966 tamen,
571 908 653 955 hac
676 906 806 955 etiam
827 916 973 971 spreta
994 904 1211 962 mercede,
1236 904 1389 970 petivi,

359 989 574 1036 Passurus
597 996 711 1032 terra
734 994 798 1030 tot
820 981 952 1039 mala,
978 992 1132 1047 totque
1155 980 1276 1028 mari.

289 1065 382 1114 Sed
406 1077 454 1112 tu
477 1062 664 1111 femineo
687 1080 805 1109 nunc
827 1060 976 1108 forsan
999 1059 1176 1106 nomine
1202 1069 1335 1115 tacta,

357 1144 462 1191 Non
486 1159 637 1189 secura
657 1138 775 1202 leges
799 1149 941 1186 cetera
960 1137 1092 1185 verba
1113 1154 1232 1192 mea;

296 1221 496 1285 Quaeque
519 1217 629 1266 mihi
654 1217 798 1274 Circe,
826 1233 923 1281 quae
946 1214 1004 1262 sit
1023 1213 1133 1260 mihi
1151 1231 1281 1260 causa
1303 1210 1516 1278 Calypso,
1660 1224 1703 1269 45

357 1295 623 1346 Jamdudum
645 1295 798 1357 ignoto
823 1290 1054 1340 sollicitere
1076 1301 1208 1338 metu.

294 1442 412 1469 tamen
438 1431 475 1465 in
503 1428 676 1465 Remedio
699 1426 839 1462 Amoris
865 1426 949 1472 537:

294 1486 424 1513 Praeterita
438 1489 531 1509 cautus
543 1481 649 1508 Niseide
663 1481 751 1506 navita
763 1479 865 1512 gaudet.

294 1536 341 1570 Et
354 1536 538 1570 Fastorum
551 1541 591 1565 1v
603 1556 612 1574 ‚
631 1531 705 1563 500.

293 1598 331 1622 Et
342 1603 388 1621 vos
399 1593 490 1624 Nisoei,
497 1589 620 1622 naufraga
628 1593 752 1619 monstro,
762 1596 844 1615 canes.
857 1584 963 1613 Hiznts.

334 1645 389 1679 35.
411 1641 592 1686 Nonferus
603 1639 817 1683 Antiphates.
830 1637 966 1684 Lestry-

295 1707 427 1743 gonum
437 1706 512 1735 rex,
523 1692 582 1736 qui
592 1701 705 1723 unum
717 1701 735 1722 e
747 1689 844 1722 sociis
857 1688 965 1722 Ulixis

294 1747 447 1785 comedit
455 1771 464 1788 ,
476 1754 650 1787 navesque
662 1739 965 1784 virosque‘mersit,

294 1807 421 1847 praeter
437 1808 514 1842 quae
527 1795 641 1840 ipsum
660 1791 788 1826 Ulixen
808 1790 964 1824 vehebat.

295 1853 421 1899 Odyss.
435 1857 465 1886 K
480 1875 489 1892 ‚
515 1847 586 1882 116.
599 1863 643 1871 -·-
654 1845 726 1879 Nec
749 1847 784 1878 in
806 1856 870 1877 uno
892 1855 967 1876 cor-

288 1919 370 1951 pore
382 1906 510 1939 discors
523 1900 742 1941 Parthenope.
762 1897 902 1930 Dissors
915 1906 967 1928 re-

295 1955 501 2004 ponendum
518 1965 527 1987 ε
546 1953 686 1990 dissors,
711 1946 805 1993 quod
824 1946 966 1981 diversae

295 2009 394 2045 sortis
408 2013 458 2041 est
471 2012 530 2039 aut
543 2009 677 2037 naturae
686 2027 695 2044 ,
709 1999 764 2034 cui
779 1997 967 2044 opponitur

294 2066 328 2098 τὸ
341 2070 485 2098 consors,
497 2068 563 2090 vox
575 2052 703 2089 ovidio
716 2051 849 2086 usitata.
862 2049 919 2084 Sic
931 2056 967 2084 et

292 2124 411 2149 exsors
426 2111 499 2145 sine
511 2114 601 2143 sorte
613 2132 621 2149 ,
640 2108 783 2149 ἄκληρος
797 2102 843 2136 ita
855 2114 967 2136 exsor-

295 2171 361 2200 tem
374 2166 528 2199 honorem
543 2157 633 2204 apud
649 2155 834 2202 Virgilium
854 2154 966 2187 inter-

1030 1425 1106 1459 vide
1122 1429 1154 1461 τὲ
1168 1439 1190 1459 a
1201 1425 1237 1459 in
1255 1424 1338 1459 duas
1352 1424 1500 1467 litteras,
1514 1431 1548 1458 et
1562 1423 1700 1458 habebis

1029 1481 1071 1511 σι’.
1089 1479 1177 1511 Cirte
1197 1489 1262 1521 pro
1286 1479 1390 1512 Circe.
1417 1475 1578 1510 Emenda
1598 1475 1702 1521 igitur

1028 1528 1144 1563 locum
1174 1528 1446 1563 turbatissimum
1477 1527 1545 1563 levi
1578 1534 1701 1562 muta-

1029 1579 1146 1614 fione:

1027 1641 1090 1665 Non
1103 1639 1174 1673 quod
1185 1638 1325 1665 Colchiacis
1340 1639 1413 1665 Circe
1422 1639 1558 1664 tentaverit
1565 1639 1661 1664 herbis.

1029 1688 1085 1722 De
1098 1688 1198 1722 Circe
1210 1688 1363 1732 profecto
1374 1687 1430 1721 hic
1440 1688 1493 1732 agi
1506 1700 1547 1722 ex
1556 1701 1701 1733 sequen-

1029 1740 1118 1774 tibus
1139 1737 1271 1784 liquido
1295 1746 1445 1784 apparet.
1466 1739 1588 1775 Altera
1609 1741 1701 1775 Dim

1029 1797 1080 1825 est
1099 1789 1256 1836 Calypso.
1274 1790 1406 1825 Hssms.

1074 1843 1125 1886 4ο.
1134 1843 1269 1888 Stygias
1274 1845 1512 1886 utraque-posse
1519 1845 1605 1877 vias.
1613 1841 1700 1878 Sub-

1028 1894 1196 1939 intelligas
1220 1906 1362 1928 necesse
1389 1900 1440 1929 est
1452 1920 1461 1937 ,
1487 1897 1617 1939 aperire
1641 1903 1700 1930 aut

1028 1949 1199 1981 secludere
1209 1945 1365 1980 vicissim.
1380 1945 1466 1990 Quo
1481 1946 1623 1991 quidem
1636 1959 1700 1992 po-

1028 1999 1094 2034 sito
1103 2025 1112 2041 ,
1124 1997 1275 2033 viderint
1287 1997 1379 2032 docti
1391 1997 1474 2043 quid
1485 1997 1699 2033 censendum

1031 2051 1073 2086 de
1087 2050 1151 2085 hac
1163 2049 1329 2095 loquendi
1339 2050 1468 2092 forma,
1481 2056 1516 2084 et
1530 2056 1699 2094 quatenus

1031 2110 1169 2150 poetam
1183 2102 1303 2137 deceat
1317 2127 1326 2145 ,
1340 2113 1444 2146 quem
1457 2113 1569 2135 aureae
1583 2101 1698 2136 latini·
1737 2129 1739 2131 .

1030 2155 1107 2190 tatis
1120 2154 1211 2189 aetati
1221 2153 1381 2188 libentius
1394 2152 1535 2198 quidam
1547 2153 1699 2200 adscrip-

295 2223 451 2263 pretatur
464 2211 621 2251 Servius;
633 2209 680 2244 sic
693 2219 837 2251 compar,
853 2207 972 2249 dispar
1028 2207 1146 2242 serim.
1158 2207 1231 2242 Nec
1248 2205 1437 2251 adprobem
1449 2205 1557 2252 magis
1569 2208 1698 2241 demere

295 2277 330 2304 et
349 2280 457 2312 separ.
477 2274 626 2308 separent
649 2273 763 2294 umam
787 2257 870 2292 dixit
889 2257 965 2291 Val.
1016 2261 1104 2305 fila,
1122 2258 1159 2292 in
1180 2270 1281 2291 versu
1304 2256 1522 2302 praecedenti.
1534 2276 1579 2283 —
1592 2258 1697 2302 Spon-

296 2321 436 2356 Flaecus
451 2318 508 2351 lib.
519 2327 561 2357 νς
581 2312 757 2359 quomodo
771 2318 805 2346 et
817 2323 965 2356 separent

293 2375 426 2407 ductum
442 2366 654 2404 Prudentius
673 2378 681 2399 ι
696 2363 868 2406 similiter,
884 2375 966 2397 con-

292 2438 374 2470 grex
388 2430 424 2458 et
435 2433 562 2466 segrex.
576 2419 686 2453 Error
696 2417 752 2451 hic
765 2417 965 2461 frequenter

296 2475 386 2522 apud
404 2474 553 2520 optimos
571 2478 726 2505 auctores
743 2467 942 2503 commissus
953 2492 963 2509 ,

295 2535 334 2562 ut
352 2530 479 2561 discors
499 2536 562 2570 pro
578 2525 703 2557 dissors
714 2521 846 2565 legatur
857 2545 866 2563 ,
880 2531 963 2554 voce

296 2591 418 2626 parum
431 2584 515 2612 nota
529 2576 704 2610 hactenus.
717 2573 848 2607 HEms.

332 2631 385 2664 36.
392 2626 694 2671 Parthenope.Una
703 2638 721 2659 e
732 2624 964 2658 sirenibus.—

297 2684 465 2718 Insidiosa
476 2682 592 2714 modis.
608 2678 730 2712 Mallet
736 2679 825 2710 notis
832 2675 963 2710 Douza.

340 2737 391 2783 37.
406 2736 482 2768 Non
491 2734 578 2777 quod
587 2732 784 2764 Colchz'acas
794 2732 885 2762 ades
895 2732 963 2761 ten-

297 2790 417 2822 {averit
428 2787 546 2820 herbis.
554 2783 637 2817 Arte
646 2780 769 2826 :prima
777 2780 895 2822 editio,
910 2778 964 2813 di-

1028 2312 1139 2344 debat.
1162 2307 1367 2355 Corrigebat
1392 2308 1558 2343 Heinsius
1571 2335 1580 2353 ,
1595 2321 1697 2354 spon-

1028 2364 1162 2396 debant.

1071 2414 1123 2457 44.
1156 2413 1287 2447 Caetera
1310 2413 1412 2446 verba
1434 2424 1519 2447 mea.
1552 2413 1606 2448 Ne
1634 2411 1697 2446 hac

1027 2472 1146 2499 nostra
1171 2463 1314 2509 quidem·
1336 2471 1434 2498 aetate
1449 2490 1458 2507 ,
1478 2464 1698 2509 quantumvis

1027 2517 1221 2552 litterarum
1253 2515 1476 2561 antiquarum
1500 2516 1671 2551 incuriosa
1686 2542 1695 2559 ,

1028 2569 1081 2603 vel
1111 2568 1190 2614 ipsis
1219 2568 1389 2603 tironibus
1422 2566 1695 2603 condonandum

1025 2621 1121 2655 istius
1135 2620 1229 2655 modi
1242 2620 1482 2656 hemistichon.

1070 2675 1122 2716 45.
1148 2675 1259 2708 Causa
1275 2674 1427 2718 Calypso.
1447 2673 1558 2706 Causa
1577 2671 1696 2706 Swar-

1027 2725 1136 2768 thius,
1155 2738 1195 2759 ex
1210 2724 1317 2758 veteri
1331 2723 1436 2764 libro;
1455 2736 1521 2758 nec
1542 2723 1692 2766 obnitor,

1026 2777 1091 2812 nisi
1105 2790 1184 2811 cura
1197 2777 1312 2812 mavis.
1327 2776 1458 2810 HEINS.
