1884 3112
314 284 367 311 22

855 268 912 312 A.
951 267 1189 314 SABINI

374 361 529 422 Fugit,
555 358 610 407 ab
636 358 838 425 amplexu
861 371 927 407 ter
949 359 1141 408 resoluta
1162 373 1281 409 meo:

316 436 603 503 Phyllaciden
625 436 738 493 vidi3
763 436 1027 501 contemptis
1050 437 1247 485 sortibus
1269 435 1343 486 ille

374 514 547 566 Primus
570 514 616 561 in
641 514 880 562 Hectoreas
902 510 1057 561 intulit
1081 532 1199 561 arma
1222 513 1395 561 domos·

307 591 430 640 Felix
454 591 628 639 laudata
651 610 750 639 cum
773 590 984 655 conjuge!
1009 589 1108 638 laeta
1130 609 1211 657 per
1229 591 1409 639 umbras

372 667 452 715 Illa
475 686 602 715 suum
620 667 756 715 fortes
777 667 815 714 it
835 667 1040 715 comitata
1061 666 1216 714 virum.
1683 696 1726 730 70

306 744 506 792 Necdum
529 743 593 791 illi
617 744 823 792 Lachesis
848 743 990 792 dictos
1013 755 1314 792 numeraverat
1335 762 1474 792 annos
1499 763 1509 792 ε

371 820 459 879 Sed
478 820 601 885 juvat
622 832 721 869 ante
745 839 874 868 suum
896 820 959 868 sic
984 819 1190 868 cecidisse
1217 820 1344 868 diem.

306 896 430 954 Vidi,
454 916 535 945 nec
557 896 767 963 lacrymas
791 895 908 944 oculi
933 908 1114 945 tenuere·
1135 897 1359 955 cadentes,

373 972 625 1021 Deformem
646 973 834 1021 Atriden
859 973 960 1035 (hei
981 973 1120 1035 mihi)
1145 974 1260 1022 caede
1283 993 1409 1022 nova.

306 1049 438 1097 Illum
460 1050 593 1114 Troja
614 1049 756 1097 virum
778 1067 870 1096 non
894 1048 1066 1097 laeserat
1090 1067 1101 1095 τ
1125 1049 1198 1098 ille
1221 1050 1440 1098 furentem
1681 1065 1724 1111 '75

370 1125 617 1191 Nauplion,
642 1123 867 1172 Euboicos
891 1126 1208 1192 transieratque
1233 1128 1369 1175 sinus.

308 1204 432 1267 Quid
453 1202 614 1251 refert?
637 1202 823 1251 animam
845 1221 925 1268 per
946 1201 1125 1251 vulnera
1146 1203 1264 1253 mille
1287 1203 1510 1270 profudit,

306 1341 368 1368 cet.
387 1334 512 1379 Odyss.
524 1338 572 1376 A,
588 1333 838 1377 180.·—Meque
850 1345 981 1377 queren-

306 1390 381 1419 tem.
400 1385 552 1428 Delrius,
563 1383 828 1418 Commentario
838 1383 981 1418 Senecae

306 1437 432 1471 Troad.
451 1438 533 1483 459,
553 1440 663 1479 terque
678 1440 864 1479 querentem
876 1435 979 1480 legit;

303 1488 363 1524 sed
380 1488 474 1522 nulla
488 1500 574 1532 opus
587 1487 792 1521 mutatione.
810 1487 943 1521 lems.

346 1540 399 1574 66.
422 1541 524 1583 Fugit
540 1541 583 1573 ab
595 1540 751 1582 amplexu
768 1542 823 1571 ter
832 1539 980 1572 resoluta

303 1605 385 1626 meo.
401 1591 526 1625 Malim
536 1592 704 1632 revolutas·
718 1603 791 1624 non
806 1589 979 1624 enimam-

304 1644 517 1689 plectebatur
558 1643 720 1677 umbram
758 1649 954 1676 maternam
967 1667 976 1685 ,

301 1695 362 1730 sed
384 1696 573 1730 conabatur
588 1693 757 1740 amplecti.
772 1693 878 1727 Libro
894 1694 979 1727 Me-

303 1753 385 1781 tam.
400 1759 438 1781 XI
452 1773 463 1791 ,
480 1748 539 1781 581
549 1746 591 1781 de
617 1746 764 1791 Orpheo
787 1745 977 1792 Eurydices

303 1799 465 1832 umbram
481 1799 646 1843 gestiente
663 1797 839 1842 amplecti:

372 1872 402 1879 ...
412 1855 558 1888 Prendique
569 1860 594 1879 et
607 1853 730 1887 prendere
741 1858 845 1886 captans
852 1871 861 1883 ,

302 1904 349 1930 Nil
359 1904 409 1929 nisi
424 1904 541 1929 cedentes
557 1902 647 1928 infelix
657 1902 749 1935 arripit
762 1901 876 1926 umbras.

302 1952 373 1986 Ubi
389 1951 494 1986 etiam
506 1952 610 1986 hahes
620 1977 629 1994 ,
642 1953 851 1994 revolutaque
863 1962 976 1984 rursus

300 2006 415 2038 eodem
425 2008 487 2043 est,
499 2002 675 2048 quomodo
686 2002 811 2037 vetusti
825 2001 976 2036 codices:

302 2057 409 2101 probe
419 2056 575 2090 omnino.
584 2054 689 2101 Apud
698 2053 884 2100 Virgilium
892 2053 975 2087 AEn.

301 2118 340 2142 V1
354 2134 363 2151 ‚
381 2109 454 2154 449.
470 2106 514 2141 de
531 2106 652 2141 Caeni:

300 2168 402 2192 Rursus
413 2167 474 2191 etin
485 2171 596 2191 veterem
607 2165 660 2191 sato
672 2165 787 2191 revoluta
799 2164 914 2197 figuram.
934 2164 971 2188 H.

345 2215 398 2261 57.
414 2216 636 2260 PhyllacMea
650 2216 726 2248 vidi
738 2221 801 2248 etc.
819 2212 974 2248 Protesi·-

299 2266 394 2301 laum
408 2292 417 2308 ‚
442 2265 489 2300 sic
502 2264 632 2299 dictum
658 2278 677 2299 a
693 2265 843 2311 Phylace
864 2263 948 2298 urhe
960 2289 970 2307 ‚

300 2319 355 2353 cui
372 2316 517 2363 praesuit.

342 2370 395 2404 68.
418 2371 460 2403 In
472 2371 657 2403 Hectoreas
671 2371 788 2403 intulit
799 2380 893 2402 arma
910 2369 972 2401 do—

298 2434 378 2455 mos.
394 2420 585 2466 Scripserat
593 2447 602 2464 ,
614 2428 699 2466 puto
709 2447 718 2464 ‚
732 2420 882 2454 Sabinus
891 2445 900 2463 ,
912 2421 971 2453 tm-

292 2475 392 2516 pulit.
404 2480 447 2515 ut
457 2473 603 2507 Metam.
621 2484 675 2506 XII
686 2499 696 2515 ,
712 2474 795 2506 550:

342 2533 488 2557 Immeritas
499 2532 574 2557 urbes
588 2533 699 2566 Elinque
709 2532 844 2565 Pylonque

297 2580 397 2611 Diruit3
407 2580 485 2614 inque
493 2589 563 2606 meos
574 2580 671 2606 ferrum
678 2579 858 2613 flammamque
866 2583 968 2612 penates

297 2627 424 2660 Impulit.

299 2677 427 2711 Lucan.
442 2676 498 2710 lib.
512 2688 566 2711 vu
580 2703 590 2720 ,
610 2679 666 2713 16:

296 2736 333 2762 Et
346 2745 514 2770 quaecumque
528 2737 607 2771 fugax
623 2739 749 2763 Sertorius
768 2738 874 2772 impulit
885 2747 963 2763 arma.

779 2788 882 2812 limus.

1088 1332 1141 1380 69.
1167 1334 1325 1367 laudata
1334 1346 1407 1367 curn
1418 1332 1578 1377 conjuge!
1591 1331 1721 1367 Laoda-

1046 1383 1126 1417 mia.
1143 1383 1223 1417 Vid.
1239 1383 1329 1418 infra
1343 1383 1451 1429 Epist.
1468 1392 1547 1417 XIII.

1064 1436 1185 1479 7o.Illa
1191 1435 1396 1480 suumfhrtes
1402 1437 1597 1470 itcomilata
1603 1438 1719 1470 virum.

1045 1487 1163 1520 Fortes
1176 1490 1230 1528 1't;
1252 1487 1345 1521 reser
1356 1486 1399 1521 ad
1410 1490 1443 1523 τὸ
1455 1488 1603 1527 umbras,
1626 1486 1722 1532 quod

1044 1537 1227 1581 praecessit;
1243 1545 1278 1572 et
1285 1537 1352 1572 hoc
1362 1537 1448 1572 vidit
1460 1535 1663 1575 Swarthius‘,
1671 1538 1719 1572 H.

1089 1590 1140 1634 75.
1154 1590 1218 1623 Ille
1218 1588 1390 1633 fluentem
1399 1590 1578 1633 Nauplion.
1588 1589 1719 1626 Euheae

1043 1638 1163 1674 insulae
1182 1653 1259 1684 rex,
1277 1647 1312 1675 et
1328 1639 1522 1675 Palamedis
1543 1647 1662 1685 pater,
1677 1653 1722 1675 ex

1047 1689 1231 1738 Clymene,
1245 1691 1414 1737 Apollinis
1427 1691 1506 1727 filia.
1519 1706 1537 1722 «ι
1546 1691 1719 1738 Iliocapto

1043 1749 1078 1776 et
1089 1742 1194 1778 divisa
1205 1743 1321 1789 praeda
1330 1770 1340 1787 ‚
1353 1743 1467 1780 Danai
1476 1756 1557 1779 cum
1570 1743 1717 1781 domum

1042 1793 1198 1829 redirent
1207 1821 1216 1839 ,
1227 1801 1431 1840 tempestate
1442 1802 1477 1829 et
1488 1794 1649 1830 fluctibus
1660 1794 1717 1829 ad-

1041 1846 1146 1881 versis
1160 1873 1169 1890 ,
1197 1846 1240 1881 ad
1261 1859 1339 1882 saxa
1365 1845 1547 1893 Caphar-ea
1565 1848 1716 1882 nauti-a-

1042 1897 1137 1942 gium
1159 1905 1266 1932 noctu
1281 1898 1449 1933 fecerunt.
1467 1897 1578 1943 Quod
1592 1905 1632 1934 ut
1652 1911 1716 1933 au-

1041 1948 1126 1983 divit
1136 1949 1302 1994 Nauplius
1313 1975 1323 1992 ,
1333 1948 1462 1984 Graecis
1474 1956 1510 1984 et
1519 1949 1612 1984 Ulixi
1625 1962 1716 1995 prae—

1039 2001 1160 2036 sertim
1170 2001 1339 2045 infensus,
1348 2007 1492 2047 propter
1500 2000 1561 2036 filii
1567 2000 1711 2045 caedem,

1039 2053 1150 2087 facem
1157 2053 1340 2088 ardentem
1346 2065 1389 2087 eo
1397 2053 1472 2088 loco
1481 2052 1577 2097 jussit
1585 2052 1712 2096 extolli,

1040 2116 1109 2149 quo
1123 2118 1200 2139 saxa
1216 2112 1331 2148 acuta,
1341 2110 1378 2138 et
1389 2103 1484 2138 locus
1497 2103 1713 2149 periculosis-

1037 2156 1154 2191 simus.
1178 2155 1232 2190 Illi
1247 2168 1352 2190 naves
1363 2167 1409 2189 eo
1429 2154 1623 2199 duxerunt,
1641 2168 1711 2200 quo

1037 2207 1126 2241 sacto
1138 2232 1147 2250 ,
1165 2207 1322 2252 plurimae
1337 2207 1520 2242 confractae
1535 2214 1617 2242 sunt
1626 2232 1636 2250 ‚
1649 2207 1711 2241 mi-

1035 2257 1179 2303 litesque
1203 2258 1344 2303 plurimi
1358 2271 1440 2292 cum
1454 2258 1598 2293 ducibus
1611 2264 1710 2294 tem—

1035 2316 1166 2355 pestate
1183 2310 1282 2345 o'ccisi
1295 2316 1376 2344 sunt
1386 2336 1395 2354 ,
1410 2310 1638 2356 membraque
1649 2322 1710 2345 eo·-

1034 2374 1115 2395 rum
1140 2374 1221 2396 cum
1243 2361 1428 2397 visceribus
1450 2362 1494 2396 ad
1516 2374 1593 2397 saxa
1614 2361 1708 2396 illisa.

1035 2412 1084 2447 At
1098 2413 1226 2448 Ulixen
1246 2420 1371 2448 ventus
1385 2413 1508 2449 detulit
1530 2413 1574 2448 ad
1588 2414 1710 2449 Mara—r

1033 2464 1181 2499 thonem
1195 2466 1248 2509 (ut
1259 2471 1352 2500 recte
1365 2465 1532 2502 Schess'er.
1541 2477 1615 2500 non
1626 2466 1708 2500 Ma*

1031 2530 1142 2552 torrem
1149 2517 1188 2561 );
1213 2517 1436 2560 Menelaum,
1451 2517 1488 2551 in
1504 2516 1682 2563 Egyptum
1696 2531 1706 2558 ;

1033 2569 1267 2614 Agamemnon
1282 2581 1364 2604 cum
1382 2566 1575 2604 Cassandra
1585 2567 1623 2601 in
1643 2580 1706 2613 pa-

1031 2621 1134 2655 triam
1149 2620 1307 2667 pervenit
1323 2635 1352 2654 ».
1365 2619 1496 2667 Hygin-
1509 2619 1590 2653 Fab.
1608 2629 1704 2654 cxvr.

1075 2687 1090 2718 7
1097 2687 1124 2717 7.
1147 2673 1305 2707 Animam
1310 2684 1377 2715 per
1383 2673 1522 2705 vulnera
1531 2672 1702 2715 rm‘llepro-

1019 2723 1126 2767 fudit.
1149 2726 1219 2758 Per
1227 2725 1382 2758 adultera
1395 2725 1466 2756 tela
1475 2749 1483 2763 ,
1501 2729 1599 2758 vetus
1615 2722 1702 2759 liber

1029 2775 1191 2811 Swarthii
1204 2789 1211 2812 :
1226 2788 1300 2811 non
1311 2774 1527 2810 inconcinne.
1546 2774 1679 2810 Hssms.
