1884 3112
609 266 887 312 HELENA
922 269 1190 316 PARIDI.

1527 277 1612 318 315

256 355 333 406 Nil
353 356 493 425 pudet
515 357 635 407 hunc
656 378 667 407 ε
687 378 769 409 nec
785 379 873 410 vox
893 360 987 412 haec
1003 381 1100 411 mea
1119 362 1229 412 falsa
1246 363 1345 412 fuit.

196 435 322 486 Orbe
347 455 526 504 quoque
549 437 597 485 in
619 456 780 488 mensae
803 438 892 503 legi
913 439 998 488 sub
1017 440 1197 490 nomine
1218 452 1375 508 nostro
1390 479 1403 498 ‚

258 512 398 577 Quod
419 512 607 562 deducta
628 533 750 563 mero
774 514 902 565 litera
924 515 1048 576 fecit,
1074 530 1192 567 AMO.

196 589 385 639 Credere
407 608 477 639 me
502 601 648 639 tamen
672 591 760 641 hoc
785 592 917 642 oculo
935 606 1148 643 renuente
1172 597 1342 659 negavi.

258 667 347 717 Hei
369 667 501 716 mihi!
521 669 610 734 jam
635 669 791 730 didici,
818 671 882 721 sic
907 690 1086 739 quoque
1109 690 1243 738 posse
1266 672 1404 740 loqui.
1576 699 1621 733 9⁰

193 744 280 794 His
303 764 387 810 ego
403 744 656 806 blanditiis,
682 747 721 796 si
742 760 975 814 peccatura
990 749 1171 798 fuissem
1185 786 1197 806 ‚

258 822 478 873 Plecterer
496 843 507 872 ε
525 823 597 873 his
620 836 828 891 poterant
848 839 1029 893 pectora
1050 838 1206 876 nostra
1226 828 1338 894 capi.

198 902 284 952 Est
305 915 505 969 quoque3
529 903 767 964 confiteor,
791 904 924 955 facies
949 905 1034 954 tibi
1056 924 1174 964 rara3
1199 917 1438 973 potestque

257 977 385 1028 Velle
409 979 494 1029 sub
515 979 742 1048 amplexus
762 983 826 1032 ire
849 983 999 1051 puella
1024 995 1139 1031 tuos.

152 1071 155 1073 ’
193 1053 349 1104 Altera
369 1055 438 1105 vel
461 1057 614 1124 potius
637 1058 743 1108 felix
764 1060 858 1110 sine
881 1060 1063 1110 crimine
1085 1060 1188 1119 fiat,
1580 1076 1625 1120 95

259 1133 408 1198 Quam
432 1134 560 1184 cadat
583 1148 766 1186 externo
790 1151 945 1188 noster
963 1155 1111 1188 amore
1134 1138 1295 1205 pudor.

194 1212 330 1261 Disce
352 1231 452 1261 meo
476 1214 702 1281 exemplo,
728 1215 938 1264 formosis
961 1235 1094 1283 posse
1117 1235 1287 1264 carere:

258 1290 343 1337 Est
362 1289 504 1338 virtus
527 1289 704 1357 placitis
729 1293 997 1342 abstinuisse
1018 1293 1167 1342 bonis.

195 1368 346 1432 Quam
366 1367 535 1417 multos
559 1369 711 1418 credas
732 1370 915 1436 juvenes
940 1383 1115 1438 optare,
1136 1370 1265 1437 'quod
1288 1382 1416 1437 optas
1430 1409 1442 1430 ,

262 1445 357 1510 Qui
375 1445 579 1512 sapiant?
602 1446 756 1496 oculos
780 1468 839 1497 an
862 1449 1129 1498 Paris-unus
1151 1449 1291 1498 habes
1309 1451 1328 1497 Ξ)

1566 1476 1626 1498 100

194 1523 302 1572 Non
323 1534 375 1572 tu
396 1522 501 1591 plus
526 1525 670 1574 cernis
690 1545 701 1573 :
721 1526 800 1574 sed
819 1525 924 1592 plus
948 1527 1204 1576 temerarius
1227 1527 1382 1585 audes;

261 1601 354 1651 Nec
378 1601 463 1651 tibi
485 1600 589 1670 plus
613 1602 781 1662 cordis,
802 1603 881 1652 sed
902 1604 1043 1668 magis
1065 1604 1177 1663 oris,
1203 1604 1332 1653 inest.

194 1758 239 1766 —
253 1739 332 1786 Ego
353 1742 447 1776 nullo
474 1753 637 1777 murmure
662 1741 822 1784 retineo.;
849 1740 879 1776 si

193 1792 293 1827 enim
307 1794 442 1838 longum
456 1793 577 1828 suisset
589 1819 599 1837 ‚
617 1794 813 1840 periculum
822 1794 879 1829 so—

193 1851 270 1889 ret,
293 1857 340 1881 ne
363 1845 418 1879 vir
437 1845 606 1882 sentiret:
624 1845 764 1892 elegans
779 1858 878 1892 prae—

194 1903 292 1934 terea
302 1897 474 1943 oppositio
484 1904 537 1934 τοῦ
545 1901 665 1942 exigui
669 1925 678 1939 ,
696 1905 733 1932 et
742 1901 878 1933 nullius.

195 1948 243 1987 Iu
265 1949 442 1987 Bemensi
463 1957 558 1994 erat,
583 1953 643 1985 vel
658 1963 765 1995 pano
788 1963 880 1986 mur-

195 2012 312 2045 manu-
338 2001 403 2037 sed
416 2002 519 2037 male.
534 2002 665 2038 Bumu.

240 2053 294 2102 89.
322 2055 464 2090 leete
477 2068 541 2090 me.
558 2054 691 2092 Douzae
707 2054 838 2091 codex:

196 2109 279 2146 Οῑοᾴο
288 2109 370 2143 mihi,
383 2116 471 2137 umen
481 2111 529 2136 hoc
541 2111 618 2138 oculo
627 2117 751 2137 renuente
761 2111 862 2138 notavi.
876 2113 880 2115 “

198 2158 248 2195 Et
256 2186 267 2204 ,
277 2161 376 2196 crede
383 2162 589 2196 mibitamen
596 2163 661 2196 hoc
667 2188 676 2204 ‚
691 2161 794 2197 multi
803 2161 880 2196 cod.

241 2224 298 2260 9⁰·
310 2213 368 2249 Sic
380 2225 509 2259 quoque
520 2226 625 2258 posse
641 2216 741 2260 loqui.
770 2214 881 2260 Atqui

197 2262 274 2312 ipsa
297 2264 438 2301 Helena
460 2272 574 2301 artem
600 2266 754 2302 micandi
773 2267 882 2302 inve-

199 2315 292 2351 nisse
321 2315 450 2353 dicitur
481 2331 501 2353 a
531 2319 683 2354 Ptolem.
700 2319 881 2365 Hephaest.

200 2368 258 2403 lib.
282 2379 332 2403 lv.
359 2368 417 2404 An
428 2395 439 2414 ,
463 2371 630 2417 magistro
649 2371 777 2407 Paride
804 2385 882 2418 quae

202 2419 343 2464 didicit,
368 2420 451 2457 alios
471 2421 620 2458 docuit?
642 2423 774 2458 Bunm.

245 2472 300 2519 93.
329 2474 399 2507 Est
420 2486 545 2520 quoque
568 2476 744 2521 confiteor,
764 2474 884 2519 facies

203 2526 271 2558 tibi
281 2537 368 2559 mm.
394 2525 530 2561 Alludit
546 2525 589 2560 ad
612 2539 654 2561 ea
675 2539 753 2572 quae
774 2527 885 2563 nimia

202 2576 362 2613 fatuitate
378 2577 423 2612 de
435 2591 472 2614 se
484 2578 559 2624 ipso
568 2579 667 2615 Paris
678 2579 885 2626 ineptierat:

158 2643 162 2647 ·
201 2636 276 2670 Nee,
288 2643 367 2671 puto,
378 2638 487 2664 con-tus
498 2638 581 2664 somn
592 2639 729 2666 Menelaus
742 2641 850 2666 etmis
857 2659 867 2672 ,

236 2687 331 2713 Jadioe
342 2693 384 2719 te,
403 2688 477 2714 nobis
487 2687 670 2714 anteferendus
682 2689 740 2715 erit.

241 2736 885 2784 96.ExternaEaetaemoedidith-sm.

249 2790 304 2837 98.
326 2792 396 2825 Est
406 2794 512 2826 virtus
520 2793 662 2835 plucim-
679 2794 886 2828 abstmmzrse

943 1743 1050 1777 bonis.
1094 1741 1154 1777 An
1183 1754 1257 1776 non
1288 1742 1426 1777 mireris
1455 1749 1626 1788 quantum

943 1793 1109 1839 ponderis
1124 1794 1250 1830 habeat
1260 1795 1446 1830 sententiae
1462 1795 1537 1830 talis
1547 1822 1556 1839 ,
1570 1795 1628 1830 tali

942 1846 980 1880 in
998 1859 1058 1881 ore
1071 1873 1081 1890 ‚
1105 1847 1274 1892 gravitas!
1302 1847 1424 1892 Quam
1440 1848 1530 1883 bene
1548 1861 1629 1882 sua-

943 1898 1003 1934 det
1020 1899 1159 1943 Paridi,
1177 1907 1217 1934 ut
1233 1902 1330 1935 bonis
1344 1900 1515 1934 abstineat
1526 1926 1535 1943 ,
1551 1912 1628 1945 quae

943 1957 996 1985 tot
1012 1951 1157 1996 juvenes
1170 1978 1179 1995 ,
1196 1956 1337 1996 sapiant
1350 1951 1458 1986 modo
1472 1978 1482 1995 ,
1499 1959 1534 1986 et
1546 1965 1629 1986 ocu-

942 2005 995 2037 los
1008 2005 1174 2045 habeant,
1201 2011 1367 2039 censeant
1382 2004 1593 2050 exoptanda!

988 2069 1043 2103 99.
1058 2060 1166 2100 Quam
1176 2060 1298 2091 multos
1306 2058 1565 2102 credisfiaocnes
1573 2071 1629 2102 op-

945 2111 1041 2142 tasse
1050 2134 1060 2152 ,
1076 2111 1168 2153 quod
1173 2114 1286 2153 optas.
1303 2111 1431 2144 Credas
1446 2109 1518 2144 duo
1532 2110 1629 2145 libri:

945 2160 1036 2195 bene
1054 2173 1062 2196 :
1078 2160 1206 2196 deinde
1226 2166 1343 2207 optare
1367 2169 1420 2198 est
1441 2162 1479 2197 in
1495 2162 1629 2208 scriptis

945 2213 1118 2259 plerisque
1134 2214 1346 2249 melioribus.
1361 2215 1495 2250 Hssms.

994 2278 1068 2300 100.
1089 2267 1214 2301 Oculos
1228 2280 1275 2301 an
1290 2268 1392 2301 Paris
1403 2280 1489 2302 unus
1503 2269 1631 2303 habes?

947 2317 1023 2359 An,
1042 2319 1143 2358 Pan‘,
1157 2320 1252 2352 solus
1267 2320 1390 2359 habes,
1410 2331 1503 2353 unus
1520 2319 1629 2353 Vati-

947 2383 1064 2406 canus.
1077 2371 1210 2407 Hzms.
1223 2371 1392 2407 Francius
1406 2372 1543 2407 volebat
1555 2398 1564 2415 ,
1583 2385 1630 2406 an

947 2425 1049 2458 Paris
1068 2436 1153 2458 unus
1179 2425 1306 2466 baben
1337 2432 1373 2459 et
1396 2425 1444 2459 ita
1466 2424 1629 2458 nonnulli

948 2475 1082 2510 codices
1095 2489 1103 2516 3
1123 2475 1184 2510 sed
1196 2476 1333 2522 vulgata
1344 2488 1418 2511 non
1431 2475 1605 2511 movenda
1618 2502 1628 2520 ,

948 2534 984 2562 et
1000 2527 1237 2563 nominativus
1250 2529 1382 2563 centies
1397 2541 1461 2574 pro
1472 2528 1628 2563 vocativo

947 2580 1120 2623 sumitur,
1138 2580 1194 2615 vel
1214 2581 1371 2616 vocativo
1393 2580 1629 2627 conjungitur.

950 2632 1032 2668 Vid.
1047 2644 1060 2668 1
1074 2659 1084 2677 ‚
1102 2634 1194 2668 Fast.
1216 2634 1282 2682 319
1296 2659 1307 2677 ,
1336 2635 1422 2680 559;
1444 2643 1485 2666 1v
1502 2659 1512 2676 ,
1542 2633 1628 2678 7313

949 2695 989 2719 211
999 2711 1008 2728 ‚
1023 2685 1170 2720 Metam.
1186 2700 1198 2720 1
1208 2688 1504 2732 14.·Qu1'sapiunt‚
1524 2687 1630 2721 etiam

950 2738 1093 2784 quidam
1107 2738 1238 2785 scripti.
1443 2771 1445 2773 .

999 2804 1070 2826 102.
1098 2793 1167 2826 Sed
1177 2795 1287 2837 mageli-
1308 2794 1377 2827 on‘s
1390 2793 1499 2828 adest.
1516 2793 1631 2836 Magis
