1884 3112
561 283 571 296 ²
631 272 1147 317 HALIEUTICON.

193 364 321 430 Quin
341 363 470 414 laude
494 364 685 428 insignis
708 365 856 414 caudae
871 364 1158 425 Mehnurus,
1184 377 1226 414 et
1251 365 1409 416 ardens

189 442 373 491 Auratis
396 443 598 490 Muraena
615 442 759 501 notis,
784 441 1058 509 Merulaeque
1079 432 1292 503 virentes,

192 519 470 586 Immitisque
495 538 586 569 suae
610 520 791 583 Conger
811 539 895 587 per
915 519 1099 568 vulnera
1123 521 1295 583 gentis;
1565 539 1627 571 115

194 600 257 648 Et
274 597 431 665 capitis
455 597 569 660 duro
590 599 824 647 nociturus
847 599 1061 665 Scorpios
1085 599 1197 658 ictu,

196 677 263 725 Ac
286 695 530 743 numquam
549 676 701 725 aestivo
726 688 991 743 conspectus
1017 677 1158 726 sidere
1188 676 1395 728 Glaucus.

196 754 261 803 At
284 765 439 803 contra
456 754 650 803 herbosa
671 754 816 820 pisces
837 753 1046 803 laxantur
1062 774 1216 814 arena,v

198 832 265 880 Ut
287 832 468 891 Scarus,
493 844 675 900 epastas
691 831 816 881 solus
842 833 921 899 qui
944 833 1141 881 ruminat
1162 836 1305 891 escas'3

198 910 544 978 Fecundumque
563 913 702 974 g'enus
718 911 895 969 Mamae,
915 912 1245 979 Lamyrosque‚
1269 912 1548 980 Smarisque,
1572 942 1633 964 120

200 987 350 1055 Atque
372 987 603 1039 immunda
622 987 857 1047 Chromis,
882 989 1041 1037 merito
1064 987 1277 1037 vilissima
1301 989 1468 1056 Salpa:

201 1145 247 1153 -
255 1126 378 1173 Pergit
388 1139 470 1161 cum
482 1125 614 1161 Nostro
630 1125 766 1161 Plinius
780 1139 787 1161 :
800 1128 887 1161 Pne-

201 1183 441 1224 teoeapatvum
456 1179 622 1223 Temgum
629 1206 637 1220 ‚
652 1182 691 1213 el
693 1181 888 1224 placentem

203 1233 316 1266 cauda
331 1232 488 1266 Lubmm.
511 1230 553 1266 In
578 1230 631 1266 his
654 1244 720 1277 ego
737 1231 889 1266 invicem

205 1282 407 1319 Gesner-um
427 1284 646 1329 praevertain.
670 1283 732 1318 Ille
751 1296 793 1318 ex
814 1283 890 1318 Pli-

205 1335 267 1371 nio
285 1335 466 1382 superiore
489 1348 592 1371 versu
615 1335 778 1382 legebat:
805 1337 890 1370 Tum

206 1390 327 1424 vt'n'dtsst
348 1390 501 1434 Temgus
511 1402 618 1434 parvo
633 1390 798 1423 saxam&
823 1401 889 1422 ore.

209 1441 288 1490 Ego
307 1449 431 1477 contra
451 1448 610 1476 monstra
630 1441 686 1476 illa
708 1454 783 1476 non
807 1441 892 1476 hinc

208 1494 336 1540 modo,
357 1494 420 1530 sed
438 1501 474 1529 et
488 1507 530 1529 ex
542 1493 660 1529 Plinio
671 1493 892 1540 exstirpanda

208 1560 336 1584 censeo
349 1574 359 1592 ,
389 1559 496 1593 quem
512 1547 561 1582 ita
577 1545 731 1581 emendo
757 1558 765 1580 :
791 1548 892 1581 Proe-

209 1602 303 1636 terea
311 1602 464 1642 Peru-am,
488 1600 643 1645 ngmn,
658 1603 694 1633 et
699 1601 893 1644 placentem

209 1655 324 1689 cauda
338 1653 574 1694 mianumm
593 1651 717 1698 quibus
734 1650 896 1697 vestigia-

209 1705 275 1739 tim
295 1705 468 1741 Nostrum
494 1703 668 1750 expressit.
709 1703 785 1748 Qui
809 1715 894 1738 vero

202 1756 344 1803 famum
358 1757 504 1803 ngum
514 1756 629 1803 potuit
639 1755 755 1791 dicere
764 1782 774 1800 ‚
788 1767 897 1801 quem

209 1820 256 1845 ne
275 1808 385 1845 fando
408 1808 553 1856 quidem
578 1815 790 1856 cognoverat
809 1834 819 1851 ‚
856 1814 899 1842 ut

209 1863 285 1910 ipse
293 1863 437 1907 fatetur,
450 1874 630 1908 quumque
640 1860 728 1895 nihil
736 1860 802 1895 tale
813 1859 897 1905 quid

213 1915 270 1950 hic
291 1915 335 1950 de
361 1913 606 1960 magnitudine
628 1913 704 1958 ejus
729 1912 899 1948 traditum

212 1966 425 2003 invenisset
416 1966 433 1992 ?
447 1966 611 2001 V1.1·r.—-
629 1967 802 2010 Tragique.
820 1963 902 2011 Op-

215 2022 320 2068 piano
329 2020 461 2055 Maenae
472 2026 507 2054 et
515 2018 643 2064 Tragi
634 2032 670 2053 m
683 2031 784 2054 coeno
794 2018 900 2053 maris

217 2075 361 2122 degunt.
375 2073 491 2110 Gnsu.

265 2143 278 2163 ι
288 2128 336 2164 13.
362 2128 481 2162 Laude
494 2129 640 2171 insignis
654 2127 770 2160 caudoe
787 2125 903 2159 Mela-

218 2192 331 2216 mmts.
347 2179 463 2215 Aliter
477 2178 616 2214 videtur
632 2177 771 2213 tradere
786 2176 904 2212 AElia—

220 2247 288 2269 nus
301 2260 311 2278 ,
334 2233 424 2268 libro
439 2243 453 2266 1
468 2258 478 2276 ,
495 2245 568 2277 cap.
591 2230 644 2276 43.
666 2229 771 2265 C1or.

268 2301 282 2322 ι
292 2288 341 2331 14.
378 2285 580 2330 Mada-que
614 2287 771 2318 virentes.
801 2281 906 2317 Idem

222 2339 351 2375 eodem
360 2338 419 2372 lib.
430 2350 502 2384 cap.
518 2348 582 2371 xtx
593 2363 602 2380 ,
620 2337 696 2380 ejus
706 2335 843 2370 mentio
854 2341 906 2370 est

224 2391 315 2438 apud
331 2389 498 2426 Plinium.
510 2408 554 2415 —
565 2388 674 2424 MSS.
689 2389 831 2423 Munera
843 2401 908 2423 no-

223 2448 270 2479 lis
285 2446 516 2488 merelateque.
537 2443 644 2476 VJJ'r.

287 2510 300 2532 ι
310 2498 359 2532 15.
393 2498 531 2540 conger.
573 2510 590 2525 «ι
612 2493 747 2540 Congri
774 2492 910 2540 (inquit

225 2549 406 2585 Gesnerus
423 2547 467 2583 ad
483 2547 580 2582 hunc
594 2547 734 2590 locum)
758 2560 794 2582 se
818 2547 911 2582 invi-

226 2616 306 2638 cem
321 2601 470 2637 maxime
487 2609 632 2644 vorant,
657 2607 796 2637 auctore
817 2600 911 2635 Aris-

227 2656 344 2692 totele.
359 2670 376 2686 υ
390 2654 440 2690 .δί
456 2654 489 2689 id
509 2667 635 2689 verum
657 2660 709 2689 est
722 2681 731 2698 ,
758 2653 822 2699 leg.
840 2654 912 2687 Im-

228 2712 383 2755 milisque
395 2721 465 2744 suoe
476 2721 505 2742 c.
511 2721 548 2753 p.
558 2722 590 2742 υ.
599 2711 703 2752 genti.
715 2705 786 2742 Sed
801 2719 913 2752 quum

229 2761 266 2797 id
282 2760 374 2808 apud
391 2761 574 2796 neminem
588 2786 598 2804 ‚
622 2773 690 2795 nec
711 2759 854 2806 quidem
875 2761 913 2795 in

235 2814 429 2850 Aristotelis
445 2813 501 2849 lib.
516 2813 715 2859 inveniam,
731 2813 915 2859 praeplacet

419 2883 463 2926 I.

950 1125 1038 1160 mihi
1062 1125 1189 1170 lectio,
1213 1139 1320 1171 quam
1343 1125 1502 1162 Pithoeus
1528 1126 1637 1161 edidit

951 1192 993 1213 ex
1014 1178 1123 1213 MSS.
1146 1192 1293 1224 cancer‚·
1318 1179 1511 1225 praesertim
1528 1193 1638 1225 quum

954 1231 1119 1277 Scorpius
1139 1238 1317 1276 sequatur.
1344 1231 1494 1277 Reliqua
1519 1239 1640 1266 tamen

954 1283 991 1318 in
1016 1282 1148 1318 mendo
1175 1283 1315 1318 cubant.
1342 1284 1448 1319 Forte
1474 1296 1564 1318 :suae
1578 1298 1645 1328 per

955 1332 1095 1371 vulnera
1116 1337 1229 1371 chelae.
1255 1335 1324 1370 Vel
1337 1362 1347 1379 ‚
1374 1336 1403 1371 si
1428 1336 1471 1371 de
1496 1336 1642 1382 Congro

955 1388 1112 1433 loquitur
1125 1390 1420 1433 :suipervulnera
1435 1391 1558 1424 dentelr.
1576 1389 1644 1423 VL.

1017 1455 1030 1476 1
1042 1441 1090 1475 16.
1126 1443 1178 1476 Et
1207 1444 1331 1486 capitis
1360 1443 1443 1476 dum
1471 1446 1645 1477 nociturus

957 1490 1114 1539 Scbrpius
1135 1497 1217 1529 ictu.
1246 1494 1439 1530 Ciacconus
1461 1495 1568 1541 legit,
1597 1497 1648 1529 Et

959 1551 1080 1592 captus
1093 1548 1176 1582 duro
1192 1554 1257 1582 etc.
1271 1573 1280 1591 ,
1305 1547 1490 1593 probabilis
1513 1547 1645 1582 admo-

960 1599 1048 1634 dum
1071 1600 1298 1645 conjectura:
1323 1606 1446 1645 utpote
1469 1610 1547 1645 quae
1570 1612 1648 1634 eae—

961 1651 1045 1686 dem
1068 1664 1168 1697 paene
1195 1651 1320 1686 litterae
1338 1659 1421 1687 sunt
1435 1679 1444 1696 ,
1471 1659 1506 1686 et
1526 1665 1648 1688 sensus

961 1703 1037 1738 talis
1048 1703 1242 1749 requiritur
1255 1718 1263 1746 ;
1283 1704 1419 1749 Scorpii
1437 1711 1558 1739 autem
1572 1718 1647 1739 non

962 1757 1071 1791 semel
1091 1755 1227 1790 mentio
1256 1763 1307 1790 est
1330 1755 1421 1801 apud
1442 1756 1625 1791 AElianum
1640 1785 1648 1801 ,

964 1816 999 1844 et
1014 1807 1106 1855 apud
1124 1808 1281 1843 Plinium
1297 1807 1355 1843 lib.
1369 1819 1408 1842 1x
1422 1835 1431 1852 ‚
1449 1822 1522 1854 cap.
1541 1820 1586 1843 ιι.

1012 1875 1025 1895 ι
1035 1875 1047 1895 ι
1056 1875 1084 1906 7.
1100 1862 1235 1895 AErtivo
1245 1861 1365 1894 sidere.
1379 1859 1512 1895 Exorto
1529 1859 1628 1895 Cane
1642 1887 1652 1903 ‚

965 1912 1001 1946 id
1030 1919 1081 1947 est
1093 1939 1102 1954 ‚
1135 1924 1206 1957 quo
1233 1924 1342 1956 usque
1366 1911 1403 1946 in
1429 1912 1514 1947 caelo
1545 1911 1653 1947 Canis

966 1964 1189 2010 conspicitur.
1205 1982 1249 1989 —
1266 1963 1322 1998 De
1341 1963 1475 1999 Glauco
1491 1964 1655 2000 AElianus

967 2031 1040 2064 cap.
1062 2028 1142 2052 xvu
1157 2043 1166 2061 ,
1192 2016 1281 2051 libro
1307 2030 1321 2050 1
1340 2031 1349 2058 ;
1367 2015 1427 2051 sed
1441 2029 1487 2051 ne
1504 2017 1653 2051 verbum

969 2070 1114 2117 quidem
1134 2069 1177 2104 de
1195 2069 1262 2104 hoc
1275 2095 1285 2113 ‚
1313 2068 1409 2114 quod
1424 2068 1481 2104 hie
1497 2069 1656 2105 Ovidius.

1016 2138 1029 2158 1
1039 2136 1088 2171 ¹9·
1117 2122 1166 2156 Ut
1178 2122 1301 2156 Scarus
1312 2148 1321 2163 ‚
1339 2125 1479 2166 epastas
1489 2124 1586 2157 solus
1601 2127 1663 2168 qui

968 2179 1118 2211 ruminat
1130 2187 1240 2209 escas.
1254 2172 1357 2208 Idem
1370 2177 1493 2209 auc‘tor
1502 2173 1592 2208 libro
1604 2185 1635 2209 11
1647 2202 1656 2218 ‚

971 2243 1044 2276 cap.
1059 2240 1118 2264 uv
1130 2254 1141 2273 ‚
1158 2228 1218 2263 ubi
1229 2254 1238 2272 ,
1251 2227 1344 2273 quod
1357 2235 1459 2273 poeta
1470 2234 1592 2262 noster
1603 2226 1660 2263 hic

971 2283 1153 2327 adfirmat,
1168 2296 1205 2318 se
1213 2283 1263 2326 ·,ab
1276 2281 1348 2317 aliis
1365 2282 1534 2327 accepisse
1550 2289 1658 2316 testa-

971 2345 1030 2373 tur
1041 2350 1049 2372 ε
1060 2335 1155 2371 idem
1161 2336 1234 2371 sere
1246 2334 1398 2379 Plin.1x,
1408 2347 1437 2369 c.
1447 2345 1496 2368 xv
1507 2341 1556 2378 ‚et
1567 2334 1659 2368 alibi.

1003 2430 1010 2434 ξ
1020 2402 1093 2424 120.
1110 2390 1306 2433 Sman’sque.
1318 2386 1375 2421 De
1387 2386 1454 2421 hoe
1466 2386 1555 2432 pisce
1567 2386 1657 2421 Plin.

972 2442 1062 2477 libro
1075 2451 1193 2483 xxxn,
1210 2453 1283 2486 cap.
1300 2439 1362 2474 ult.
1379 2439 1591 2486 Smyrusque,
1605 2437 1666 2473 alii

973 2494 1145 2541 legebant.
1162 2493 1347 2539 Merquue
1360 2491 1455 2526 alius.
1474 2492 1610 2526 Hunis.

1023 2561 1094 2581 121.
1108 2547 1222 2590 Salpa.
1236 2547 1336 2586 Σάλπη
1348 2571 1358 2589 ,
1378 2544 1500 2579 Graece
1515 2554 1523 2575 ε
1538 2545 1644 2588 Salpa
1654 2571 1662 2585 ,

977 2598 1105 2633 Italice.
1118 2597 1280 2633 Marinus
1291 2598 1390 2644 piscis
1401 2603 1471 2640 est,
1488 2602 1523 2631 et
1539 2596 1576 2630 in
1587 2608 1667 2630 ma-

976 2652 1062 2687 rinis
1077 2652 1217 2687 lacubus
1229 2652 1332 2695 vivit,
1349 2658 1384 2686 et
1396 2650 1544 2685 herbosa
1558 2662 1667 2684 arena

977 2705 1126 2740 laxatur:
1136 2712 1308 2740 autumno
1318 2711 1456 2740 tantum
1468 2704 1571 2751 parit,
1581 2703 1670 2738 sicut

978 2767 1014 2794 et
1022 2760 1169 2805 Sargus;
1184 2759 1369 2794 clarissime
1378 2759 1475 2794 audit
1486 2773 1494 2800 ;
1504 2771 1584 2794 erro
1592 2770 1667 2792 non

979 2820 1044 2856 est,
1061 2820 1227 2855 stercore,
1240 2820 1274 2847 et
1291 2811 1365 2858 alga
1381 2812 1540 2846 vescitur.
1559 2809 1662 2844 Clor.

1394 2896 1451 2936 29
