1884 3112
285 239 344 294 46
824 243 881 286 A.
919 243 1146 288 SABINI

349 331 494 395 Quam
517 333 687 398 potuit,
710 333 842 398 jussit
865 334 1031 382 tardius
1053 336 1115 383 ire
1140 347 1289 384 ratem.

282 409 465 471 Ignosce
489 421 533 457 et
553 409 670 457 fasso
689 411 698 456 !
723 428 890 457 memor
912 429 957 458 es
980 411 1211 459 Minoidos
1233 412 1350 478 ipse;

345 485 571 549 Antiquus
594 484 782 532 necdum
804 498 980 551 pectore
1004 488 1134 535 cessit
1156 507 1305 546 amor;

281 561 341 608 Et
365 561 537 626 quoties
561 560 699 609 oculis
723 562 963 612 circumdat
987 563 1148 623 sidera,
1176 566 1313 614 dixit:

349 659 372 678 «
402 637 513 700 Quae
535 636 676 700 fulget
700 638 831 697 coelo,
851 652 1004 688 nostra
1025 641 1172 707 puella
1194 641 1292 690 fuit.
1322 664 1343 686 >³
1646 654 1688 695 50

280 712 411 761 Illum
436 712 593 762 dilecta
615 716 814 764 Bacchus
842 717 929 765 sibi
952 717 1102 766 cedere
1123 718 1253 782 jussit

346 789 547 855 Conjuge
571 810 582 838 ε
608 790 787 840 desertae
812 793 976 843 crimen
999 806 1044 842 at
1066 794 1139 843 ille
1165 796 1298 844 subit.

279 865 580 932 Exemploque
604 868 741 934 patris
765 870 968 935 perjurus
992 871 1113 919 dicor
1136 882 1180 919 et
1202 871 1294 937 ipse
1309 910 1320 929 ,

342 944 434 991 Nec
460 944 619 1009 quaeris
643 965 813 1004 causas,
841 947 1018 994 Sithoni
1042 948 1171 1005 dura,
1196 966 1356 1005 morae;

249 1058 252 1061 -
277 1021 369 1069 Nec
393 1021 498 1069 satis
522 1021 665 1088 ampla
686 1035 816 1088 putas
838 1024 1022 1072 redituri
1044 1025 1254 1091 pignora,
1281 1026 1319 1073 si
1338 1044 1406 1074 me
1648 1042 1691 1075 55

342 1099 446 1146 Non
470 1118 591 1147 amor
614 1099 814 1157 alterius,
839 1120 932 1149 non
955 1120 1076 1149 amor
1097 1101 1215 1149 ullus
1237 1101 1384 1150 habet.

277 1175 465 1224 Nullane
489 1176 604 1224 fama
625 1177 710 1225 tibi
733 1178 958 1235 turbatos,
983 1177 1151 1244 Phylli,
1176 1189 1357 1244 penates

341 1252 558 1309 Theseos,
585 1264 629 1300 et
650 1253 817 1301 miserae
840 1253 1011 1302 rettulit
1034 1265 1128 1302 acta
1152 1253 1338 1302 domus}>

278 1328 381 1376 Non
404 1327 584 1393 laqueos
608 1327 732 1376 audis
757 1329 844 1377 cari
866 1348 935 1378 me
958 1329 1059 1379 flere
1082 1330 1307 1396 parentis?

346 1403 559 1453 Flebilior
582 1404 772 1470 laqueis,
795 1406 868 1454 hei
890 1407 1021 1454 mihi!
1047 1425 1176 1454 causa
1199 1406 1364 1454 subest.
1645 1421 1688 1454 60

278 1482 383 1529 Non
406 1480 583 1529 fratrem
607 1481 932 1547 Hippolytum?
955 1483 1111 1531 cecidit
1131 1483 1395 1531 miserabilis
1416 1482 1509 1541 ille,

345 1558 544 1623 Praeceps
569 1558 766 1606 attonitis
790 1577 870 1624 per
891 1559 1002 1607 freta
1022 1571 1175 1626 raptus
1193 1560 1331 1625 equis.

278 1634 382 1681 Non
407 1645 551 1682 tamen
574 1653 733 1682 excuso
757 1635 951 1685 reditus:
978 1636 1079 1685 licet
1102 1636 1298 1702 undique
1320 1636 1407 1685 fata

343 1710 636 1760 Accumulent
658 1729 830 1771 causas,
856 1725 1052 1780 tempora
1073 1733 1205 1780 parva
1224 1726 1341 1780 peto.

278 1785 468 1846 Thesea,
496 1788 616 1853 quod
638 1801 856 1855 superest,
882 1802 1050 1856 patrem
1074 1788 1388 1837 tumulabimus
1412 1800 1538 1838 ante:
1644 1804 1688 1838 65

321 1955 373 2000 49.
395 1955 446 1987 Et
458 1955 585 1998 quoties
597 1955 704 1988 oculis
715 1956 899 1988 circumdat
908 1957 951 1988 sz'-

279 2007 374 2046 deta,
393 2007 490 2038 dim.
507 2005 646 2051 Opinor
666 2019 685 2039 a
700 2005 830 2040 Sabino
850 2006 951 2040 relic-

280 2063 357 2090 tum
370 2057 471 2091 fuisse
484 2070 492 2091 :

311 2113 357 2142 Et,
366 2112 467 2145 quoties
477 2112 559 2137 oculis
566 2113 733 2137 circumstant
743 2113 836 2144 sidera,
849 2113 923 2138 dixit.

280 2161 332 2194 Ut
347 2166 476 2206 perstet
496 2160 733 2206 Demophoon
754 2161 791 2194 in
813 2162 951 2206 incepto

279 2212 321 2246 ad
338 2220 472 2257 patrem
484 2225 664 2254 sermone;
678 2219 754 2255 aut,
770 2213 797 2247 si
813 2213 951 2258 propius

278 2263 508 2299 insistendum
523 2264 668 2310 vulgatae
683 2264 821 2298 lectioni
835 2278 843 2299 ε

310 2320 345 2343 Et
355 2319 456 2352 quoties
466 2319 554 2344 oculos
565 2319 732 2344 circumstant
741 2320 835 2352 sidera,
842 2320 917 2345 dixit.

280 2366 350 2401 Sed
367 2374 443 2401 tum
458 2367 559 2413 paulo
578 2375 657 2401 ante
673 2367 883 2414 refingatur:

312 2429 430 2460 Ignoscet
442 2427 512 2453 sasso
529 2437 535 2453 z
553 2437 649 2461 memor
661 2434 700 2453 est
718 2429 851 2454 Minoidos
868 2430 932 2463 ipse.

780 2475 884 2501 l-Imns.

322 2523 375 2567 59.
400 2523 552 2566 Laqueos
563 2525 782 2568 carimeflere
788 2526 949 2567 parentat.

279 2571 334 2605 De
344 2572 472 2616 laqueis
479 2573 696 2608 Theseinihil
705 2574 790 2609 mihi
802 2575 930 2610 lectum
939 2589 947 2616 ;

279 2631 314 2657 et
330 2622 372 2656 de
389 2631 484 2668 patre
498 2650 507 2667 ,
525 2633 564 2659 ut
578 2625 690 2660 adhuc
702 2627 798 2671 vivo,
815 2626 876 2661 sed
891 2640 950 2660 ex·-

278 2674 349 2708 sule
362 2676 474 2720 regni,
485 2688 565 2709 mox
576 2677 752 2713 locuturus
765 2685 830 2713 este
843 2691 950 2723 quare

279 2725 466 2771 legendum
481 2753 491 2771 ,
511 2741 598 2763 carce
618 2742 669 2763 me
683 2732 770 2773 flere
788 2733 949 2774 paream.

1017 1955 1062 1989 Et
1077 1955 1124 1989 ita
1138 1954 1218 1989 citat
1232 1954 1327 1989 hunc
1338 1953 1454 1988 locum
1464 1952 1639 1988 Meursius
1650 1952 1686 1987 in

1016 2006 1171 2050 Theseo,
1184 2019 1255 2052 cap.
1269 2017 1356 2049 xxx,
1369 2012 1408 2039 ut
1423 2003 1608 2040 Phaedram
1623 2005 1686 2039 in-

1015 2058 1143 2104 telligat
1156 2084 1165 2102 ,
1189 2070 1265 2103 quae
1283 2058 1407 2102 laqueo
1432 2057 1539 2091 vitam
1563 2055 1686 2092 finivit.

1016 2109 1086 2144 Sed
1103 2123 1147 2143 an
1163 2117 1254 2144 recte
1270 2122 1360 2143 unus
1371 2108 1534 2153 idemque
1549 2108 1686 2143 Demo-

1016 2161 1132 2206 phoon
1159 2161 1271 2195 doleat
1293 2160 1474 2207 Hippolyti
1493 2172 1611 2194 casum
1624 2185 1633 2203 ,
1650 2166 1688 2194 et

1015 2220 1182 2247 maternae
1198 2213 1319 2246 mortis
1341 2212 1521 2246 infamiam
1534 2238 1543 2256 ,
1561 2211 1686 2246 viderit

1015 2264 1251 2299 Sabinusznisi
1263 2277 1325 2309 per
1339 2264 1395 2298 illa
1408 2263 1511 2298 verba
1522 2290 1531 2306 ,
1539 2265 1692 2308 flebilior

1015 2319 1142 2362 laqueis
1153 2318 1306 2350 heimihi
1317 2329 1421 2350 causa
1440 2317 1572 2356 subest,
1592 2313 1686 2349 indi-

1014 2375 1069 2402 cet
1083 2394 1092 2411 ,
1132 2367 1252 2402 matris
1282 2368 1428 2402 crimina
1451 2379 1587 2401 causam
1615 2379 1686 2400 esse

1015 2420 1203 2454 tristiorem
1217 2420 1288 2465 ipsa
1305 2420 1379 2465 ejus
1393 2426 1518 2453 morte.
1531 2418 1661 2452 Bunm.

1058 2472 1110 2505 63.
1121 2473 1193 2506 Non
1202 2476 1312 2505 tamen
1320 2483 1444 2504 excuso
1451 2472 1583 2504 reditus.
1593 2468 1628 2513 Q
1633 2480 1686 2502 uae

1016 2529 1134 2557 tamen
1150 2537 1223 2557 non
1247 2524 1372 2567 affero,
1395 2522 1436 2556 ad
1453 2520 1685 2556 excusandum

1014 2588 1071 2609 me
1083 2575 1176 2620 quod
1189 2588 1260 2609 non
1273 2574 1422 2609 redeam.
1435 2572 1601 2608 Similiter
1612 2584 1684 2606 om-

1013 2628 1100 2661 nino
1118 2627 1256 2661 Tacitus
1270 2652 1279 2670 ,
1300 2625 1425 2660 Annal.
1442 2625 1480 2668 l,
1503 2626 1555 2667 44.
1574 2638 1590 2654 κ
1604 2625 1684 2658 Re-

1013 2677 1116 2712 dz'lum
1133 2678 1329 2724 Agrippinae
1343 2679 1529 2717 excusavit,
1549 2675 1593 2710 ob
1608 2675 1684 2709 im-

1013 2731 1209 2767 minentem
1224 2737 1362 2775 partum
1377 2735 1412 2765 et
1427 2727 1580 2766 hiemem
1594 2741 1623 2760 ».
