1884 3112
306 286 338 329 6
799 285 1147 331 EPISTOLA
1177 291 1217 332 Ι.

371 378 599 426 Narrantis
619 378 777 442 conjux
797 377 960 442 pendet
978 377 1033 426 ab
1057 398 1131 428 ore
1149 380 1244 428 viri.
1674 401 1717 434 34>

307 454 455 519 Atque
479 454 636 520 aliquis
654 453 799 520 posita
817 465 1034 502 monstrat
1050 453 1141 502 fera
1160 454 1316 522 proelia
1335 475 1507 516 mensa,

373 530 524 592 Pingit
545 541 589 578 et
611 521 769 592 exiguo
791 530 1002 592 Pergama
1021 542 1112 579 tota
1131 551 1266 580 mero.

309 607 402 654 Hac
425 607 519 654 ibat
541 606 727 664 Simois;
745 606 819 655 hic
841 618 908 655 est
931 606 1077 669 Sigeia
1100 607 1255 666 tellus;

371 682 456 730 Hie
481 694 659 749 steterat
681 683 843 731 Priami
865 683 987 746 regia
1010 682 1125 732 celsa
1148 685 1277 732 senis.

307 758 402 808 Illic
425 760 649 823 AEacides‚
672 759 762 809 illic
785 760 994 809 tendebat
1015 760 1197 810 Ulixes:
1677 780 1719 813 35

370 837 455 885 Hic
477 837 592 886 lacer
613 837 826 886 admissos
850 838 1007 886 terruit
1031 839 1200 887 Hector
1222 858 1373 905 equos.

306 913 470 961 Omnia
492 933 679 980 namque
702 926 779 963 tuo
805 915 976 973 senior,
1001 926 1042 963 te
1069 934 1260 981 quaerere
1284 916 1444 975 misso,

370 988 618 1038 Rettulerat
639 1003 744 1039 nato
765 993 954 1049 Nestor3
975 1002 1020 1039 at
1040 990 1113 1039 ille
1137 991 1258 1039 mihi.

308 1065 499 1113 Rettulit
521 1078 566 1114 et
586 1066 701 1134 ferro
725 1066 1010 1133 Rhesumque
1034 1067 1298 1135 Dolonaque
1321 1087 1483 1127 caesos;
1533 1080 1535 1082 ’

351 1201 405 1235 30.
429 1202 607 1236 Narrantis
637 1202 761 1246 conjux
785 1200 914 1246 pende}
937 1204 982 1236 ab

308 1265 363 1286 ore
378 1256 451 1286 viri.
475 1252 532 1287 Sic
547 1252 667 1299 Virgil.
682 1254 765 1288 AEn.
780 1265 819 1289 Ν
831 1280 841 1298 ,
858 1268 899 1302 79
909 1281 918 1299 ,
938 1254 983 1289 de

311 1303 451 1338 Didone
461 1330 471 1347 ‚
487 1316 564 1349 quae

306 1365 398 1389 Iliacos
410 1365 503 1389 iterum
514 1365 619 1390 demens
631 1365 720 1390 audire
737 1365 837 1390 labores

306 1413 430 1446 Exposuit
438 1432 447 1444 ‚
454 1413 608 1447 pendetque
623 1414 718 1438 iterum
728 1413 861 1438 narranti:
868 1413 904 1438 ab
912 1422 966 1439 ore.

309 1461 511 1495 Lucretium
522 1467 669 1505 uterque
682 1460 874 1503 aemulatus,
887 1472 913 1503 1,
930 1460 983 1494 36.

306 1522 392 1546 Pascit
402 1529 488 1546 umore
498 1520 587 1545 avidos
600 1519 699 1545 inhians
709 1520 735 1544 in
746 1525 781 1550 te,
789 1520 855 1550 Dea,
865 1519 937 1545 visus
947 1529 955 1552 ς

311 1570 385 1603 Eque
398 1574 442 1595 tuo
451 1569 555 1603 pendet
566 1569 680 1602 resupini
692 1569 799 1602 spiaitus
816 1577 870 1593 ore.

354 1626 405 1660 32.
428 1627 546 1670 Pingit
555 1630 592 1660 et
602 1628 723 1670 exiguo
735 1627 899 1669 Pergama
912 1629 984 1659 lota

312 1690 410 1712 mem.
441 1677 608 1712 Solebant
632 1677 744 1711 Graeci
771 1684 807 1711 et
832 1677 985 1712 Romani

314 1736 390 1774 post
410 1741 545 1764 coenam
564 1735 712 1763 crateras
732 1728 803 1762 vini
823 1728 857 1762 in
881 1742 985 1763 men-

311 1794 386 1815 sam
405 1782 553 1823 afferre;
578 1789 613 1816 et
634 1781 745 1815 multo
766 1780 883 1816 habito
903 1795 985 1816 ser-

313 1846 418 1868 mone
435 1833 478 1867 ad
493 1833 640 1868 multam
660 1840 801 1868 noctem
820 1846 985 1868 somnum

264 1921 266 1923 ,
311 1885 462 1919 disserre.
476 1886 528 1919 Ex
542 1898 583 1919 eo
593 1885 675 1919 vino
691 1885 818 1930 aliquid
834 1886 871 1919 in
888 1899 985 1921 men-

311 1950 385 1971 sam
396 1936 632 1972 effundebant.
647 1938 767 1982 Quem
780 1951 917 1973 morem
929 1939 985 1975 hic

312 1989 422 2034 tangit
447 1989 621 2034 Penelope
635 2015 644 2033 ,
678 1989 841 2035 additque
858 1991 899 2025 ab
922 1991 985 2027 illis

310 2041 368 2086 qui
382 2041 471 2075 bello
483 2042 640 2087 Trojano
655 2041 837 2077 adsuerant
846 2069 855 2086 ‚
875 2044 985 2079 effuso

309 2094 347 2126 in
359 2105 517 2127 mensam
527 2093 608 2127 vino
619 2093 745 2138 signari
758 2093 830 2129 loca
840 2121 849 2138 ,
863 2095 899 2130 in
912 2096 984 2141 qui-

309 2146 372 2179 bus
384 2158 461 2179 rem
475 2146 644 2190 praecipue
657 2159 738 2180 cum
750 2146 910 2191 Troianis
921 2147 985 2182 ha·-

309 2197 467 2231 buerant.
484 2197 617 2240 Tibul.,
636 2197 671 2241 I,
692 2198 788 2243 Eleg.
806 2210 843 2232 XI
855 2224 864 2241 ,
881 2199 934 2233 31:

312 2265 350 2290 Ut
359 2264 423 2289 mibi
434 2263 531 2297 potanti
541 2264 622 2296 possit
633 2272 679 2287 sua
690 2264 774 2289 dicere
786 2264 852 2290 sacta

342 2313 439 2344 Miles,
457 2312 520 2336 etin
532 2320 622 2336 mensa
633 2312 746 2346 pingere
761 2318 844 2338 castra
855 2323 936 2340 mero.
952 2315 981 2340 C.

356 2369 407 2403 33.
423 2370 501 2402 Hac
513 2370 587 2402 ibat
595 2368 731 2410 Simois,
744 2371 800 2404 hic
810 2377 871 2405 etc.
886 2370 982 2416 Virg.

312 2421 396 2454 AEn.
412 2431 442 2454 11
456 2446 465 2464 ,
484 2433 526 2468 29
542 2432 551 2454 ε

311 2481 361 2505 Hic
386 2480 519 2513 Dolopum
543 2489 634 2505 munus
661 2489 668 2505 :
687 2480 730 2505 hic
754 2490 836 2507 saevus
864 2481 983 2506 tendebat

379 2528 504 2553 Achilles.

309 2576 438 2601 elassibus
450 2577 492 2602 hic
501 2578 572 2602 locus
582 2587 589 2610 ;
602 2578 643 2603 hie
652 2580 718 2604 acies
733 2585 828 2604 certare
840 2579 962 2604 solebant.

311 2632 444 2666 Eadem
461 2646 601 2678 prorsus
616 2635 753 2670 dicendi
769 2637 879 2670 sorma
894 2663 903 2679 ,
919 2636 980 2671 sed

310 2696 383 2717 non
399 2684 476 2719 finis
490 2685 583 2729 idem
598 2700 606 2720 ε
621 2688 722 2733 fingit
745 2689 840 2722 enim
864 2690 955 2724 Naso
968 2715 978 2732 ‚

310 2744 385 2779 quae
399 2749 520 2770 revera
536 2737 694 2773 describit
713 2741 886 2786 Virgilius.

349 2787 401 2822 36.
424 2790 493 2823 ffi'c
511 2791 607 2824 lacer
626 2793 792 2826 admissos
816 2799 878 2827 etc.
907 2793 979 2827 Ex-

1044 1202 1153 1237 tincto
1179 1203 1235 1237 vix
1264 1203 1418 1239 Hectore
1432 1230 1441 1248 ,
1471 1203 1627 1250 undique
1651 1205 1720 1240 cir-

1045 1255 1194 1289 eumsusi
1219 1263 1473 1290 concurrerunt
1497 1256 1610 1292 Graeci
1625 1283 1634 1301 ,
1654 1265 1694 1292 ut
1707 1284 1719 1302 ‚

1048 1306 1107 1350 qui
1123 1313 1260 1341 tantum
1279 1307 1358 1353 ipsis
1374 1315 1546 1343 terrorem
1566 1309 1720 1344 incusse—

1047 1364 1101 1391 rat
1109 1384 1118 1400 ,
1127 1358 1303 1402 propiores
1309 1359 1518 1405 inspicerent
1525 1374 1534 1403 ;
1542 1374 1609 1396 nec
1615 1362 1718 1405 ullus,

1047 1408 1095 1442 ait
1112 1409 1311 1453 Homerus,
1331 1411 1370 1445 ll.
1385 1405 1439 1455 X',
1460 1411 1525 1459 369
1537 1438 1547 1456 ,
1569 1412 1718 1457 adstitit,

1048 1459 1107 1503 qui
1124 1473 1197 1494 non
1211 1474 1314 1495 suum
1328 1462 1375 1496 illi
1389 1463 1514 1498 vulnus
1528 1463 1719 1511 infligeret:

1086 1506 1192 1547 ”Azan
1207 1517 1238 1548 οἵ
1250 1518 1438 1559 περίδραμον
1452 1518 1511 1555 υἷες
1524 1515 1662 1561 Ἀχαιῶν
1670 1544 1720 1552 .....

1091 1566 1162 1599 Οὐδ
1173 1566 1235 1609 ἄρα
1249 1568 1278 1599 οἳ
1292 1582 1337 1603 τις
1353 1566 1497 1607 ἀνουτητί
1508 1583 1541 1612 γε
1555 1570 1687 1614 παρέςη.

1049 1613 1156 1650 Unde
1184 1623 1255 1650 tam
1282 1616 1447 1652 deformis
1470 1625 1506 1653 et
1523 1621 1620 1653 lacer
1629 1646 1640 1661 ,
1681 1627 1721 1656 ut

1048 1666 1179 1701 mirum
1198 1680 1272 1701 non
1294 1668 1336 1702 sit
1349 1695 1358 1712 ‚
1377 1674 1450 1703 t'am
1469 1669 1562 1704 soedo
1582 1679 1720 1716 aspectu

1048 1718 1102 1752 vel
1128 1719 1217 1764 ipsos
1244 1731 1364 1764 equos'
1378 1723 1536 1755 termaetrse
1549 1747 1559 1762 ,
1586 1721 1646 1767 qui
1676 1722 1721 1757 ad

1048 1770 1259 1815 raptandum
1273 1771 1315 1805 ab
1340 1770 1473 1806 Achille
1491 1772 1722 1808 incitarentur

1050 1822 1254 1865 (admissos).
1271 1822 1352 1857 Hoc
1372 1823 1468 1857 enim
1483 1835 1587 1858 sensu
1608 1831 1722 1870 potest

1049 1874 1154 1919 accipi
1168 1887 1232 1908 vox
1247 1876 1423 1909 admittere
1436 1902 1445 1916 ‚
1464 1882 1500 1910 et
1515 1877 1644 1922 accepit
1660 1877 1721 1911 Li-

1048 1926 1144 1970 vius,
1163 1938 1193 1960 11
1206 1953 1215 1970 ‚
1235 1940 1284 1974 ¹9·
1302 1926 1667 1972 Quodlicetobvium,
1685 1935 1722 1964 et

1048 1985 1151 2024 captu
1164 1979 1258 2013 facile
1269 2005 1278 2022 ,
1290 1991 1363 2013 non
1377 1979 1582 2024 perspexisse
1595 1979 1720 2015 viden-

1049 2036 1125 2074 tur,
1144 2031 1203 2076 qui
1215 2031 1252 2064 in
1266 2029 1360 2065 hunc
1377 2031 1492 2065 locum
1506 2030 1609 2077 longe
1632 2031 1719 2067 adeo

1048 2089 1273 2117 excurrerunt
1290 2108 1299 2125 ,
1329 2089 1534 2128 tantumque
1563 2082 1719 2118 desuda-

1046 2141 1152 2177 runt,
1170 2141 1229 2177 ut,
1248 2134 1306 2179 qui
1322 2133 1397 2168 luce
1418 2134 1562 2178 clarior,
1584 2141 1719 2170 textum

1047 2185 1252 2219 omnimodo
1260 2193 1465 2230 torquerent
1475 2194 1718 2233 vexarentque.

1090 2238 1142 2283 37.
1169 2239 1290 2272 Omnia
1304 2250 1444 2282 namque
1457 2242 1554 2272 tuom.
1563 2243 1645 2274 nalo
1653 2246 1717 2274 etc.

1048 2289 1281 2324 Observatum
1293 2290 1364 2334 jam
1377 2302 1396 2323 a
1405 2289 1486 2324 viris
1498 2289 1606 2326 doctis
1615 2316 1625 2335 ,
1635 2292 1719 2325 ims-

1046 2344 1166 2375 cellau.
1188 2343 1322 2375 obsera.
1337 2341 1402 2376 vol.
1417 2353 1465 2385 11,
1478 2349 1562 2376 tom.
1579 2356 1608 2385 1,
1619 2355 1716 2388 μαι,

1047 2392 1216 2428 Ovidium
1226 2391 1282 2427 hic
1294 2393 1454 2426 Homero
1466 2393 1716 2436 contradicere,

1046 2444 1105 2489 qui
1120 2445 1313 2489 profectum
1327 2443 1370 2478 ad
1382 2444 1632 2490 inquirendum
1646 2458 1715 2490 pa-

1044 2502 1136 2530 trem
1149 2522 1159 2539 ,
1180 2495 1284 2530 inscia
1309 2502 1440 2538 matre,
1465 2495 1716 2530 Telemachum

1045 2547 1135 2582 dicit.
1153 2547 1279 2595 Odyss.
1291 2554 1324 2581 Β.
1335 2547 1404 2582 Sed
1415 2546 1529 2581 nullus
1539 2546 1640 2582 video
1654 2561 1717 2583 cur

1045 2612 1118 2632 non
1133 2598 1242 2633 redux
1261 2599 1364 2633 matri
1377 2625 1386 2642 ‚
1403 2610 1478 2643 quae
1492 2597 1620 2632 Nestor
1634 2599 1713 2644 ipsi,

1043 2651 1201 2684 retulerit
1217 2664 1224 2685 :
1240 2650 1309 2696 ipsa
1325 2651 1472 2693 fatente,

1074 2703 1219 2727 Rettulerat
1229 2707 1288 2727 nato
1299 2702 1410 2732 Nestou
1427 2706 1453 2725 at
1465 2702 1509 2727 ille
1516 2701 1590 2726 mihi.

1086 2749 1138 2796 39.
1161 2751 1368 2794 Rhesumque
1382 2750 1581 2794 Dolonaque
1597 2762 1713 2784 coesos.

1043 2801 1179 2836 Rhesus
1189 2815 1247 2835 rex
1256 2802 1287 2836 T
1290 2801 1424 2846 hraciae,
1435 2801 1596 2846 Troianis
1608 2814 1710 2846 opem
