1884 3112
369 243 453 288 116

900 247 957 291 A.
1002 248 1233 296 SABINI

359 336 568 386 Nondum
591 347 737 386 tantus
760 356 904 387 eram:
925 358 1014 405 quo
1037 359 1106 389 me
1128 343 1326 405 genitore
1349 347 1589 412 superbum

421 410 609 477 Arguis,
628 415 718 463 hoc
741 414 946 463 dominus
971 427 1076 465 tunc
1099 418 1356 469 retinendus
1377 441 1520 473 eram·

354 493 459 541 Non
482 510 564 554 ego
588 491 874 557 Deiphobum
897 493 1146 558 sperabam,
1172 507 1249 545 aut
1272 498 1464 549 Hectora
1484 502 1677 561 fratrem,

420 568 572 630 Quum
594 578 746 633 pastos
769 586 960 630 agerem,
986 581 1029 618 te
1053 572 1310 632 comitante,
1331 593 1484 638 greges
1504 596 1514 635 ;

353 644 622 710 Reginaeque
645 644 882 703 Hecuben,
907 664 1000 693 non
1020 646 1193 706 matris,
1219 651 1393 700 nomine
1415 671 1594 702 noram:
1714 668 1754 703 ι5

414 722 475 769 Et
495 720 638 772 fueras
661 719 727 768 illi
751 719 884 784 digna
905 741 1077 772 manere
1095 743 1247 789 nurus.

350 797 438 845 Sed
459 816 551 847 non
573 810 641 847 est
662 798 847 847 rationis
870 817 993 848 amor
1012 818 1023 848 :
1044 811 1086 848 te
1110 800 1308 860 consule,
1328 804 1560 871 Nympha:

411 876 534 925 Laesa
555 893 621 932 es;
641 873 718 923 sed
737 873 882 923 laesam
906 875 1063 924 scribis
1085 895 1227 927 amare
1246 889 1403 927 tamen.

349 950 588 1016 Quumque
604 961 763 1016 ,petant
785 949 931 1016 Satyri
954 953 1195 1013 connubia,
1222 974 1357 1021 quum
1383 967 1457 1005 tua
1481 957 1647 1015 Panes;
1672 980 1674 982 ·

407 1027 597 1092 Rejectae
621 1045 789 1075 memor
808 1045 854 1075 es
880 1039 928 1075 tu
951 1039 1096 1077 tamen
1118 1048 1262 1096 usque
1282 1029 1402 1079 facis.
1708 1058 1751 1082 20

343 1103 491 1162 Adde,
517 1103 640 1170 quod
660 1104 733 1152 hic
755 1103 856 1152 fatis
880 1122 1004 1153 amor
1025 1117 1092 1154 est
1113 1105 1309 1171 adjutus,
1337 1119 1380 1156 et
1401 1106 1525 1156 illum

405 1180 593 1228 Praescia
613 1179 786 1228 venturi
807 1179 974 1228 viderat
996 1192 1098 1230 ante
1119 1199 1258 1229 soror.

341 1253 551 1304 Nondum
571 1254 850 1321 Tyndaridos
872 1274 1032 1305 nomen
1054 1257 1165 1305 mihi
1179 1257 1357 1307 sederat
1380 1278 1480 1309 aure
1494 1297 1506 1319 ,

406 1333 499 1380 Nec
520 1331 677 1380 cecinit
703 1332 862 1397 Grajos
886 1332 962 1381 illa
984 1352 1138 1382 vocare
1161 1345 1299 1382 toros.

344 1408 507 1458 Omnia
528 1427 628 1457 vera
649 1409 799 1458 vides:
819 1422 1028 1477 superant
1051 1431 1146 1460 mea
1166 1411 1347 1461 vulnera
1369 1423 1560 1471 tantum;
1703 1429 1746 1462 25

405 1488 556 1552 thue
579 1497 699 1533 tuam
721 1486 909 1552 supplex
931 1506 1110 1553 poscere
1134 1507 1264 1551 cogar
1279 1507 1430 1555 opem.

386 1629 436 1649 ια.
452 1614 527 1649 Hoc
543 1615 694 1648 dominus
719 1617 798 1649 lunc
819 1616 1012 1650 retinendus

336 1680 439 1704 eram.
447 1667 521 1700 Hoc
528 1664 879 1705 dommofironovius.
887 1667 1011 1702 Putavi

340 1717 531 1764 quondam,
547 1718 625 1751 huic
638 1718 770 1751 domino
784 1720 862 1750 tunc
876 1729 1011 1751 renuen-

338 1773 403 1804 dus
410 1782 500 1804 eram
516 1781 524 1802 .-
539 1767 651 1803 habeo
663 1774 698 1803 et
707 1767 786 1803 alias
795 1768 1010 1813 conjecturas

337 1822 375 1857 in
385 1826 549 1867 promptu
558 1845 568 1863 ,
584 1818 690 1854 sedin
705 1819 826 1864 quibus
837 1819 923 1854 mihi
936 1832 1010 1854 non

338 1872 540 1909 satisfaciam
556 1884 564 1907 ς
579 1873 613 1906 τὲ
636 1883 726 1906 eram
745 1870 783 1905 in
801 1870 872 1906 fine
892 1884 1009 1908 versus

339 1923 451 1970 repeti
460 1936 533 1958 non
547 1922 656 1968 placet
666 1936 674 1964 ;
692 1934 755 1968 pro
766 1934 835 1967 quo
844 1935 933 1958 erum
943 1924 1010 1958 sor·

339 1976 433 2012 tassis
442 2002 451 2020 ,
465 1974 758 2020 auterascriptum
764 1974 867 2008 suerit
877 2001 887 2019 ,
902 1975 1009 2010 omis-

338 2041 393 2072 sa,
412 2026 562 2070 utsolet,
581 2025 934 2074 aspiratione.Sensus
943 2026 1008 2062 erit

338 2092 414 2114 non
428 2079 656 2125 incongruus,
671 2078 699 2113 si
715 2076 823 2162 18535τέ

543 2138 639 2171 ..Quo
655 2146 696 2163 me
712 2146 740 2170 ge
727 2138 795 2162 enilo
836 2146 907 2172 suipe
900 2137 975 2163 rbum

338 2187 450 2220 Armgu
467 2186 514 2212 boe
531 2185 619 2211 doimn
642 2185 855 2217 ‚ieteretundus
870 2186 938 2211 hem.

341 2235 390 2270 vel
404 2235 487 2281 quid
500 2234 619 2270 simile.
621 2195 767 2270 0lems

384 2289 433 2322 15.
446 2289 647 2331 Begmaeque
662 2287 836 2326 Hecaben,
856 2298 921 2320 non
931 2298 1005 2319 ma-

335 2343 414 2380 tn’s,
433 2342 562 2374 nomine
576 2350 698 2373 noram.
717 2337 773 2372 Sic
785 2350 825 2372 ex
839 2337 1004 2382 ingenio—

334 2391 464 2427 sissima
493 2390 629 2425 Heinsii
655 2389 853 2434 conjectura
877 2388 1004 2435 legen-

336 2444 422 2478 dum
439 2456 448 2478 2
463 2442 547 2477 olim
563 2443 678 2487 enim,

335 2504 511 2537 Reginamque
520 2502 644 2527 Hecuhen
654 2522 662 2533 ,

338 2551 447 2596 Quod
460 2551 509 2585 ita
522 2550 721 2594 absurdum,
736 2551 782 2585 ita
795 2549 891 2584 omni
900 2562 1002 2584 sensu

336 2603 435 2647 inops
458 2602 594 2637 videtur
605 2628 614 2645 ,
647 2609 686 2636 ut
714 2602 951 2647 incastigatum
983 2613 1002 2634 a

337 2656 542 2689 Burmanno
557 2655 645 2699 juste
662 2654 808 2688 miretur
819 2653 972 2697 Lennep.

362 2706 410 2740 16.
423 2708 539 2749 Digna
552 2719 692 2739 manere.
704 2705 847 2739 Mallem
859 2707 979 2737 venire.

362 2772 373 2791 1
381 2758 409 2790 8.
419 2758 517 2791 Loesa
523 2770 570 2800 cs,
581 2757 796 2791 ellaesam,Ut
804 2755 913 2791 versui
922 2767 1000 2789 con-

681 2502 731 2527 nisi
742 2502 830 2526 matris
842 2501 944 2526 nomine
952 2506 1000 2526 etc.

1074 1615 1216 1660 sulatur,
1227 1614 1355 1652 sihunc
1363 1616 1409 1652 ita
1419 1616 1606 1663 admiseris,
1619 1618 1726 1654 scribe
1736 1631 1744 1654 :

1073 1675 1200 1706 Laederis,

1075 1723 1128 1757 Ita
1133 1724 1273 1758 Vossius
1280 1725 1317 1758 in
1327 1724 1413 1759 Arte
1423 1724 1656 1761 Grammatica
1665 1738 1746 1761 con-

1073 1774 1228 1819 jectabat.
1245 1776 1356 1810 Possis
1371 1776 1495 1811 etiam:

1073 1830 1147 1855 Laesa
1162 1829 1236 1861 licet,
1252 1830 1338 1855 loesam
1352 1830 1443 1855 scribis
1457 1839 1542 1856 amare
1557 1836 1650 1856 tamen.

1117 1893 1169 1914 21.
1193 1880 1261 1914 Hic
1269 1879 1372 1924 sallir-
1392 1881 1458 1915 HA:
1467 1881 1561 1925 satir
1575 1880 1742 1917 editiones

1073 1930 1206 1966 Bersm-
1218 1931 1334 1966 Plant.

1116 1983 1167 2026 24.
1182 1984 1254 2018 Nec
1269 1986 1393 2017 cecinit
1403 1989 1467 2019 etc.
1478 1983 1640 2019 Putidam
1651 2010 1661 2028 ,
1676 1997 1742 2020 nec

1070 2032 1247 2069 immerito
1258 2061 1267 2079 ,
1282 2033 1455 2080 vulgatam
1469 2043 1586 2070 censet
1601 2042 1637 2070 et
1650 2048 1740 2082 pro—

1070 2085 1129 2120 bat
1149 2084 1202 2121 Cl.
1223 2085 1378 2132 Lennep.
1402 2100 1420 2116 α
1443 2085 1532 2120 Illud
1552 2087 1668 2131 enim,
1682 2087 1740 2122 in—

1072 2137 1157 2182 quit,
1173 2150 1212 2171 ex
1221 2137 1500 2173 antecedentibus
1510 2137 1655 2172 dubium
1665 2150 1738 2173 non

1070 2196 1138 2231 est,
1157 2189 1240 2234 quin
1261 2189 1349 2223 sacta
1374 2189 1479 2224 suerit
1498 2189 1534 2223 in
1557 2189 1623 2225 hoc
1637 2201 1737 2224 versu

1069 2240 1202 2274 mentio
1228 2239 1360 2275 Paridis
1383 2253 1463 2276 cum
1484 2241 1621 2275 Helena
1645 2254 1738 2276 con-

1068 2291 1170 2337 jugii,
1193 2292 1265 2336 jam
1295 2291 1447 2336 praedicti
1470 2305 1489 2326 a
1521 2291 1734 2336 Cassandra,

1069 2350 1149 2378 ante
1159 2343 1337 2388 cognitum
1349 2343 1465 2378 Paridi
1480 2343 1591 2389 ipsum
1606 2356 1734 2379 nomen

1069 2394 1224 2430 Helenae.
1243 2395 1363 2440 Itaque
1378 2395 1558 2440 probabilis
1570 2401 1661 2430 certe
1672 2420 1681 2438 ,
1702 2403 1737 2429 et

1069 2445 1305 2491 amplectenda
1321 2446 1456 2480 Heinsii
1476 2446 1672 2481 emendatio
1685 2458 1694 2480 :

1099 2502 1132 2526 Et
1149 2501 1240 2525 cecinit
1257 2501 1347 2526 Graios
1363 2501 1407 2525 ina
1422 2509 1514 2525 vocare
1529 2507 1604 2526 toroS.

1068 2549 1309 2594 Supplendum
1324 2556 1440 2583 autem
1451 2562 1518 2589 me,
1538 2561 1578 2582 ex
1597 2555 1736 2583 antece-

1067 2600 1163 2636 denti
1178 2602 1278 2642 m1'ht';
1296 2600 1361 2635 nisi
1376 2600 1490 2642 malis,
1507 2612 1558 2633 me
1576 2603 1708 2633 cecinit.

1110 2654 1161 2686 25.
1179 2654 1266 2687 Vera
1275 2654 1377 2686 vides.
1388 2653 1498 2691 Fides,
1514 2650 1735 2685 Bersm.edit

1108 2703 1161 2737 26.
1193 2703 1300 2747 thue
1323 2707 1412 2736 tuam
1436 2704 1574 2746 supplex
1594 2715 1734 2745 poscent

1064 2766 1166 2798 cogor
1184 2766 1287 2798 opem.
1321 2755 1431 2797 Cogor
1449 2753 1532 2800 lege.
1563 2753 1709 2797 Reliqua
1720 2773 1742 2794 ,v

1218 1681 1244 1700 et
1260 1676 1346 1701 laesam
1362 1677 1452 1702 scribis
1469 1686 1552 1702 amare
1566 1683 1662 1703 tamen.
