1884 3112
711 284 998 331 PRAEFAT
1012 285 1105 330 1‘o.
1545 273 1625 342 m

195 389 343 449 viora,
370 386 440 438 vel
462 371 698 453 negligunt
717 407 928 456 prorsus,
953 399 1031 437 aut
1050 386 1124 435 vix
1146 395 1342 443 tentata}
1366 382 1628 449 relinquunt

195 477 294 527 aliis
311 478 545 537 tentanda;
570 478 632 527 ita
649 490 702 527 ut
717 478 852 545 paulo
874 478 1038 526 dubius
1060 475 1201 539 magis
1221 475 1384 523 haereat
1398 475 1563 522 Lector
1584 481 1629 520 et

195 567 412 627 incertus,
437 587 570 635 quam
594 569 632 616 si
660 567 784 617 nulla
813 566 997 615 omnino
1026 565 1105 615 lux
1138 564 1205 613 illi
1237 562 1502 613 adfulsisset.
1536 562 1630 609 Nec

195 654 302 722 plus
316 656 421 706 inde
439 655 708 723 sperandum
726 654 878 703 auxilii
898 666 986 713 est,
1002 665 1145 721 poetae
1157 643 1386 716 ingenium
1402 649 1630 721 explorare

199 745 418 812 cupienti,
445 756 490 794 et
504 746 738 793 Musarum
763 744 898 793 sacris
918 743 1084 791 initiari
1109 762 1119 791 :
1144 741 1271 810 quasi
1288 741 1336 789 in
1353 741 1442 788 hoc
1459 740 1632 807 impor-

198 844 312 883 tuno
325 834 491 901 poetici
510 834 762 902 splendoris
783 833 951 882 lumine
967 832 1159 896 caligent
1178 842 1358 899 repente
1370 868 1381 889 ,
1401 830 1479 897 qui
1495 828 1631 877 modo

198 931 290 970 tam
309 923 555 990 perspicaci
577 922 811 973 oculorum
832 923 923 971 acie
943 922 1156 971 interiora
1180 920 1484 985 grammatices
1503 938 1635 968 excu-

199 1009 372 1059 tiebant
383 1048 395 1070 ‚
414 1023 460 1060 et
473 1011 738 1061 dissidentes
753 1012 871 1061 inter
883 1031 929 1061 se
943 1012 1263 1078 impressorum
1274 1009 1344 1058 vel
1360 1009 1637 1075 manuscrip-

198 1110 352 1149 torum
363 1100 584 1151 librorum
597 1101 809 1151 lectiones
826 1103 1016 1166 graviter
1029 1101 1139 1150 adeo
1155 1100 1507 1168 componebant!
1533 1099 1635 1147 Scio

200 1191 407 1258 equidem
422 1193 618 1242 extitisse
633 1180 880 1241 nonnullos
892 1193 1156 1259 interpretes
1167 1230 1179 1250 ‚
1208 1211 1231 1240 e
1248 1191 1412 1258 quibus
1429 1190 1637 1257 princeps

202 1280 367 1330 eminet
383 1281 461 1330 CL.
480 1282 721 1339 Hermus,
739 1281 816 1347 qui
829 1300 923 1328 non
937 1281 1000 1328 ita
1018 1299 1064 1328 se
1078 1279 1226 1328 verbis
1240 1278 1501 1337 addixerint,
1516 1290 1569 1326 ut
1584 1277 1638 1326 de

200 1368 338 1418 rebus
354 1368 480 1417 nullo
502 1368 640 1417 modo
655 1367 1024 1427 sollicitarentur3
1046 1369 1123 1417 sed
1144 1380 1189 1416 et
1210 1367 1298 1416 illis
1322 1367 1637 1434 exprobratum

203 1446 320 1504 nihil
339 1455 459 1505 ultra
480 1456 676 1506 criticam
699 1468 837 1504 artem
860 1457 924 1505 sic
952 1456 1256 1523 promovisse;
1292 1475 1438 1523 neque
1468 1456 1638 1517 doctis,

204 1565 287 1596 nec
304 1545 593 1614 politioribus
610 1546 716 1594 viris
741 1562 863 1612 aeque
885 1545 1041 1595 fecisse
1065 1547 1184 1595 satis.
1223 1548 1342 1595 Rara
1359 1547 1468 1596 adeo
1490 1548 1642 1601 litera-

205 1635 620 1700 turae'elegantioris
641 1636 970 1686 et'eruditionis
991 1655 1172 1703 summae
1192 1636 1456 1686 concordia!

254 1724 386 1790 vQuae
421 1725 511 1774 duo
547 1745 680 1793 quam
716 1726 997 1775 mediocriter
1026 1716 1075 1774 in
1106 1746 1177 1776 me
1210 1726 1476 1775 conveniant
1494 1765 1506 1786 ‚
1546 1746 1639 1777 non

203 1812 478 1863 monendum
496 1825 562 1873 te,
580 1815 757 1873 Lector,
777 1814 955 1881 putavi,
975 1814 1053 1881 qui
1070 1814 1224 1874 citius,
1242 1814 1309 1863 vel
1323 1815 1536 1864 reticente
1554 1835 1637 1874 me,

205 1902 408 1971 profecto
432 1902 682 1967 intelliges3
714 1902 792 1952 sed
820 1886 1098 1962 docendum,
1133 1922 1220 1969 qua
1248 1903 1533 1969 potissimum
1572 1905 1642 1952 via

206 1991 493 2059 propositum
503 1991 638 2040 finem
659 1991 860 2040 duxerim
881 1990 1230 2057 assequendum3
1254 2003 1306 2039 ut
1330 1990 1439 2057 quid
1461 2011 1515 2040 ex
1543 1992 1642 2041 aliis

207 2079 532 2148 excerpendum
545 2118 558 2139 ‚
586 2079 646 2145 Vde
681 2098 780 2128 meo
816 2079 925 2146 quid
960 2078 1212 2127 addendum
1244 2079 1488 2128 censuerim
1506 2117 1519 2139 ‚
1551 2099 1643 2129 uno

210 2169 338 2235 quasi
357 2170 623 2236 conspectu,
651 2167 885 2231 dignoscas
908 2168 1150 2216 aestimator
1173 2169 1464 2234 aequissimus.

277 2259 433 2323 Quum
454 2257 572 2307 enim
592 2256 683 2305 duo
704 2257 794 2305 sint
810 2294 822 2315 ‚
849 2275 946 2323 quae
965 2255 1207 2322 praesertim
1229 2255 1418 2314 faciant,
1441 2268 1493 2304 ut
1515 2275 1645 2305 suum

212 2339 401 2389 editioni
419 2340 681 2406 cuicumque
702 2351 789 2388 stet
809 2339 1001 2406 pretium
1015 2377 1026 2398 ‚
1054 2338 1302 2388 emendatio
1323 2339 1491 2389 scilicet
1511 2352 1556 2388 et
1578 2341 1648 2388 in-

213 2429 492 2496 terpretatio,
511 2428 752 2478 videndum
769 2428 916 2495 primo
935 2427 1021 2476 fuit
1036 2426 1146 2496 quid
1161 2427 1209 2475 in
1226 2440 1458 2495 utramque
1477 2439 1646 2495 partem

214 2517 407 2567 subsidii
421 2515 475 2566 ἐκ
486 2516 858 2593 ἰΙΙὶεςερεΥειῐιᾶυιῐι
871 2529 1007 2575 esset,
1029 2517 1106 2583 qui
1115 2518 1338 2567 Nasonem
1350 2518 1483 2585 primi
1499 2537 1646 2568 emen-

216 2605 411 2655 dandum
430 2617 711 2654 tentaverunt
733 2616 777 2654 et
799 2604 1194 2672 interpretandum.

280 2695 348 2743 Ac
372 2694 425 2744 de
450 2693 758 2743 emendatione
783 2693 981 2761 quidem,
1003 2692 1118 2741 nihil
1140 2692 1262 2742 aliud
1284 2693 1493 2744 meliusve
1512 2713 1648 2759 agen-

219 2781 325 2832 dum
349 2801 578 2850 superesse
602 2781 713 2833 mihi
737 2801 836 2833 sum
850 2782 1098 2832 'arbitratus
1114 2820 1126 2842 ‚
1161 2801 1295 2849 quam
1316 2783 1378 2844 si,
1404 2782 1646 2833 lectionum
