1884 3112
597 259 802 307 PARIS
842 259 1149 307 HELENAE.

1496 260 1581 306 283

167 353 260 404 Nec
281 371 351 403 me
369 353 495 403 crede
513 353 674 404 fictum
696 373 861 405 merces
878 366 1081 423 portante
1105 353 1251 403 carina

231 431 418 482 Findere
439 452 449 481 ε
471 452 579 500 quas
602 433 772 492 habeo,
797 433 857 482 Di
880 444 1104 491 tueantur,
1129 432 1258 499 opes!

167 510 259 560 Nec
281 511 411 560 venio
436 511 590 560 Graias
613 510 750 561 veluti
774 521 997 578 spectator
1019 509 1075 557 ad
1096 508 1256 558 urbes:

233 587 416 654 Oppida
439 600 544 637 sunt
559 589 685 652 regni
709 588 913 637 divitiora
935 585 1033 634 mei.

167 664 233 714 Te
255 677 384 731 peto,
410 686 540 733 quam
563 666 677 715 lecto
701 665 874 733 pepigit
894 665 1046 713 Venus
1071 682 1201 712 aurea
1222 674 1380 712 nostro
1400 681 1411 721 3
1544 676 1587 712 35

232 742 298 791 Te
320 743 446 810 prius
472 744 643 811 optavi,
670 761 800 810 quam
823 741 934 791 mihi
956 752 1061 789 nota
1083 739 1201 789 fores
1224 760 1236 788 :

169 817 287 879 Ante
311 829 414 868 tuos
436 819 582 868 animo
604 818 720 878 vidi,
745 837 876 885 quam
899 817 1086 875 lumine,
1111 816 1286 875 vultus3

231 896 380 945 Prima
401 895 488 946 fuit
506 896 655 945 vultus
678 897 836 945 nuntia
858 895 972 944 fama
997 894 1076 943 tui.

170 974 264 1024 Nec
288 985 434 1023 tamen
456 986 524 1024 est
544 974 704 1024 mirum
718 1013 730 1033 ‚
755 974 815 1033 si,
841 974 955 1023 sicut
979 983 1202 1040 oporteat,
1229 991 1331 1021 arcu

232 1050 487 1101 Missilibus
509 1051 608 1101 telis
632 1052 802 1101 eminus
826 1051 963 1108 ictus,
988 1069 1100 1098 amo.
1546 1060 1590 1105 40

166 1127 239 1178 Sic
262 1126 431 1195 placuit
451 1128 552 1177 fatis
573 1148 583 1176 :
604 1147 700 1195 quae
722 1147 778 1176 ne
796 1125 1036 1177 convellere
1061 1137 1226 1184 tentes,

175 1264 179 1268 ,
232 1206 397 1274 Accipe
422 1225 523 1256 cum
539 1225 642 1255 vera
664 1206 782 1254 dicta
803 1203 939 1254 relata
955 1204 1054 1254 fide.

167 1283 329 1333 Matris
355 1283 500 1332 adhuc
523 1294 673 1342 utero,
696 1294 828 1350 partu
848 1293 1096 1331 remorante
1110 1319 1122 1339 ‚
1148 1281 1356 1329 tenebar:

233 1362 262 1410 J
265 1381 334 1411 am
356 1361 562 1425 gravidus
580 1361 702 1427 justo
726 1360 923 1428 pondere
946 1371 1098 1413 venter
1121 1370 1226 1408 erat.

168 1481 205 1512 et
219 1475 267 1512 ita
287 1483 411 1512 contra
424 1479 607 1512 invenimus
624 1475 679 1511 illa
690 1502 700 1519 ,
716 1475 754 1510 in
771 1486 847 1521 quae

169 1541 252 1564 casu
267 1528 423 1575 quodam
437 1528 632 1564 incidimus.
647 1528 778 1563 Bumu.

210 1580 265 1616 31.
288 1582 362 1617 Nec
374 1593 427 1616 ne
441 1580 681 1626 credesmtan.
693 1606 715 1614 ..
725 1605 749 1614 ..
764 1580 849 1614 firn-

166 1633 254 1667 deoe.
271 1632 313 1668 Id
329 1639 400 1678 est,
412 1646 545 1675 secam,
559 1634 722 1668 scindere.
738 1631 796 1667 Sic.
812 1638 848 1667 et

168 1684 300 1728 Greek
313 1685 492 1721 Homerus
503 1684 629 1731 passim
638 1711 648 1729 ‚
663 1690 699 1719 et
710 1683 847 1730 Appon.

168 1736 302 1784 Argon.
317 1747 375 1782 1v,
395 1749 459 1785 770
471 1763 481 1782 ,
498 1737 542 1773 de
559 1736 675 1772 Iride:

217 1792 334 1827 Δῦτὺωι
350 1789 380 1826 δ’
391 1791 450 1840 ἶρις
463 1788 515 1825 ἄπ’
527 1781 699 1835 ὀυλύμποιο
711 1795 847 1840 θοροῦσα,

167 1842 286 1886 Timor,
298 1845 507 1884 τανυσσαμένη
524 1849 618 1891 κοῦφα
632 1843 733 1888 πτερά.

211 1892 266 1928 33.
281 1895 355 1928 Nec
365 1897 462 1929 venio
470 1901 534 1929 etc.
547 1896 591 1930 Τὲ
602 1896 713 1929 veluti
717 1906 850 1939 suspec-

170 1951 249 1980 tum
264 1952 316 1981 est
331 1944 374 1980 de
391 1945 532 1981 mendo.
550 1946 682 1980 Hssnss.
701 1945 748 1979 Et
763 1957 849 1979 me-

168 1997 238 2032 rito
249 2009 258 2031 ε
269 1997 432 2034 omittere
448 1998 545 2034 enim
560 1998 673 2033 solent
689 1997 759 2032 illas
775 2010 850 2043 par-

171 2049 303 2095 ticulas,
314 2053 430 2091 veluti,
442 2055 609 2096 tauquam,
625 2051 760 2085 Poetae:
770 2048 849 2084 vide

172 2101 336 2138 Servium
349 2101 392 2138 ad
409 2102 532 2150 virgil.
548 2114 562 2138 1
576 2129 586 2147 ,
610 2101 751 2136 AEneid.
774 2101 848 2145 384.

172 2153 281 2191 Forte
295 2154 489 2201 scripserit:

172 2212 229 2238 Nec
235 2211 323 2244 venio,
330 2216 358 2236 ut
363 2210 452 2243 multi,
457 2211 549 2244 Graias
559 2216 686 2245 spect-tor
690 2211 723 2237 nd
730 2211 849 2237 nrbes.B.

215 2260 268 2309 39.
291 2260 363 2296 Nec
381 2263 492 2295 tamen
505 2264 562 2294 est
576 2263 693 2295 mirum
705 2288 713 2302 ‚
731 2264 783 2301 si,
800 2263 852 2294 si·-

172 2315 231 2347 cu!
242 2316 395 2356 oporteat
411 2318 474 2347 etc.
493 2312 627 2347 Locum
642 2313 736 2347 varie
761 2320 849 2348 ten-

173 2370 294 2399 tarunt
304 2363 368 2399 viri
378 2363 480 2399 docti.
494 2364 626 2412 Micylli
637 2365 851 2410 conjectura,

172 2419 264 2451 sicut
275 2419 435 2461 oportuit,
456 2416 611 2461 quamvis
628 2417 769 2451 lenitate
791 2429 853 2451 sua

171 2482 208 2504 se
223 2467 496 2512 commendans,
514 2468 593 2503 ideo
615 2468 754 2514 probari
777 2481 853 2504 non

173 2527 288 2568 potest
307 2547 318 2566 ,
355 2519 434 2566 quia
462 2519 510 2555 sic
538 2520 633 2554 idem
660 2521 710 2555 bis
734 2520 854 2556 dixisse

174 2572 458 2620 deprehendatur
494 2571 651 2608 Ovidius.
689 2573 855 2619 Sequitur

175 2626 274 2662 enim
285 2653 295 2670 ‚
323 2629 375 2661 sic
393 2629 529 2671 placuit
541 2626 645 2671 falis.
671 2626 855 2673 Ingeniose

176 2676 301 2712 Douza
331 2690 466 2713 nomen
498 2677 553 2713 hic
580 2677 688 2713 latere
715 2678 859 2724 putabat

177 2729 342 2765 amatoris
354 2729 515 2774 fabulosi,
533 2730 592 2775 qui
603 2730 649 2764 ita
659 2756 668 2773 ,
686 2736 725 2764 ut
738 2730 854 2774 Paris,

177 2793 361 2829 nunquam
371 2783 451 2819 visoe
464 2783 585 2829 puenae
596 2796 714 2819 amore
723 2782 858 2830 flagras·

911 1480 973 1510 set.
990 1473 1158 1509 Heinsius
1174 1472 1300 1519 triplici
1317 1471 1451 1507 ratione
1469 1483 1594 1506 emen-

913 1524 1014 1560 dabat
1029 1537 1038 1559 :
1051 1528 1087 1559 si
1100 1528 1190 1559 sicut
1205 1527 1351 1568 oportuit
1367 1527 1479 1558 actum
1488 1535 1500 1566 ‚·
1516 1521 1592 1565 vel,

912 1580 1001 1612 sicut
1005 1580 1150 1621 oportuit
1155 1580 1257 1611 ictum
1269 1590 1279 1610 ,·
1290 1576 1357 1619 vel,
1367 1579 1456 1610 sicat
1464 1577 1596 1619 oportet

911 1631 956 1663 ab
963 1641 1052 1663 arcu.
1060 1629 1286 1664 Postremum
1293 1627 1444 1661 maxime
1453 1625 1593 1661 arridet.

913 1681 1036 1716 Posses
1061 1680 1167 1716 etiam
1193 1679 1259 1715 hoc
1282 1678 1392 1714 modo
1416 1679 1531 1725 legere
1555 1689 1595 1711 ac

912 1732 1124 1780 distinguere
1138 1745 1147 1767 :

1146 1811 1177 1819 ...
1197 1793 1242 1824 Si,
1257 1792 1325 1818 sieut
1334 1791 1441 1818 Amoris
1454 1790 1487 1816 ab
1499 1799 1564 1815 arcu

944 1841 1093 1868 Missilibus
1106 1842 1166 1868 telis
1179 1842 1281 1867 eminus
1292 1841 1359 1866 ictus
1369 1860 1377 1872 ‚
1392 1850 1459 1866 nmo.

916 1890 1087 1927 Ceterum
1111 1904 1199 1926 vers.
1223 1891 1266 1938 39
1288 1897 1324 1925 et
1344 1903 1417 1936 sqq.
1444 1890 1487 1925 ad
1512 1891 1573 1934 143
1584 1916 1596 1934 ,

912 1950 1046 1978 veteres
1073 1943 1162 1977 Edd.
1188 1955 1262 1977 non
1295 1949 1495 1988 agnoscunt.
1522 1942 1595 1977 Sed

914 2002 1040 2041 praeter
1055 2007 1161 2040 quam
1183 1993 1276 2040 quod
1294 1993 1487 2029 Ovidianus
1502 1994 1539 2028 in
1556 1994 1596 2029 iis

913 2047 1008 2082 color
1023 2054 1074 2082 est
1087 2074 1096 2091 ,
1119 2060 1185 2082 nec
1201 2046 1271 2081 ullo
1287 2045 1395 2080 modo
1411 2046 1597 2081 verisimile

914 2100 1068 2144 videtur,
1081 2107 1120 2134 ut
1131 2106 1203 2134 tarn
1213 2099 1339 2135 bellam
1352 2099 1521 2144 judicium
1532 2100 1597 2135 Pa-

913 2152 996 2187 ridis
1017 2151 1233 2187 describendi
1259 2153 1475 2188 occasionem
1502 2153 1596 2188 Naso

914 2206 1175 2251 praetermiserit
1188 2232 1198 2250 ‚
1224 2218 1306 2241 sane
1335 2206 1391 2240 illa
1412 2206 1532 2241 insunt
1558 2207 1596 2241 in

917 2257 1071 2304 Epistola
1082 2259 1289 2303 insequente
1303 2284 1313 2302 ,
1332 2271 1409 2303 quae
1422 2257 1597 2293 dictorum

916 2321 1082 2343 versuum
1093 2309 1269 2344 nonnullis
1277 2308 1379 2344 unice
1386 2308 1598 2355 respondere

917 2360 1110 2396 videantur.
1134 2361 1294 2396 LENREP.

962 2415 1014 2457 4ο.
1037 2415 1129 2449 Telis
1140 2427 1220 2449 arcu
1231 2417 1422 2450 missilibus.
1435 2415 1515 2450 Hoc
1526 2421 1597 2458 est,

919 2479 1000 2501 arcu
1016 2466 1146 2502 emissis
1163 2479 1172 2501 :
1188 2473 1224 2502 et
1246 2480 1308 2513 per
1326 2479 1541 2512 consequens
1553 2493 1563 2510 ,
1580 2480 1600 2500 a

917 2517 1030 2564 longe.
1044 2518 1107 2554 Est
1122 2526 1240 2554 autem
1252 2520 1425 2554 sententia
1437 2531 1445 2555 ι
1456 2531 1522 2553 nec
1535 2519 1599 2553 mi-

919 2585 1000 2607 rum
1008 2578 1071 2616 est,
1079 2572 1120 2617 si,
1133 2572 1433 2618 quemadmodum
1444 2572 1503 2616 qui
1517 2583 1599 2607 areu

920 2625 1093 2660 feriuntur
1117 2638 1136 2659 a
1156 2625 1257 2671 longe
1272 2651 1281 2668 ,
1302 2624 1349 2658 ita
1369 2636 1434 2670 ego
1459 2635 1598 2669 quoque

922 2690 942 2712 a
963 2678 1065 2725 longe
1085 2682 1173 2713 ictus
1194 2691 1280 2711 amo.
1303 2676 1361 2712 Sic
1378 2675 1474 2710 enim
1494 2688 1599 2720 opor—

922 2733 988 2765 tuit
997 2758 1005 2771 ‚
1027 2737 1062 2765 et
1076 2734 1128 2764 sic
1138 2729 1379 2774 placuilsah‘s.
1406 2727 1543 2764 MlCYL.
1557 2745 1599 2753 -·

923 2782 1034 2818 Paulo
1051 2793 1231 2818 excussum
1249 2780 1358 2816 altius.
