1884 3112
601 268 810 314 PARIS
859 266 1161 313 OENONAE.
1514 281 1594 325 ¹¹9

241 366 436 432 Visaque
457 374 565 432 post
584 361 717 412 latam
738 361 875 429 jacuit
895 361 990 411 ulta
1012 360 1149 412 deam.

182 442 309 509 Quid
329 442 490 491 mirum
512 453 581 491 est
601 441 800 509 potuisse
823 440 920 507 pari
944 438 1228 488 succumbere
1251 437 1408 495 amori,

246 520 460 570 Immunis
482 520 567 569 sub
588 539 677 587 quo
698 538 792 568 non
812 517 898 566 fuit
917 517 1011 584 ipse
1035 517 1188 565 Paris?
1555 538 1598 574 7⁰

120 614 122 617 ’
184 598 334 663 Quam
353 596 482 646 laesus
503 596 734 646 Menelaus
757 607 894 653 amat,
918 613 1012 642 non
1034 592 1165 642 laesus
1189 595 1339 643 amavi.

247 675 420 742 Adjice‚
445 694 538 724 non
561 674 664 724 laeso
689 673 812 740 quod
834 691 980 722 comes
999 671 1096 739 ipsa
1117 670 1214 719 fuit.

170 753 244 809 ,Et
265 771 472 816 magnos,
495 752 645 811 video,
670 752 771 814 cogi
793 751 904 799 mihi
925 760 1052 816 rapta
1075 747 1292 798 tumultus
1312 768 1323 797 :

246 829 526 895 Almataeque
548 839 709 895 petunt
731 829 949 891 Pergama
970 825 1090 875 mille
1111 838 1239 874 rates.

181 904 286 953 Non
304 923 456 954 vereor
477 903 586 954 belli
607 924 663 953 ne
686 923 781 953 non
805 905 863 953 sit
884 923 1014 954 causa
1030 902 1265 971 probanda
1283 921 1294 951 z
1560 915 1602 962 75

245 983 328 1031 Est
348 981 417 1030 illi
439 982 571 1032 facies
595 982 731 1046 digna
751 1000 926 1031 movere
950 981 1095 1030 duces.

198 1131 207 1147 -.
221 1111 276 1147 68.
297 1113 442 1158 Visaqtae
451 1117 534 1158 post
546 1114 653 1147 latam
659 1112 779 1158 jacuit
787 1114 861 1147 ulta

181 1164 303 1199 Deam.
325 1163 384 1200 Sic
394 1163 541 1211 vulgata.
559 1164 682 1210 Quem
697 1164 863 1209 inquina-

183 1215 355 1251 tissimum
365 1216 481 1251 locum
491 1243 501 1260 ,
512 1211 565 1252 *sic
575 1214 862 1251 constituendum

185 1267 392 1314 opinabatur
401 1268 567 1304 Heinsius
582 1281 591 1303 z
608 1269 763 1313 Diraque
771 1271 864 1312 post-

187 1322 281 1356 Iatos
300 1324 443 1356 marcuit
460 1323 534 1356 ulla
556 1321 651 1356 Deos
667 1332 679 1362 ;
708 1319 763 1355 vel
787 1322 865 1354 lan-

185 1375 279 1417 guit,
313 1385 432 1408 amore
466 1372 594 1408 scilicet
604 1398 614 1416 ,
648 1372 720 1407 ulta
748 1372 786 1407 in
810 1385 867 1407 se-

187 1423 335 1470 metipsa
368 1431 462 1460 toros
491 1424 642 1460 Vulcani
677 1431 715 1459 et
742 1423 867 1458 Martis

189 1475 411 1522 posthabitas.
435 1475 505 1511 Vel
525 1477 630 1511 etiam
644 1503 654 1520 ,
677 1478 791 1522 bisque
816 1480 868 1511 ita

189 1529 272 1572 (aut
283 1530 337 1563 bis
343 1527 445 1571 Dea)
453 1530 624 1572 postlalos
639 1532 784 1563 marcuit
795 1530 868 1563 ulla

187 1580 294 1629 Deos.¹
310 1579 537 1616 Burmannus
559 1586 678 1615 autem
693 1580 868 1627 vulgatam

186 1631 224 1666 in
234 1638 330 1668 textu
341 1628 508 1677 retinere,
521 1630 628 1679 quam
639 1632 746 1667 ullam
758 1633 868 1668 Hein-

185 1682 364 1719 simarum
370 1682 660 1720 emendationum
669 1684 867 1730 admittere,

186 1734 329 1778 maluit;
346 1735 418 1782 ipse
430 1735 566 1780 locum,
585 1743 624 1771 ut
635 1736 787 1781 videtur,
805 1750 869 1784 pro

185 1785 403 1835 conclamato
426 1787 568 1824 habens.
582 1788 762 1824 Nimirum
776 1789 869 1824 haud

185 1838 267 1877 tatis
278 1835 514 1875 adtenderunt
525 1840 589 1875 viri
601 1840 693 1876 docti
708 1841 751 1876 ad
761 1842 871 1888 proxi-

189 1896 249 1926 me
265 1890 534 1939 antecedentem
549 1905 708 1938 versum,

191 1950 326 1977 Anchisen
341 1957 446 1987 μυρίη
460 1952 545 1978 voluit
560 1953 674 1979 soi-most
689 1953 788 1987 videi-13

190 2000 291 2046 cujus
313 1999 408 2036 inter
435 2007 630 2037 extremam
660 2010 818 2048 partem,
838 2009 874 2038 et

191 2050 297 2097 hujus
307 2078 318 2097 ,
334 2051 378 2087 de
395 2065 464 2099 quo
483 2053 596 2100 agitur
607 2081 617 2098 ,
637 2054 848 2100 principium
862 2081 872 2098 ,

193 2111 325 2138 nexum
338 2103 490 2151 aliquem
501 2105 718 2141 intercedere
735 2119 875 2142 necesse

196 2161 266 2199 est,
283 2154 479 2201 qui‚semel
489 2157 765 2203 animadversus,
782 2158 875 2194 viam

197 2206 296 2242 nobis
302 2206 396 2243 haud
404 2208 581 2244 difficilem
588 2210 711 2245 sternit
719 2209 761 2244 ad
770 2211 876 2246 verba

196 2258 317 2294 vitiosa
330 2259 545 2306 corrigenda.
562 2262 676 2297 Facile
693 2262 790 2297 enim
806 2275 876 2308 pa-

196 2309 283 2346 tebit
295 2310 360 2346 ista
376 2312 635 2349 conserentibus
645 2339 655 2357 ,
671 2314 710 2347 in
725 2319 876 2359 utroque

196 2375 299 2398 versu
313 2375 516 2399 sennonem
535 2377 606 2400 esse
624 2365 668 2400 de
688 2365 797 2401 nobili
819 2365 878 2401 illo

184 2415 540 2462 ,formarumjudicim
547 2417 646 2462 cujus
656 2417 878 2455 mentionem

195 2468 253 2504 hic
259 2469 359 2505 Paris
364 2469 457 2514 facit,
471 2469 514 2504 ad
524 2470 759 2516 probandum,
768 2471 878 2518 ipsam

195 2533 334 2567 quoque
358 2522 563 2567 Venerem,
586 2523 742 2568 quamvis
763 2523 878 2559 Deam

198 2579 235 2608 et
250 2572 392 2609 Amoris
409 2581 559 2609 matrem
571 2600 580 2618 ,
594 2586 691 2620 aeque
705 2582 826 2611 tamen
839 2589 878 2612 ac

198 2625 375 2669 mortales,
388 2625 450 2660 filii
461 2626 512 2661 sui
523 2627 612 2662 faces
625 2626 787 2673 experiri;
802 2641 879 2674 quae

202 2677 879 2723 quumMartiiamAnchisen,hominem

205 2726 284 2763 Deo
298 2730 521 2775 pretulisset,
539 2743 691 2777 eumque
708 2739 780 2767 tam
798 2744 880 2779 per-

208 2779 278 2815 dite
294 2789 446 2828 amaret,
463 2790 502 2818 ut
515 2791 656 2829 propter
666 2783 761 2820 hunc
771 2786 881 2821 maxi-

925 1124 983 1147 me
993 1111 1151 1157 sonnosa
1165 1122 1237 1157 proe
1253 1108 1377 1144 ceteris
1393 1108 1534 1143 Deabus
1554 1111 1611 1142 vi-

926 1167 1004 1197 deri
1014 1163 1191 1204 voluisset,
1212 1162 1360 1207 aliasque
1375 1160 1469 1195 Deas
1479 1160 1515 1195 in
1531 1173 1610 1195 cer-

927 1222 1047 1250 tamen
1062 1228 1181 1250 secum
1190 1213 1456 1261 pulchritudinis
1469 1212 1610 1248 descen-

929 1266 1013 1302 dere
1038 1280 1128 1312 aegre
1154 1267 1303 1309 tulisset,
1326 1279 1382 1300 eas
1401 1273 1520 1300 tamen
1538 1267 1612 1298 ulta

930 1326 1038 1363 esset,
1063 1322 1140 1354 visa
1165 1317 1300 1354 Paridis
1319 1317 1448 1364 judicio
1472 1317 1609 1351 sormo-

929 1371 1079 1407 sissima:

929 1430 1062 1456 Anchisen
1078 1437 1183 1465 propter
1198 1431 1283 1457 voluit
1298 1429 1411 1455 formosa
1424 1430 1527 1459 videri,

967 1481 1081 1515 Visaque
1090 1499 1101 1514 ,
1119 1481 1224 1506 collatas
1237 1480 1274 1504 sic
1287 1479 1339 1504 suit
1358 1479 1413 1503 ulta
1429 1479 1506 1503 noas.

933 1521 1029 1564 Itaisi
1044 1529 1135 1576 legas
1146 1555 1156 1573 ,
1173 1535 1297 1573 erunt,
1313 1528 1352 1563 ni
1361 1527 1478 1573 fallor,
1493 1525 1612 1562 omnia

931 1582 1120 1628 perspicua.
1139 1582 1301 1616 LENNEP.

975 1633 1029 1681 69.
1051 1636 1142 1678 Quid
1159 1637 1277 1669 mirum
1301 1636 1357 1668 est
1372 1636 1526 1678 poluisse
1537 1634 1622 1676 pan'

932 1697 1120 1722 succumre
1141 1689 1267 1727 amori,
1296 1688 1452 1720 immunis
1472 1686 1534 1719 sub
1552 1697 1616 1730 quo

933 1750 1000 1772 non
1006 1738 1086 1783 suit
1098 1742 1171 1784 ipse
1191 1741 1303 1774 Pan's.
1328 1737 1425 1773 Nihil
1442 1737 1547 1772 etiam
1562 1735 1618 1771 hic

934 1790 1008 1824 sani
1031 1798 1182 1836 apparet.
1213 1791 1331 1823 Erunt
1357 1796 1476 1823 tamen
1500 1788 1619 1823 omnia

934 1842 1134 1888 perspicua,
1154 1842 1182 1877 si
1199 1854 1370 1887 reponas:

935 1902 1009 1934 Quid
1025 1903 1121 1927 mirum
1138 1907 1177 1927 est
1194 1902 1309 1936 potuisse
1325 1900 1404 1926 Parin
1421 1899 1587 1925 succumbere

1033 1947 1127 1974 Amori
1140 1967 1150 1980 ,

971 1998 1100 2023 Immunis
1118 1998 1168 2022 sub
1184 2005 1237 2031 quo
1253 2006 1305 2022 non
1321 1996 1373 2022 suit
1389 1996 1444 2030 ipsa
1460 1995 1576 2030 pai-ens?

939 2045 1179 2081 Praecedentia
1221 2044 1359 2081 abunde
1407 2044 1620 2080 confirmant

939 2098 1030 2133 hanc
1044 2098 1241 2133 lectionem.
1258 2098 1392 2133 Hmus.
1405 2116 1450 2122 —
1463 2096 1624 2143 Optime.

986 2151 1036 2197 73.
1056 2153 1345 2196 Coginu‘hirapla
1361 2151 1530 2184 tumultus.
1554 2150 1624 2184 Co-

937 2207 1007 2249 git,
1030 2203 1127 2249 lege3
1150 2216 1215 2250 pro
1230 2207 1330 2248 mpla
1342 2202 1448 2237 etiam
1461 2228 1471 2246 ,
1501 2202 1624 2246 Sparta

940 2256 1062 2291 malim
1077 2282 1086 2300 ,
1117 2263 1156 2290 ut
1172 2269 1290 2291 versus
1305 2255 1352 2290 sic
1367 2254 1598 2290 constituatur
1613 2267 1621 2288 ι

941 2318 975 2342 Et
987 2325 1092 2349 magnos
1106 2317 1209 2350 (video)
1223 2316 1292 2349 cogit
1301 2315 1366 2340 mihi
1379 2316 1469 2348 Sparte
1483 2314 1621 2339 tumultus.

942 2366 1040 2401 Nolit
1066 2366 1222 2413 Lennep.
1250 2373 1286 2401 et
1312 2364 1410 2400 malit
1436 2363 1474 2398 in
1504 2374 1623 2398 versus

942 2418 1112 2465 principio
1131 2419 1185 2453 At
1202 2431 1362 2464 magnos,
1393 2429 1458 2463 pro
1479 2417 1530 2451 Et
1549 2428 1624 2450 ma-

939 2482 1053 2516 gnos,·
1082 2478 1123 2506 ut
1142 2471 1209 2515 sit,
1236 2470 1370 2516 inquit,
1390 2468 1624 2515 objectionem

943 2524 1154 2570 occupantis.
1169 2524 1282 2559 Totus
1297 2522 1485 2557 adsentior.

989 2590 1005 2623 7
1010 2579 1040 2611 5.
1049 2578 1193 2611 Belline
1199 2588 1266 2610 non
1274 2577 1323 2609 si!
1331 2587 1438 2610 causa
1443 2573 1630 2620 probanda.

945 2628 1181 2675 Propert.illa‚
1193 2639 1232 2662 11.
1241 2627 1338 2674 Eleg.
1349 2638 1392 2671 11,
1403 2627 1458 2675 49,
1468 2625 1630 2672 respexit,

944 2687 984 2716 ut
1003 2694 1044 2716 ex
1056 2680 1166 2715 veteri
1181 2680 1270 2715 libro
1289 2686 1372 2716 sunt
1389 2677 1631 2715 emendanda:

945 2742 1030 2774 Digne
1036 2741 1141 2776 quidem
1147 2740 1239 2774 facies,
1248 2750 1296 2776 pro
1303 2750 1355 2776 qua
1364 2740 1406 2766 vel
1413 2740 1496 2766 obiret
1504 2737 1634 2767 Achilles,

979 2791 1028 2817 Vel
1037 2791 1141 2816 Priamo
1154 2790 1216 2816 belli
1225 2799 1302 2816 anun
1314 2789 1444 2824 proband-
1452 2788 1512 2814 suit.
1547 2788 1585 2813 Η.
