1884 3112
303 248 392 305 342

692 247 1045 294 EPISTOLA
1081 248 1297 294 XVIII.

363 342 427 389 Et*
445 357 515 389 res
536 358 630 388 non
654 358 845 406 semper,
873 357 973 406 spes
996 338 1107 387 mihi
1131 358 1304 406 semper
1327 338 1468 388 adest:

301 419 429 467 Paene
454 436 607 475 manu,
634 416 753 483 quod
774 434 897 475 amo,
929 427 1045 464 tanta
1066 428 1132 466 est
1154 415 1332 474 vicinia,
1359 427 1519 479 tango:

362 496 484 561 Saepe
509 495 605 554 sed,
630 494 739 543 heu!
761 493 958 543 lacrimas
981 494 1069 543 hoc
1091 495 1200 543 mihi
1225 513 1348 561 paene
1370 505 1530 543 movet.

1659 509 1722 544 180

297 571 421 620 Velle
448 571 556 638 quid
582 582 649 619 est
671 569 791 618 aliud
814 570 1030 634 fugientia
1052 571 1266 637 prendere
1287 589 1443 637 poma,

366 650 590 716 Spemque
613 668 695 697 suo
719 648 862 712 refugi
885 648 1081 698 fluminis
1106 668 1180 698 ore
1204 649 1361 715 sequi?

293 729 416 791 Ergo
440 746 521 791 ego
546 739 588 775 te
606 746 833 794 nunquam
847 765 858 786 ,
883 727 971 775 nisi
996 747 1132 794 quum
1155 725 1275 776 volet
1294 726 1436 785 unda,
1459 724 1646 784 teneb03

361 808 422 854 Et
446 825 515 855 me
540 805 711 854 felicem
733 805 858 853 nulla
881 805 1051 854 videbit
1075 805 1253 854 hiems?

299 883 542 949 Quumque
562 883 709 931 minus
723 882 898 931 firmum
912 882 976 931 nil
995 882 1074 939 sit,
1100 902 1230 949 quam
1246 893 1403 930 ventus
1418 892 1462 930 et
1479 880 1623 940 unda,
1660 895 1721 932 185

360 963 414 1008 In
438 961 580 1009 ventis
605 973 651 1009 et
674 980 788 1026 aqua
811 979 912 1027 spes
936 979 1032 1008 mea
1055 978 1227 1026 semper
1249 960 1361 1008 erit?

295 1037 452 1086 AEstus
470 1037 614 1085 adhuc
633 1049 779 1086 tamen
801 1049 868 1086 est
892 1056 903 1084 ε
926 1036 1058 1103 (Ῑιιὶἆ,ι
1085 1055 1223 1102 quum
1241 1035 1352 1084 mihi
1373 1035 1533 1084 laeserit
1549 1053 1719 1102 aequor,

362 1115 501 1173 Plias,
529 1127 574 1163 et
595 1114 920 1182 Arctophylax,
949 1112 1246 1178 Oleniumque
1268 1114 1432 1179 pecus?

294 1191 390 1239 Aut
413 1210 495 1254 ego
520 1210 614 1238 non
636 1191 766 1249 novi,
794 1209 925 1257 quam
947 1190 1006 1238 sit
1027 1189 1306 1247 temerarius3
1328 1200 1404 1237 aut
1426 1208 1495 1237 me

361 1271 415 1317 In
440 1270 550 1317 freta
570 1288 662 1316 non
683 1281 859 1317 cautum
884 1280 977 1316 tum
999 1287 1175 1334 quoque
1197 1267 1344 1316 mittet
1361 1268 1512 1316 Amor.

1659 1293 1720 1329 ¹9⁰

293 1349 412 1396 Neve
437 1358 566 1413 putes
590 1346 637 1393 id
660 1365 752 1403 me,
779 1345 902 1412 quod
926 1346 1076 1403 abest,
1102 1346 1362 1412 promittere
1387 1357 1592 1413 tempus:

360 1425 556 1487 Pignora
577 1423 765 1490 polliciti
789 1442 881 1471 non
907 1423 991 1471 tibi
1016 1422 1140 1471 tarda
1163 1422 1294 1471 dabo.

296 1501 365 1549 Sit
392 1501 610 1549 tumidum
632 1500 783 1567 paucis
803 1499 934 1548 etiam
956 1519 1074 1548 nunc
1099 1499 1310 1548 noctibus
1333 1516 1509 1565 aequor;
1574 1516 1579 1518 ·

361 1580 432 1626 Ire
455 1596 535 1643 per
557 1577 716 1625 invitas
741 1577 1014 1643 experiemur
1036 1595 1185 1643 aquas.

341 1712 412 1759 178.
435 1713 487 1746 Et
494 1724 546 1746 res
557 1725 624 1746 non
635 1725 771 1756 semper.
788 1713 896 1747 Utres
907 1712 971 1747 Lo-

295 1764 468 1800 vaniensis
479 1778 486 1798 ;
499 1764 674 1799 familiaris
690 1776 773 1799 vero
794 1764 850 1798 illa
862 1777 972 1810 agno-

293 1815 441 1851 minatio
454 1815 647 1861 scriptorib.
662 1817 746 1851 Aus.
763 1816 950 1850 Parent.xt
964 1828 973 1850 :

293 1871 385 1897 Pastor
398 1870 473 1895 chare
487 1879 565 1903 nepos
574 1889 583 1900 ,
597 1880 651 1906 spes
661 1872 737 1904 cujus
751 1876 820 1896 certa
828 1870 881 1895 suit
891 1878 939 1895 res.

297 1919 345 1955 Et
360 1920 492 1955 Proses.
505 1932 611 1954 carm.
628 1929 667 1954 VI
680 1932 689 1954 :

427 1980 452 2006 O
462 1981 524 2006 Flos
534 1981 667 2005 Juvenum

424 2030 487 2064 Spes
501 2030 558 2054 laeua
569 2028 652 2054 Patris
663 2047 674 2060 ,

426 2078 483 2105 Nec
496 2083 566 2102 certa
575 2082 627 2102 tum

423 2127 493 2153 Data
503 2135 541 2151 ros
551 2126 653 2151 Patriae.

340 2184 414 2218 180.
436 2184 528 2227 Soepe
556 2184 621 2216 sed
647 2182 756 2225 (heul
771 2182 784 2225 )
817 2182 975 2217 lacrimas

291 2237 360 2269 boc
370 2236 552 2278 mz'hipoeae
573 2238 691 2268 movet.
708 2234 788 2268 Hoc
796 2247 891 2278 poene
902 2260 911 2277 ,
925 2234 975 2269 in-

298 2285 374 2332 quit
385 2312 394 2329 ‚
409 2286 491 2320 sacit
506 2285 592 2319 mihi
609 2297 697 2330 saepe
715 2284 924 2332 lachrymas:
938 2285 974 2319 id

297 2345 369 2382 est,
390 2337 481 2384 quod
487 2351 584 2382 poene
594 2350 703 2371 manu
712 2350 776 2372 nos
787 2338 972 2383 tangimus,

294 2398 331 2426 et
346 2398 465 2426 tamen
481 2391 685 2436 confingere
701 2403 773 2424 uon
784 2403 973 2436 possumus.

299 2443 433 2478 Allusio
449 2450 568 2478 autem
592 2450 643 2477 est
659 2443 701 2477 ad
718 2443 873 2488 priorem
887 2456 974 2478 ver-

297 2507 377 2529 sum
387 2521 397 2538 ‚
407 2495 444 2529 in
456 2507 526 2540 quo
538 2494 633 2529 idem
646 2494 860 2538 adverbium,
865 2507 970 2539 poene,

297 2547 452 2592 ponitur.
468 2548 605 2581 MICYL.

340 2599 411 2632 182.
434 2598 572 2643 Refugi.
592 2597 973 2642 Profugz'Lovaniensis

295 2654 332 2682 et
347 2647 417 2682 duo
435 2649 499 2683 alii.
518 2651 634 2694 Rcflui
642 2649 801 2683 Francos.
817 2660 892 2694 quoe
904 2647 974 2682 sol-

294 2699 420 2735 lemnis
436 2708 487 2735 est
500 2702 711 2747 permutatio
742 2701 973 2736 librariorum.

344 2753 414 2788 186.
437 2755 479 2787 In
498 2758 610 2789 ventis
626 2759 664 2790 et
685 2767 784 2800 aqua.
806 2754 973 2789 Francius

1036 1712 1205 1755 malebat,
1233 1714 1269 1746 ιἰι
1293 1715 1395 1746 vento
1419 1715 1522 1757 atque
1543 1713 1638 1746 unda
1645 1738 1656 1754 ‚
1676 1718 1718 1748 ut

1037 1772 1123 1800 esset
1139 1764 1300 1810 repetitio
1316 1764 1505 1799 sollemnis.

1084 1816 1155 1861 187.
1173 1818 1279 1859 Quum
1285 1817 1508 1851 mihilaeserit.
1528 1816 1638 1858 Quum
1643 1822 1720 1850 tnd-

1038 1870 1082 1902 do
1091 1870 1216 1901 laeserit
1222 1867 1357 1901 volebat
1372 1867 1496 1901 Franc.
1509 1879 1517 1900 τ
1528 1866 1627 1910 illud,
1637 1867 1727 1910 mik?

1038 1924 1163 1956 leserit
1175 1934 1303 1966 oequor,
1322 1919 1409 1955 mihi
1431 1926 1632 1965 suspectum
1647 1926 1720 1954 est:

1039 1973 1128 2007 sorte
1139 1974 1289 2012 cluserit,
1301 1984 1364 2018 pro
1376 1973 1547 2006 clauserit.
1559 1973 1720 2007 Clausam

1038 2038 1151 2070 equor
1157 2024 1240 2070 quid
1256 2025 1300 2060 sit
1310 2051 1320 2068 ,
1332 2031 1469 2060 notum.
1482 2023 1606 2059 Florus
1617 2034 1677 2068 111,
1685 2010 1718 2058 ὅ.

1038 2078 1164 2111 Pc'ratae
1174 2089 1264 2110 mare
1279 2078 1366 2110 bello
1376 2103 1385 2117 ,
1403 2079 1504 2120 quasi
1516 2079 1717 2120 tempestate

1039 2127 1464 2173 praecluserant.Apposite
1474 2126 1699 2171 Manil.1,365
1705 2138 1719 2174 ς

1038 2186 1113 2211 Tune
1123 2187 1236 2212 subeunt
1247 2186 1315 2212 haedi
1325 2206 1334 2218 ,
1353 2186 1505 2213 claudentes
1514 2186 1593 2212 fidere
1606 2191 1718 2221 pontum

1037 2234 1169 2261 Nubibus.
1515 2236 1615 2262 Buxut.

1085 2285 1157 2332 189.
1179 2284 1258 2320 Aut
1268 2298 1329 2330 ego
1343 2297 1410 2320 non
1422 2287 1519 2326 novi,
1538 2297 1637 2330 quam
1655 2287 1719 2321 sim

1039 2339 1243 2371 temerarius.
1272 2337 1380 2380 Quam
1398 2339 1447 2370 sit
1470 2349 1552 2370 cum
1573 2335 1719 2371 Scrive-

1038 2386 1138 2421 riano
1149 2393 1183 2422 et
1192 2399 1264 2422 uno
1275 2387 1432 2422 Fax-nesii
1445 2386 1656 2432 legendum:
1670 2385 1715 2421 de

1039 2439 1172 2475 Amore
1189 2453 1305 2475 sermo
1320 2446 1383 2474 est.
1397 2439 1520 2474 Amor.
1535 2439 1592 2474 lib.
1607 2449 1642 2483 1,
1663 2436 1718 2473 El.

1039 2502 1068 2525 11
1079 2518 1089 2535 ‚
1109 2491 1152 2526 ad
1168 2491 1383 2538 Cupidinem
1395 2517 1405 2535 ,
1420 2503 1507 2526 vers.
1522 2490 1564 2534 43
1579 2503 1589 2524 ς
1607 2526 1610 2529 ,

1037 2552 1107 2577 Tum
1119 2560 1223 2586 quoque
1234 2560 1285 2577 non
1298 2559 1394 2586 paucos
1402 2569 1411 2582 ,
1432 2550 1453 2575 εἰ
1466 2555 1492 2575 te
1502 2549 1568 2575 bene
1576 2547 1697 2574 novimus
1703 2567 1716 2580 ,

1119 2609 1188 2625 ures·

1038 2649 1208 2695 Sequenti
1225 2649 1329 2684 etiam
1344 2661 1446 2684 versu
1458 2674 1468 2692 ,
1490 2660 1558 2682 nou
1577 2648 1719 2680 cautum*

1038 2706 1106 2734 tres
1128 2699 1205 2734 libri
1221 2712 1229 2734 ε
1244 2700 1345 2734 bene.
1371 2700 1504 2734 lems.
1539 2697 1712 2742 Legerem

1037 2753 1143 2788 etiam
1154 2779 1164 2798 ,
1176 2766 1243 2788 non
1258 2757 1392 2788 cautum
1407 2755 1500 2794 tunc,
1513 2749 1566 2785 vel
1583 2749 1662 2795 quia
1673 2749 1711 2783 in
