1884 3112
303 282 388 326 262

754 283 1109 327 EPISTOLA
1148 285 1260 330 XV.

295 374 500 422 Forsitan
524 385 569 422 et
589 393 726 440 quare
747 393 844 422 mea
866 375 957 422 sint
981 374 1146 424 alterna
1169 376 1368 443 requiras

1701 398 1722 431 'a

364 452 588 509 Carmina,
613 471 750 517 quum
771 451 918 518 lyricis
941 452 1025 500 sim
1046 453 1187 516 magis
1209 465 1311 520 apta
1333 455 1490 504 modis.

297 528 491 576 Flendus
518 548 641 576 amor
664 548 788 577 meus
811 541 878 577 est
900 550 909 577 :
931 529 1110 592 Elegeia
1132 530 1279 579 flebile
1301 551 1485 580 carmen.

361 606 465 652 Non
488 604 594 652 facit
616 604 671 652 ad
690 603 888 653 lacrimas
911 606 1116 655 barbitos
1138 606 1229 654 ulla
1250 626 1381 656 meas.

298 682 440 738 Uror,
466 693 541 739 ut,
566 681 797 729 indomitis
821 682 968 744 ignem
991 683 1296 732 exercentibus
1320 685 1452 732 Euris
1467 722 1479 743 ,

362 757 538 806 Fertilis
563 759 756 808 accensis
779 759 997 808 messibus
1021 761 1145 809 ardet
1166 762 1281 823 ager.
1685 790 1724 812 ιο

298 833 417 883 Arva
437 834 595 883 Phaon
618 834 811 883 celebrat
835 836 1003 885 diversa
1024 837 1288 904 Typhoidos
1309 838 1454 886 AEtnae
1472 858 1484 886 ε

362 912 439 959 Me
464 911 583 959 calor
605 913 779 978 AEtnaeo
802 932 896 960 non
918 913 1066 962 minor
1088 914 1190 976 igne
1215 915 1379 981 coquit.
1430 976 1432 979 v

295 990 389 1038 Nec
412 989 543 1047 mihi,
571 990 808 1056 dispositis*
828 1010 924 1057 quae
944 991 1127 1056 jungam
1151 992 1342 1040 carmina
1363 993 1534 1050 nervis,

362 1067 658 1126 Proveniunt;
684 1087 829 1116 vacuae
853 1068 1045 1116 carmina
1066 1069 1226 1117 mentis
1249 1087 1376 1136 opus.

294 1231 412 1267 codice
426 1257 436 1274 ,
454 1231 560 1266 etiam
577 1232 613 1266 in
638 1232 781 1267 vetustis
804 1231 978 1278 impressis

296 1283 448 1328 reperio,
459 1286 547 1317 unde
559 1288 709 1318 movetur
714 1297 806 1328 opus.
816 1284 978 1319 Verbum

295 1349 423 1370 movere
438 1349 527 1381 saepe
542 1335 711 1381 significat
728 1349 868 1380 parare,
890 1340 979 1371 inci-

289 1401 371 1432 pere
380 1415 388 1428 ,
414 1390 606 1422 machinare·
615 1415 624 1429 ,
653 1390 771 1423 moliri.
793 1389 872 1435 Ipsa
897 1391 977 1424 sor-

298 1439 394 1474 mula
414 1453 497 1484 opus
511 1453 639 1474 movere
653 1439 800 1476 Ovidius
811 1442 981 1487 frequen-

295 1499 352 1526 ter
364 1505 445 1526 usus
461 1499 521 1527 est.
537 1492 638 1527 Modi
655 1492 831 1528 indicativi
847 1493 885 1528 in
899 1506 980 1528 ora-

296 1544 394 1578 tione
402 1543 589 1579 indefinita
598 1546 752 1592 usurpati
763 1553 834 1580 tam
844 1546 976 1588 crebra,

299 1602 373 1630 tam
397 1602 491 1630 certa
510 1598 666 1643 exempla
689 1597 781 1643 apud
799 1598 949 1644 optimos
966 1624 976 1641 ,

295 1661 370 1682 non
381 1655 500 1694 poetas
509 1649 635 1692 solum,
648 1649 707 1684 sed
720 1649 812 1695 apud
824 1657 978 1684 oratores

298 1700 403 1735 etiam
413 1727 422 1744 ,
450 1708 639 1735 occurrunt
650 1727 659 1744 ,
689 1708 729 1735 ut
754 1702 883 1736 frustra
907 1701 978 1736 sint

296 1752 423 1796 critici,
447 1753 508 1798 qui
538 1753 834 1788 constructionem
855 1753 950 1788 illam
965 1779 975 1797 ,

297 1811 478 1850 tamquam
488 1818 612 1850 parum
621 1805 765 1839 latinam
773 1831 783 1848 ‚
795 1806 976 1851 exagitant.

341 1859 372 1891 5.
385 1858 541 1891 Forsitan
550 1861 588 1891 el
593 1870 693 1903 quare
702 1871 777 1892 mea
786 1865 849 1892 etc.
863 1857 975 1893 Obvia

297 1908 488 1954 respondet
504 1910 675 1953 quaerenti
690 1923 752 1945 cur
771 1923 789 1944 a
805 1910 918 1957 lyricis
933 1910 977 1944 ad

298 1961 413 2006 elegos
436 1974 554 1997 versus
571 1962 763 2004 transierit;
787 1963 866 2007 quia
890 1962 978 1996 nihil

297 2026 372 2047 non
388 2013 547 2048 flendum
563 2014 732 2060 scriptura
742 2041 751 2058 ,
760 2017 879 2059 flebile
893 2028 977 2050 car-

301 2065 406 2100 minis
417 2077 526 2111 genus
536 2092 545 2110 ,
560 2066 737 2112 Elegeiam
749 2066 876 2102 scilicet
887 2092 896 2110 ,
914 2066 978 2102 de-

300 2118 377 2151 buit
392 2118 518 2152 usitato
534 2131 748 2164 praeponere.

342 2170 372 2203 8.
390 2172 467 2204 Non
472 2170 571 2214 facil
582 2174 633 2205 ad
637 2174 795 2206 lacrimas
805 2174 976 2206 Barbitos.

299 2222 532 2257 Instrumenti
546 2223 724 2267 quoddam
739 2237 847 2269 genus
857 2250 866 2268 ‚
886 2228 978 2259 πολὺ·

303 2278 429 2323 χορδὴν,
453 2281 492 2308 ut
507 2282 607 2309 vocat
629 2275 778 2311 Theocr.
795 2276 838 2310 ad
855 2276 978 2323 cytha-

301 2340 377 2361 ram
391 2353 400 2369 ‚
423 2327 477 2361 vel
493 2326 535 2360 ad
553 2327 663 2372 ipsam
684 2328 796 2375 lyram
821 2329 976 2373 proxime

300 2378 476 2413 accedens.
499 2380 663 2413 Lesboum
690 2379 773 2414 dicit
797 2380 921 2414 Horat.
938 2388 976 2423 1,

301 2429 371 2464 Od.
388 2441 403 2464 1
415 2457 425 2474 ,
447 2431 490 2473 34
502 2457 512 2473 ‚
535 2438 679 2476 propter
693 2431 834 2477 Sappho
851 2439 886 2466 et
904 2431 976 2466 Al-

299 2495 427 2523 caeum,
447 2484 505 2529 qui
520 2497 559 2518 ex
571 2484 681 2520 insula
698 2485 819 2520 Lesbo.
835 2484 890 2519 Ad
906 2498 977 2518 vo·-

302 2548 380 2570 cem
402 2537 528 2601 defcro
518 2553 564 2580 ς,
583 2536 735 2584 Etymol.
749 2537 869 2582 Magn.
884 2531 977 2575 Ειδος

301 2594 446 2631 ,at-oxmensi
459 2589 580 2638 οργάνου
593 2615 602 2633 ,
620 2593 783 2639 ψαλτήριον
796 2614 806 2632 ,
826 2590 842 2629 ἢ
860 2589 978 2637 κιθαροι.

299 2647 434 2688 Etpnvoet
459 2644 490 2674 δὲ
513 2645 602 2676 οἱθνει
626 2643 789 2708 βαρύῚμι-ος
805 2646 851 2679 τὶς
873 2640 934 2683 ὢν,
963 2643 976 2675 ὀ

302 2697 427 2739 βαρεῖα)
439 2698 494 2732 τὴν
504 2698 602 2738 φωνὴν
613 2699 665 2728 καὶ
676 2695 724 2727 τὸν
737 2692 882 2736 φθόγγον
868 2708 906 2738 aq
903 2694 976 2730 ιείς·

304 2748 407 2785 μίτους
423 2746 480 2792 γὰρ
495 2760 548 2782 τας
562 2747 664 2794 νευρᾶς
679 2748 785 2790 ἔλεγον
805 2726 905 2785 madi)
922 2761 976 2794 προ

301 2803 354 2836 τῆς
366 2799 502 2844 χρήσεως
520 2804 573 2838 τῆς
588 2804 708 2846 νευρᾶς,
733 2803 823 2837 >mig
840 2802 974 2841 ςήμοσιν

1044 1232 1211 1278 ι’κέχρῃντοῆ
1236 1234 1296 1268 ὅθεν
1312 1238 1365 1269 καὶ
1384 1237 1414 1268 σι’
1437 1235 1555 1273 ΑΞολεῒς
1574 1233 1722 1284 βάμμα-ον

1044 1284 1117 1319 ἀυτό
1127 1310 1138 1327 ,
1159 1286 1213 1320 διὰ
1230 1290 1283 1320 τοῦ
1295 1286 1341 1329 ᾖ,
1361 1290 1446 1331 φασί.

1090 1350 1103 1370 1
1113 1350 1139 1370 1.
1155 1338 1320 1371 Celebrat.
1337 1336 1571 1382 Frequentat,
1586 1337 1720 1383 incolit,

1043 1394 1079 1422 et
1094 1387 1154 1422 diu
1170 1388 1389 1423 immoratur.
1406 1389 1461 1423 Ab
1476 1388 1586 1423 AEtna
1601 1396 1720 1426 autem

1041 1447 1164 1475 monte
1176 1442 1328 1475 AElnoeus
1340 1440 1524 1476 deducitur
1537 1454 1546 1476 t
1558 1442 1600 1476 ab
1616 1441 1720 1478 Enna

1042 1505 1147 1536 vero,
1175 1505 1252 1538 quae
1278 1493 1360 1528 urbs
1384 1499 1460 1537 est,
1489 1500 1525 1528 et
1538 1494 1721 1531 umbilicus

1043 1544 1167 1579 Siciliae
1179 1570 1188 1588 ,
1213 1547 1403 1588 Ennensis,
1430 1552 1468 1580 et
1486 1547 1634 1582 Ennaeus
1649 1572 1661 1591 ,
1682 1547 1723 1583 in

1042 1595 1154 1645 prima
1173 1596 1300 1644 syllaba
1318 1610 1381 1643 per
1395 1610 1432 1639 e,
1451 1604 1487 1647 et
1508 1597 1634 1644 duplex
1648 1611 1720 1641 nn,

1042 1654 1082 1681 ut
1096 1647 1174 1682 alibi
1188 1647 1300 1683 docui.
1317 1648 1435 1694 Atque
1451 1648 1519 1685 hoc
1531 1649 1722 1687 dicendum

1040 1699 1107 1734 suit
1119 1726 1128 1743 ,
1148 1713 1194 1734 ne
1211 1713 1317 1745 quem
1335 1701 1513 1736 Domitius
1528 1701 1585 1737 hic
1598 1702 1693 1737 fallat
1709 1729 1720 1746 ‚

1042 1752 1102 1796 qui
1112 1751 1148 1786 id
1158 1753 1312 1787 nominis
1322 1765 1395 1787 uno
1406 1752 1602 1798 eodemque
1612 1753 1721 1788 modo

1040 1803 1165 1839 scribit.
1182 1803 1224 1838 C.
1244 1806 1397 1840 Celebre!
1409 1804 1572 1839 Scriverii
1581 1805 1699 1841 codex.

1089 1869 1138 1890 12.
1154 1857 1236 1900 Igne
1252 1860 1354 1891 tenet.
1378 1858 1498 1902 Coquit
1510 1856 1565 1893 alii
1589 1870 1631 1892 ex
1651 1857 1721 1892 suis

1040 1914 1168 1942 notant
1195 1920 1204 1942 ε
1227 1908 1323 1954 quod
1351 1908 1519 1943 damnare
1553 1907 1721 1944 Ciosanus

1042 1973 1117 1995 non
1142 1960 1263 1996 debuit
1284 1973 1374 2007 :ego
1399 1968 1492 1996 certe
1520 1960 1720 2006 amplector.

1042 2012 1170 2048 Noster
1180 2012 1224 2047 de
1233 2013 1386 2048 Hercule
1397 2013 1528 2056 OEtaeo,
1540 2013 1562 2047 1.
1569 2024 1622 2056 rx,
1631 2013 1720 2048 Met.

1226 2085 1257 2093 ...
1271 2068 1449 2101 (loquiturque
1462 2067 1568 2092 ardente
1578 2075 1687 2093 veneno.

1043 2116 1208 2162 Apposite
1219 2117 1366 2160 Seneca,
1381 2123 1417 2151 et
1430 2116 1473 2151 ad
1486 2116 1720 2152 imitationem

1043 2170 1162 2204 Nostri
1179 2169 1259 2203 satis
1278 2169 1460 2204 manifeste
1475 2195 1485 2214 ,
1504 2170 1650 2204 Hercule
1653 2167 1722 2213 su·-

1041 2226 1152 2263 reate,
1175 2223 1235 2255 105
1251 2234 1258 2255 :

1254 2280 1349 2306 Acrior
1359 2285 1470 2306 mentem
1485 2282 1611 2314 excoquit
1623 2300 1635 2314 ,

1074 2331 1161 2364 Quam
1172 2331 1218 2364 qui
1231 2330 1340 2355 caminis
1351 2330 1419 2363 ignis
1432 2330 1539 2356 AEtnoeis
1548 2330 1624 2355 furit.

1091 2382 1140 2424 14.
1158 2382 1370 2414 Proveniant.
1399 2379 1474 2414 Lib.
1489 2386 1526 2415 et
1545 2379 1664 2425 Elegia
1680 2389 1718 2422 1,

1042 2432 1148 2467 Trist.
1175 2435 1371 2467 .Carmina
1383 2434 1585 2476 pmvem‘unt
1606 2434 1718 2465 animo

1041 2486 1188 2518 deducta
1207 2497 1334 2518 sereno.
1353 2502 1398 2509 —
1424 2485 1462 2519 V
1454 2497 1546 2518 acuae
1567 2485 1718 2517 camina

1041 2539 1163 2570 mentis
1172 2549 1262 2580 opus.
1278 2535 1444 2571 Ostendit
1456 2548 1492 2570 se
1506 2534 1550 2569 ad
1565 2547 1717 2580 pangen-

1042 2588 1085 2622 da
1097 2588 1251 2623 carmina
1266 2595 1382 2634 aptam
1396 2600 1470 2623 non
1483 2599 1554 2622 esse
1568 2612 1578 2629 ,
1605 2598 1716 2631 quum

1042 2654 1080 2674 ea
1099 2640 1401 2685 tranquillitatem,
1419 2639 1473 2674 vel
1489 2638 1646 2684 inprimis
1658 2651 1717 2672 re-

1043 2693 1182 2737 quirant
1195 2693 1284 2738 :ipsa
1300 2700 1418 2727 autem
1429 2703 1547 2726 amore
1557 2696 1717 2736 correpta

1041 2745 1110 2780 huc
1124 2754 1226 2791 atque
1243 2746 1323 2781 illuc
1334 2772 1343 2790 ,
1361 2745 1488 2780 mentis
1501 2744 1620 2789 inops,
1643 2743 1715 2788 agi-

1041 2799 1186 2833 tabatur.
1212 2797 1315 2833 CIOF.
