1884 3112
321 238 410 294 384

688 289 690 291 ,
753 240 1111 286 EPISTOLA
1159 244 1301 290 XXI.

386 315 598 382 Offensos
619 314 766 364 videar
785 335 839 365 ne
862 317 1072 365 meruisse
1096 318 1230 367 Deos.

317 392 522 440 Accidere
547 392 632 440 hoc
655 391 814 458 aliquis
837 411 939 440 casu
963 394 1213 453 contendit3
1238 407 1282 444 et
1304 395 1415 445 alter

379 470 624 535 Acceptum
646 469 828 535 Superis
849 469 969 518 hunc
992 482 1124 533 negat
1147 489 1239 520 esse
1263 472 1419 521 virum.
1632 527 1635 531 ,
1689 489 1734 525 5ο

316 546 433 594 Neve
457 545 570 593 nihil
592 546 741 594 credas
763 546 811 593 in
834 557 876 594 te
902 566 1079 612 quoque
1098 546 1238 596 dicere
1263 547 1443 607 famam,
1617 538 1620 542 ¹

379 623 510 669 Facta
531 621 749 671 veneficiis
773 641 874 689 pars
895 634 1023 689 putat
1046 623 1131 672 ista
1154 624 1255 672 tuis.

320 701 462 748 Causa
487 699 614 758 latet;
635 699 750 748 mala
771 712 925 766 nostra
943 712 1100 767 patent
1119 722 1129 749 :
1153 721 1233 750 vos
1255 721 1361 768 pace
1382 702 1569 752 movetis

378 776 548 843 Aspera
569 776 777 824 submota
798 775 948 842 praelia
966 796 977 825 :
999 776 1173 843 plector
1197 798 1291 841 ego.

314 852 469 900 Dicam
490 871 632 910 nunc,
659 851 880 918 solitoque
905 853 989 901 tihi
1010 872 1078 902 me
1104 854 1254 921 decipe
1276 874 1399 904 more
1418 875 1429 903 :
1691 869 1735 904 55

377 931 502 995 Quid
523 931 653 979 facies
679 930 805 988 odio,
830 930 892 978 sic
912 931 992 978 ubi
1015 951 1162 981 amore
1184 934 1351 981 noces?

313 1008 362 1055 Si
385 1007 507 1056 laedis
532 1007 654 1074 quod
673 1026 812 1065 amas,
835 1007 1010 1055 hostem
1034 1008 1255 1074 sapienter
1274 1009 1453 1058 amabis.

377 1087 475 1143 Me,
500 1103 678 1151 precor,
704 1096 756 1133 ut
778 1103 941 1143 servm,
966 1085 1148 1151 perdere
1170 1085 1278 1152 veile
1300 1085 1426 1134 velis..

312 1162 407 1211 Aut
426 1162 509 1210 tibi
524 1162 613 1226 jam
626 1160 758 1209 nulla
775 1173 841 1210 est
860 1173 1045 1227 speratae
1067 1181 1169 1210 cura
1190 1161 1367 1228 puellae,
1414 1222 1417 1225 ῃ

378 1239 526 1302 Quam
546 1237 663 1285 ferus
685 1236 866 1300 indigna
890 1237 991 1285 tabe
1011 1237 1152 1303 perire
1178 1238 1309 1296 sinis3
1496 1287 1500 1292 ,
1541 1286 1545 1291 ,
1685 1254 1732 1287 60

312 1318 405 1366 Aut
427 1318 523 1365 Dea
545 1316 584 1363 si
606 1315 768 1363 frustra
790 1333 875 1380 pro
898 1333 967 1362 me
986 1315 1069 1362 tibi
1091 1334 1201 1366 saeva
1220 1327 1431 1378 rogatur,¹
1488 1343 1492 1346 ·

308 1448 360 1481 Et
369 1447 494 1491 pudet:
507 1445 573 1488 ita,
597 1444 706 1490 Epist.
726 1454 804 1479 xvn
817 1469 827 1488 ‚
849 1446 992 1490 177:Et

308 1502 405 1541 libet,
423 1504 460 1534 et
473 1503 583 1533 timeo.

352 1552 404 1595 48.
441 1551 604 1596 Offensos
620 1551 741 1584 videar
758 1562 801 1583 ne
828 1551 986 1583 meruisse

308 1604 413 1637 Deos.
450 1604 533 1638 Non
559 1609 610 1637 sat
633 1600 817 1637 commode
843 1600 986 1634 dictum.

306 1654 493 1688 Sententia
518 1660 638 1687 tamen
666 1659 719 1687 est
743 1662 752 1683 τ
787 1664 834 1686 ne
867 1650 986 1685 videar

307 1706 403 1740 Deos
427 1704 635 1747 offendisse,
661 1710 720 1737 aut
740 1706 918 1742 memisse,
946 1709 986 1736 ut

306 1764 421 1793 essent
443 1756 530 1791 mihi
554 1756 700 1800 offensi,
733 1767 797 1800 pro
811 1781 820 1798 ,
849 1754 985 1798 inst-nsi.

353 1811 406 1843 51.
431 1811 523 1844 Neve
551 1810 638 1842 mihi
657 1809 785 1841 credas.
824 1805 985 1841 Omnino

306 1860 532 1895 scribendum
549 1873 557 1894 z

307 1915 381 1940 Neve
393 1914 458 1940 nihil
470 1914 557 1940 credas
568 1914 594 1938 in
605 1918 630 1938 te
641 1921 746 1947 quoque
756 1911 956 1937 dtceoesamam.

351 1966 403 1998 55.
424 1965 548 1998 Dicam
558 1975 662 2003 nunc,
681 1964 845 2006 solitoque
858 1963 925 1994 tibi
934 1973 986 1994 me

306 2018 422 2060 decipe
432 2028 530 2050 more.
542 2015 691 2058 Dtcjam
703 2025 791 2047 nunc
804 2011 985 2057 Crispinus

306 2068 501 2113 corrigebat
513 2081 521 2109 ς
536 2065 630 2111 quod
644 2066 671 2100 si
683 2064 898 2100 admittimus
909 2089 919 2108 ,
936 2064 984 2102 ita

306 2118 592 2166 distinguendum
609 2124 697 2153 esset
713 2130 722 2152 t

306 2181 356 2206 Dic
367 2181 420 2213 jam
428 2198 437 2211 ,
447 2188 517 2204 nunc
528 2179 656 2212 solitoque
666 2177 714 2202 tibi
728 2185 768 2201 me
780 2177 870 2210 decipe
879 2184 949 2201 more
956 2194 966 2208 ‚

338 2228 411 2261 Quid
421 2228 500 2253 sacius
510 2227 569 2252 odio
576 2246 584 2258 ,
597 2227 632 2251 sic
647 2226 692 2250 ubi
701 2234 788 2251 amore
798 2225 893 2250 noces?

309 2276 381 2312 Sed
404 2276 527 2310 Douza
550 2275 684 2309 notavit
706 2274 915 2309 Petronium
936 2272 983 2307 sic

308 2341 446 2374 quoque
459 2327 598 2361 initium
609 2327 792 2361 sententiae
804 2333 839 2360 et
849 2324 983 2371 periodi

305 2381 518 2427 auspicatum
537 2392 607 2414 esse
623 2405 632 2422 ,
651 2391 723 2425 cap.
744 2391 820 2426 129:
832 2380 978 2419 Dicam,-

306 2433 381 2476 vel,
406 2433 546 2467 narrabo
563 2433 642 2472 tibi,
667 2431 879 2464 Adolescens
890 2457 898 2470 ‚
914 2442 983 2473 pa·-

301 2487 432 2531 Jalysla
456 2496 546 2518 cave.
581 2482 627 2517 Et
649 2482 686 2516 in
701 2481 981 2516 Declamationi-

306 2536 370 2571 bus
392 2562 402 2578 ,
437 2548 520 2580 quas
550 2546 622 2568 non
654 2534 744 2567 male
771 2532 826 2567 hae
850 2532 981 2567 ultimae

307 2587 470 2632 Epistolae
494 2586 653 2620 referunt
670 2611 680 2628 ,
711 2597 799 2630 saepe
821 2584 877 2618 illa
901 2585 981 2618 sor-

306 2640 401 2674 mula
433 2638 591 2673 occurrit.
616 2638 675 2674 Sic
701 2637 851 2683 Quintil.
882 2636 980 2672 Decl-

304 2692 370 2738 3²9
383 2702 391 2724 z
406 2692 530 2724 Dicam
549 2703 638 2725 nunc
656 2703 717 2735 ego
731 2703 741 2723 .·
771 2692 842 2732 Qui
850 2691 979 2733 pulsa-

303 2745 388 2778 verit
405 2745 569 2786 aliquem,
592 2743 790 2787 eaj'urt'arum
814 2744 978 2777 teneatur.

1052 1444 1149 1480 Deci.
1178 1445 1242 1479 338
1266 1457 1274 1479 :
1295 1446 1421 1479 Dicam
1448 1455 1536 1479 nunc
1556 1456 1619 1489 ego
1641 1446 1726 1486 illa,

1051 1510 1120 1543 que
1136 1499 1262 1531 leolam
1277 1501 1364 1532 sunt.
1386 1496 1433 1531 Et
1447 1496 1583 1542 passim.
1597 1496 1729 1532 Bunm.

1096 1550 1148 1584 56,
1171 1552 1303 1584 Facies.
1331 1548 1477 1583 Mallem
1496 1548 1619 1597 facias
1636 1559 1651 1591 3
1690 1555 1730 1583 ut

1050 1613 1139 1646 saepe
1154 1601 1244 1635 alibi.
1531 1630 1533 1632 .

1095 1655 1146 1698 57.
1168 1654 1309 1686 Hostem
1322 1654 1496 1696 sapit-nlo!-
1501 1653 1642 1686 amabis.
1658 1651 1729 1686 Fe-

1049 1704 1135 1738 ceris
1147 1703 1321 1748 sapienter
1333 1729 1342 1746 ,
1357 1703 1385 1737 si
1395 1705 1524 1737 bostem
1539 1702 1706 1737 amaveris
1715 1727 1726 1746 ,

1050 1767 1159 1801 quum
1175 1757 1280 1789 laedas
1295 1755 1342 1789 ita
1359 1748 1453 1799 quo‘d
1469 1766 1576 1788 amas.

1093 1808 1145 1841 58.
1169 1808 1228 1840 Me
1241 1815 1364 1850 precer
1375 1810 1415 1840 ut
1432 1819 1543 1842 serves
1559 1818 1570 1840 .·
1586 1806 1727 1850 pendere

1049 1860 1136 1892 velle
1146 1885 1155 1900 ,
1169 1860 1263 1892 velis.
1272 1858 1384 1892 Locus
1395 1858 1576 1892 manifeste
1586 1869 1726 1902 corrup-

1049 1916 1113 1944 tus.
1153 1913 1198 1945 Τὲ
1225 1912 1318 1944 velle·
1341 1919 1526 1955 perperam
1536 1935 1546 1952 ,
1570 1921 1612 1943 ex
1641 1911 1727 1943 velis·

1048 1964 1204 2008 proxime
1210 1961 1371 2006 sequenti
1378 1961 1602 2005 inculcatum,
1613 1972 1723 2005 quum

1048 2014 1186 2049 ultimas
1222 2013 1306 2048 duas
1340 2012 1483 2060 syllabas
1523 2012 1561 2050 in
1586 2013 1726 2056 perdere

1048 2066 1206 2101 librarius
1224 2065 1401 2111 geminare
1417 2064 1619 2110 neglexisset
1635 2077 1645 2099 ε
1691 2094 1693 2096 .
1728 2090 1731 2092 —

1074 2121 1132 2152 Me,
1144 2129 1247 2154 prr-cor,
1263 2126 1292 2145 ut
1304 2128 1403 2150 serves,
1415 2118 1521 2159 perdere
1529 2137 1539 2150 ,
1554 2120 1619 2144 duro
1627 2137 1638 2151 ,
1647 2118 1723 2144 velis.

1051 2168 1270 2204 Christianus
1305 2167 1477 2212 Daumius
1502 2166 1725 2212 opinabatur

1048 2221 1181 2256 dictum
1201 2221 1400 2266 vulgatum;
1425 2227 1465 2254 ut
1476 2223 1585 2265 nega!
1602 2231 1723 2263 negare

1048 2273 1140 2319 apud
1162 2273 1350 2308 caminum.
1376 2264 1510 2313 Hms.
1533 2267 1628 2314 ’Νρη
1649 2278 1722 2314 est,

1047 2332 1088 2359 ut
1108 2332 1205 2370 putat
1227 2325 1414 2368 Heinsius,
1442 2327 1477 2367 τὲ
1497 2326 1583 2359 velle
1595 2336 1723 2368 perpe-

1046 2390 1118 2411 ram
1135 2390 1155 2411 e
1171 2379 1256 2411 velis
1271 2378 1429 2421 proxime
1437 2376 1601 2420 *sequenti
1617 2375 1723 2411 incul-

1047 2436 1165 2463 catum
1180 2436 1245 2463 ete.
1262 2428 1344 2471 Esse
1363 2428 1460 2469 enim
1476 2427 1531 2465 hic
1545 2427 1633 2462 nihil
1646 2428 1721 2462 mi-

1047 2494 1114 2515 nus
1123 2493 1229 2526 quam
1243 2481 1393 2515 otiosum
1405 2506 1415 2523 ‚
1431 2487 1491 2514 aut
1500 2479 1720 2520 redundans;

1047 2540 1169 2567 contra
1183 2533 1216 2566 in
1235 2531 1439 2578 hujusmodi
1452 2531 1625 2575 formulis,
1639 2544 1721 2575 per-

1047 2587 1125 2619 dere
1135 2586 1230 2625 velis,
1231 2585 1351 2629 facere
1360 2587 1453 2624 velis,
1463 2586 1543 2618 dare
1552 2586 1637 2618 velis
1643 2590 1719 2625 etc.,

1045 2637 1159 2682 ipsum
1185 2635 1251 2670 hoc
1279 2639 1364 2670 velis
1390 2635 1483 2674 hand
1506 2635 1719 2680 ineleganter

1045 2687 1243 2722 redundare
1255 2702 1262 2728 ;
1272 2695 1363 2722 certe
1372 2687 1503 2722 nullam
1510 2686 1716 2731 praecipuam

1045 2740 1230 2777 voluntatis
1244 2740 1533 2786 significationem
1543 2739 1580 2773 in
1589 2750 1624 2773 se
1637 2749 1717 2772 con-
