1884 3112
944 256 1570 273 mmmmmmmx

225 393 320 481 P.
380 390 831 484 OVIDII
897 386 1477 482 NASONIS
1542 394 1545 396 ’

584 577 1141 649 HEROIDES.

768 805 937 851 Ignotum
949 804 1016 841 hoc
1030 804 1101 840 aliis
1117 805 1171 840 ille
1188 807 1329 841 novavit
1344 820 1440 852 opus.

1055 856 1173 901 (Aur.
1190 857 1267 892 ΑΜ.
1284 869 1349 902 111,
1367 859 1467 902 346.)

376 1238 930 1309 EPISTOLA
983 1237 1361 1309 PRIMA.

498 1533 938 1590 PENELOPE
975 1533 1238 1591 ULIXI.

161 1713 336 1782 HANG
358 1739 435 1777 tua
455 1724 679 1793 Penelope
699 1703 931 1775 lemoetibi
953 1725 1116 1783 mittit,
1143 1723 1274 1774 Ulixe
1295 1745 1307 1774 :

222 1805 301 1857 Nil
320 1805 432 1855 mihi
452 1804 669 1853 rescribas
692 1815 745 1851 ut
769 1814 940 1860 tamen3
961 1802 1056 1869 ipse
1079 1802 1193 1851 veni.

158 1885 295 1951 Troja
312 1884 428 1951 jacet
449 1893 564 1931 certe
577 1919 590 1940 ,
611 1880 779 1929 Danais
802 1880 942 1929 invisa
963 1878 1138 1947 puellis.

204 2033 248 2067 N.
267 2033 311 2066 B.
338 2030 432 2075 Quae
454 2027 583 2064 nullius
604 2027 844 2063 inscribuntur

162 2084 308 2120 nomine
322 2109 333 2127 ,
359 2089 455 2118 notae
478 2088 561 2116 sunt
582 2080 782 2125 interpretis
809 2080 844 2114 J.

166 2137 209 2172 A.
225 2136 303 2171 Am.

212 2203 241 2223 1.
262 2189 374 2222 Hanc.
395 2185 515 2222 Semel
538 2184 647 2220 modo
674 2185 844 2221 Ovidium

166 2240 235 2276 hoc
251 2240 460 2286 pronomine
475 2265 484 2283 ,
499 2238 737 2274 subintellecta
753 2242 846 2283 epir—

168 2296 258 2334 tola,
271 2305 394 2335 usum3
413 2291 624 2327 Ciceronem
640 2303 780 2336 quoque
797 2304 846 2325 se-

169 2345 240 2380 mel
255 2357 435 2390 usurpasse
447 2370 457 2387 ‚
474 2344 633 2379 observat
655 2342 849 2389 diligentis-

168 2399 276 2434 simus
282 2398 465 2440 vavassor,
474 2397 530 2431 De
540 2399 622 2430 viel
630 2408 691 2430 usu
702 2409 848 2441 quomm—

169 2452 248 2485 dam
262 2451 445 2484 verborum.
470 2460 503 2493 p.
526 2448 579 2482 86.
602 2448 783 2482 BunmAn.
805 2466 850 2474 —

172 2505 292 2538 Lento.
314 2501 391 2546 Qui
414 2499 546 2535 tardius
564 2499 705 2543 redeas,
722 2500 850 2535 scilicet

173 2558 384 2602 Βραῶυνᾶστῳ.

217 2622 248 2642 2.
281 2609 346 2641 Nil
370 2607 456 2640 mihi
477 2606 641 2639 rescribas
664 2609 704 2639 ut
728 2609 849 2640 tamen.

174 2658 314 2695 Omnes
324 2665 405 2693 ante
416 2657 604 2692 Heinsium
616 2656 857 2693 edd.N1·lm1·h1·

173 2714 361 2747 rescribas:
375 2715 526 2745 attamen
544 2714 617 2754 ipse
632 2713 715 2744 reni.
736 2710 852 2746 Unice

176 2776 259 2798 vera
271 2770 323 2798 est
337 2763 439 2798 lectio
454 2776 471 2797 a
484 2763 518 2797 J.
531 2763 570 2797 F.
582 2761 764 2797 Gronovio
776 2775 852 2808 pro-

177 2815 262 2861 lata,
276 2815 458 2852 observat.
473 2827 486 2850 1
499 2842 510 2860 ,
526 2829 578 2850 22.
599 2817 664 2852 Nil
678 2817 765 2850 mihi
781 2827 854 2851 res-

908 2029 1021 2062 cn'bas
1033 2031 1073 2062 ut
1082 2032 1216 2069 tamem·
1233 2025 1327 2072 quod
1339 2033 1432 2061 recte
1446 2022 1493 2061 sic
1504 2026 1592 2062 Bur-

909 2093 1060 2114 mannus
1075 2093 1083 2114 :
1098 2082 1208 2114 scribo
1221 2080 1351 2124 quidem
1369 2081 1436 2113 tibi
1452 2082 1544 2114 lento
1557 2083 1596 2114 et

908 2135 1109 2171 immemori,
1137 2145 1204 2166 non
1226 2133 1303 2166 ideo
1323 2138 1443 2166 tamen
1459 2137 1499 2166 ut
1519 2145 1593 2167 res·-

910 2187 1022 2219 cn'bas
1039 2185 1146 2226 m1'h1’5
1170 2185 1246 2218 redi
1265 2187 1353 2219 em'm
1375 2188 1449 2229 Ipse
1467 2188 1593 2229 potius.

912 2236 983 2272 Sed
1000 2236 1151 2271 fideliter
1171 2236 1289 2271 minus
1305 2237 1341 2271 in
1357 2249 1419 2271 sua
1438 2236 1593 2271 editione

912 2288 1195 2335 repraesentavit,
1223 2289 1335 2335 posito
1372 2295 1448 2334 post
1481 2294 1594 2323 tamen

913 2349 1102 2386 commate,
1115 2342 1211 2388 quasi
1223 2347 1263 2376 ut
1271 2342 1314 2376 ab
1324 2346 1398 2386 ipse
1411 2344 1495 2376 vem‘
1505 2354 1595 2387 pen·-

914 2395 1023 2431 deret.
1047 2395 1164 2430 LENN.
1183 2414 1228 2421 —-
1246 2396 1432 2436 Attamen,
1461 2400 1596 2428 servata

915 2461 1022 2494 quam
1043 2447 1172 2483 indicat
1204 2447 1351 2492 Lennep
1379 2447 1595 2491 interpunc-

914 2502 1010 2536 tione
1025 2527 1033 2544 ,
1052 2512 1214 2534 censeam
1229 2498 1498 2534 restituendum.

962 2555 991 2588 3.
1019 2555 1055 2588 T
1049 2553 1124 2597 roja
1136 2553 1239 2597 jacet
1255 2556 1345 2586 certe
1357 2578 1365 2591 ,
1382 2552 1521 2584 Danais
1541 2553 1597 2584 ιἰι-

916 2610 990 2642 visa
998 2607 1133 2650 puellis.
1154 2604 1212 2638 Sic
1227 2602 1513 2648 distinguendum
1529 2615 1597 2648 pu-

917 2659 1010 2693 tabat
1027 2656 1247 2691 Hubertinus
1263 2669 1271 2690 ι
1299 2657 1332 2689 T
1327 2655 1402 2700 toja
1405 2655 1511 2700 jacet
1529 2668 1599 2689 cer-

918 2715 971 2752 te,
991 2717 1054 2744 etc.
1070 2715 1110 2743 ut
1129 2708 1173 2743 sit
1193 2721 1266 2743 non
1287 2712 1377 2742 certe
1386 2708 1508 2752 jacet,
1536 2705 1599 2741 sed

917 2767 1008 2798 certe
1030 2765 1150 2796 invim.
1173 2776 1190 2791 «t
1218 2762 1301 2796 Non
1332 2760 1428 2795 enim
1459 2771 1599 2794 necesse

920 2821 972 2851 est
993 2814 1169 2851 affirmare
1187 2813 1281 2849 Ulixi
1298 2812 1393 2859 quod
1417 2812 1520 2857 Τηνία
1532 2810 1601 2856 ja·-
