1884 3112
617 250 809 296 HERO
839 251 1190 298 LEANDRO.

1533 256 1621 319 349

190 342 392 410 Postque
412 360 549 393 morae
571 344 805 393 minimum
825 363 835 393 ε
857 345 947 410 jam
970 357 1086 395 certe
1109 346 1312 410 navigat,
1335 347 1544 415 inquam3

218 432 219 435 ’
257 421 485 488 Lentaque
509 421 689 471 dimotis
707 421 888 472 brachia
908 423 1044 489 jactat
1067 425 1222 491 aquis;

191 498 426 566 Paucaque
452 519 591 566 quum
614 512 731 550 tacta
752 501 916 568 perfeci
940 502 1128 569 stamina
1152 502 1238 552 tela
1253 541 1266 562 ,

258 577 334 626 An
355 577 502 627 medio
525 579 696 646 possm,
723 579 983 646 quaerimus,
1010 598 1105 628 esse
1127 580 1256 629 freto.
1580 599 1623 634 ξω

193 655 256 703 Et
277 655 412 704 modo
435 656 735 723 prospicimus
756 676 766 705 :
787 656 949 705 timida,
964 656 1100 705 modo
1123 676 1229 706 voce
1252 677 1505 725 precamur,

258 734 325 782 Ut
346 733 431 782 tibi
454 733 530 782 det
551 733 700 783 faciles
724 733 848 783 utilis
872 754 979 784 aura
1001 732 1107 784 vias.

191 811 395 861 Auribus
418 811 643 861 interdum
661 816 792 861 voces
817 824 1067 879 captamus;
1093 825 1139 862 et
1163 831 1340 863 omnem

257 888 490 938 Adventus
513 889 750 956 strepitum
774 889 994 938 credimus
1019 909 1113 940 esse
1135 891 1216 940 tui.

191 965 266 1015 Sic
284 966 367 1015 ubi
389 966 583 1035 deceptae
603 986 708 1034 pars
733 980 801 1016 est
824 967 935 1016 mihi
956 968 1147 1017 maxima
1170 969 1316 1018 noctis
1585 987 1628 1020 55

255 1045 392 1105 Acta,
417 1046 543 1095 subit
564 1046 720 1095 furtim
743 1045 913 1095 lumina
935 1045 1051 1096 fessa
1075 1066 1227 1114 sopor.

189 1123 398 1172 Forsitan
421 1123 610 1184 invitus,
633 1143 807 1173 mecum
831 1127 1000 1183 tamen,
1025 1125 1232 1192 improbe
1247 1163 1259 1184 ‚
1284 1125 1451 1176 dormis
1472 1147 1483 1186 ;

257 1202 341 1260 Et,
368 1220 635 1269 quamquam
659 1221 754 1251 non
776 1202 843 1251 vis
865 1203 961 1270 ipse
986 1204 1156 1263 venire,
1183 1205 1318 1253 venis.

189 1279 306 1328 Nam
328 1279 463 1328 modo
489 1292 532 1329 te
555 1280 710 1330 videor
729 1300 872 1348 prope
893 1282 984 1347 jam
1006 1295 1205 1350 spectare
1229 1295 1484 1334 natantem:

256 1357 448 1407 Brachia
468 1377 591 1408 nunc
613 1359 810 1408 humeris
834 1360 1018 1410 humida
1041 1361 1154 1410 ferre
1178 1363 1301 1411 meis.
1585 1380 1629 1412 σο

191 1436 326 1485 Nunc
350 1436 475 1496 dare,
499 1456 596 1504 quae
620 1436 767 1496 sole0‚
790 1438 980 1491 madidis
1001 1438 1222 1493 ,velamina
1241 1441 1481 1490 membris:

257 1515 446 1566 Pectora
468 1533 589 1565 nunc
607 1517 766 1583 juncto
788 1528 945 1566 nostra
964 1517 1113 1567 fovere
1138 1519 1254 1567 sinu.

191 1591 428 1660 Multaque
452 1599 688 1660 praeterea,
713 1592 878 1658 linguae
899 1595 1126 1646 reticenda
1146 1597 1384 1656 modestae;

252 1669 373 1734 Quae
391 1670 546 1720 fecisse
567 1671 711 1736 juvat,
736 1671 851 1720 facta
873 1673 1033 1722 referre
1056 1674 1210 1741 pudet.

189 1790 318 1835 Fortes
328 1793 519 1839 obreptans.
532 1792 667 1828 Hssms.
685 1794 875 1838 Obserpens

186 1845 326 1881 volebat
341 1845 476 1881 Douza.
491 1865 494 1868 ⁴

232 1899 286 1943 47.
303 1899 414 1933 *Mam
426 1902 608 1934 minimum.
627 1901 775 1934 Nimium
793 1900 875 1934 Pu·-

189 1957 336 1986 teaneus
347 1977 357 1994 ,
381 1957 418 1986 et
432 1951 487 1986 alii
504 1951 646 1997 plurimi
662 1951 820 1992 codices;
841 1957 877 1985 et

190 2003 405 2038 Bersmanni
420 2002 546 2048 editio,
564 2004 660 2050 quod
676 2016 878 2049 accommo—

190 2055 304 2091 datius
313 2068 388 2091 non
401 2056 577 2103 patienter
587 2057 720 2091 amanti
732 2069 740 2092 :
751 2063 877 2091 notan-

191 2108 279 2143 dum
286 2121 373 2144 vero
383 2112 525 2154 nauigat
532 2108 589 2144 hic
599 2108 665 2144 dici
675 2136 684 2153 ,
693 2122 758 2155 pro
768 2114 878 2144 natat.

233 2163 287 2211 49.
315 2163 499 2209 Paucaque
523 2176 622 2208 quum
642 2167 740 2198 tacta
746 2163 883 2208 perfeci

189 2221 340 2253 stamina
357 2220 438 2253 tela.
461 2219 587 2254 Tracta
597 2246 606 2260 ‚
625 2230 690 2265 pro
705 2223 802 2253 tacta
817 2218 877 2252 vi—

191 2268 297 2305 detm-
309 2270 559 2316 reponendum
571 2284 580 2306 z
593 2270 676 2306 hinc
687 2277 723 2306 et
733 2275 878 2306 tractum

191 2329 339 2367 neutro,
353 2330 390 2358 et
405 2327 517 2358 tmcta
533 2323 708 2359 feminino
723 2336 852 2370 genere
864 2350 874 2368 ‚

190 2387 293 2411 voces
313 2375 535 2412 substantivae
543 2403 552 2420 ‚
569 2376 614 2411 de
637 2376 762 2421 quibus
784 2375 876 2412 Sca-—

189 2425 279 2475 liger
289 2427 331 2463 ad
343 2427 400 2463 lib.
409 2439 423 2463 1
435 2454 444 2472 ‚
459 2427 634 2475 Eleg.VI1,
647 2428 789 2463 Tibulli.
808 2431 878 2464 Vos

189 2483 307 2516 Ianam
315 2483 452 2517 traam}
460 2509 468 2523 ,
481 2481 573 2528 apud
584 2482 609 2517 J
610 2482 796 2517 uvenalem
804 2483 877 2519 Sat.

191 2545 222 2569 Π
231 2561 241 2579 ,
255 2537 308 2579 54.
329 2536 474 2570 Tmhem
489 2537 610 2576 telam,
628 2541 668 2570 ut
683 2537 812 2571 trahem
821 2538 878 2571 la·-

191 2600 281 2629 nam,
292 2595 328 2623 et
336 2589 468 2623 lmheoe
473 2601 584 2633 pensa
593 2599 605 2631 ,·
616 2595 730 2635 posset
739 2596 774 2624 et
771 2589 878 2634 facta

192 2643 280 2676 tela:
288 2641 454 2687 utfitcem
464 2645 596 2676 stamen
602 2641 625 2676 J
628 2654 730 2676 uven.
743 2641 853 2676 Satn
865 2668 875 2686 ,

191 2705 280 2729 vers.
292 2695 332 2741 57
345 2707 353 2729 :
364 2701 399 2730 et
400 2694 523 2740 facere
529 2707 640 2739 pensa
655 2695 815 2741 Propert.
822 2705 875 2740 tv,

192 2746 406 2794 v.9.H131N8.
417 2747 494 2793 Ego
508 2751 605 2782 tacta
617 2746 760 2791 retinui,
769 2747 803 2782 id
811 2755 875 2792 est,

193 2795 328 2845 leviter,
337 2798 556 2846 negligenter
563 2806 665 2844 tacta,
672 2800 752 2846 quia
761 2812 875 2845 mens,

941 1793 1019 1828 alibi
1032 1801 1198 1840 occupata
1208 1820 1217 1838 ,
1234 1807 1308 1829 non
1322 1794 1526 1830 attendebat
1540 1796 1630 1831 lani—

941 1845 1030 1880 ficio.
1048 1846 1179 1881 Bunm.

986 1900 1039 1933 53.
1063 1900 1244 1933 Interdum.
1268 1901 1423 1934 lucetius
1436 1914 1538 1935 voces
1553 1902 1630 1936 Pu-

942 1957 1087 1985 teaneus
1099 1965 1106 1992 3
1120 1958 1159 1985 ut
1169 1951 1338 1996 Deianira
1348 1978 1358 1995 ,
1373 1952 1481 1998 Epist.
1494 1965 1532 1988 1x
1544 1980 1553 1997 ‚
1567 1955 1604 1998 4¹
1622 1964 1631 1986 z

942 2008 1071 2042 Aucupor
1085 2009 1177 2034 infelix
1189 2012 1301 2035 incertae
1311 2018 1446 2035 marmium
1453 2010 1553 2046 famoe.
1573 2011 1612 2035 Η.

988 2059 1040 2093 58.
1058 2060 1110 2094 Et
1121 2071 1318 2104 quamquam
1329 2072 1396 2094 non
1409 2062 1463 2094 vis
1473 2062 1547 2104 ipse
1562 2073 1631 2094 ve-

942 2114 1014 2146 nire
1025 2138 1032 2152 ‚
1047 2115 1153 2146 venis.
1167 2111 1260 2146 Fieri
1274 2119 1388 2157 potest
1399 2138 1408 2156 ‚
1423 2119 1462 2146 ut
1472 2123 1546 2147 non
1557 2115 1631 2157 ipse

942 2163 1026 2198 velis
1053 2164 1174 2198 venire
1189 2178 1198 2206 ;
1230 2168 1327 2198 venis
1349 2171 1468 2199 tamen
1491 2175 1500 2196 :
1525 2177 1630 2200 som—

943 2216 1055 2251 nianti
1077 2216 1205 2262 quippe
1226 2230 1301 2252 non
1324 2223 1423 2263 potes
1446 2218 1531 2263 quin
1549 2217 1630 2252 ads-

943 2276 1013 2313 tes,
1031 2269 1085 2304 vel
1101 2269 1240 2305 invitus.
1267 2270 1430 2316 Nugatur
1444 2270 1501 2305 hic
1528 2283 1629 2305 more

942 2335 1006 2357 suo
1024 2321 1130 2358 ovid.
1145 2322 1274 2358 Narrat
1293 2322 1420 2357 deinde
1437 2323 1627 2358 somnium.

987 2378 1039 2424 59.
1064 2377 1171 2420 Pmpe
1178 2376 1269 2421 jam.
1296 2376 1386 2410 Tres
1402 2376 1479 2410 libri
1494 2402 1503 2420 ,
1523 2389 1629 2421 prope

942 2442 994 2463 me
1004 2442 1015 2463 ,·
1029 2428 1083 2463 alii
1094 2428 1166 2463 duo
1179 2455 1188 2472 ,
1206 2433 1240 2463 te
1252 2442 1264 2474 ‚-
1276 2428 1337 2464 sed
1343 2442 1450 2474 prope
1461 2442 1515 2463 me
1527 2442 1629 2474 praes-

943 2488 1003 2517 tat.
1019 2482 1078 2518 Sic
1093 2495 1135 2517 ex
1152 2482 1261 2517 MSS.
1276 2492 1315 2516 1v
1326 2508 1336 2526 ,
1354 2482 1461 2516 Trist.
1477 2492 1544 2525 111,
1564 2483 1602 2525 4¹
1620 2492 1629 2513 ε

941 2539 1055 2572 Spiritus
1065 2538 1107 2563 hic
1117 2547 1197 2572 prope
1205 2544 1230 2563 te
1242 2539 1338 2572 patrias
1350 2538 1445 2564 exisset
1459 2539 1485 2562 in
1493 2546 1580 2562 auras.
1588 2538 1629 2564 H.

985 2588 1043 2623 (io.v
1063 2589 1223 2623 Humida.
1241 2589 1353 2623 [saida
1368 2587 1489 2622 mallet
1502 2587 1627 2622 Franc.

986 2642 1040 2676 63.
1052 2642 1187 2686 Le'ngua
1197 2643 1371 2675 mittenda
1380 2642 1544 2675 modesta.
1553 2642 1628 2674 Mo-

912 2729 919 2737 ,
942 2695 1057 2735 deste,
1084 2694 1287 2729 Puteaneus
1307 2700 1343 2728 et
1364 2692 1629 2728 Mentelianus:

940 2749 1063 2791 lingue
1082 2747 1239 2781 modesta·
1256 2745 1327 2780 duo
1346 2745 1425 2787 alii3
1448 2744 1548 2790 'quod
1564 2757 1628 2779 ve-

942 2812 1023 2834 rum
1036 2806 1096 2834 est.
1116 2799 1163 2833 H.
1181 2799 1302 2834 Posset
1314 2798 1440 2843 etiam,
1458 2800 1626 2842 multaque
