1884 3112
504 371 1012 446 EPISTOLA
1076 373 1232 447 XX.

363 800 365 802 ·
414 769 852 862 ACONTIUS
908 803 1358 863 CYDIPPAE.*

174 929 341 999 PONE
364 957 531 995 metum
550 965 560 995 :
579 945 694 994 nihil
716 945 790 995 hie
813 946 974 995 iterum
994 946 1165 1013 jurabis
1188 948 1379 1006 amanti3

239 1022 510 1072 Promissam
534 1024 640 1072 satis
666 1035 734 1072 est
755 1035 798 1072 te
822 1023 955 1073 semel
979 1043 1073 1073 esse
1097 1024 1220 1074 mihi.

173 1099 358 1164 Perlege
378 1119 389 1150 ε
413 1099 607 1150 discedat
632 1101 695 1149 sic
719 1119 903 1167 corpore
928 1100 1119 1165 languor
1141 1102 1197 1150 ab
1221 1102 1310 1150 isto
1326 1115 1343 1160 ,‘

218 1247 237 1266 *
253 1245 411 1283 Carmen
422 1246 591 1293 scripsisse
602 1245 858 1282 Callimachum

175 1299 220 1335 de
239 1298 417 1348 Cydippes
441 1306 476 1335 et
493 1299 635 1335 Acontii
658 1299 833 1334 amoribus
847 1325 857 1343 ,

175 1359 314 1388 constat
347 1365 366 1387 e
393 1352 598 1398 fragmentis
627 1364 704 1397 quae
731 1351 858 1398 passim

175 1404 320 1451 disiecta
337 1405 429 1452 apud
445 1405 652 1441 Scholiastas
669 1412 704 1440 et
721 1404 859 1440 Gram-

177 1458 324 1493 maticos
340 1457 479 1504 collegit
491 1484 501 1503 ,
525 1458 736 1503 collectaque
753 1485 763 1502 ,
791 1471 860 1504 qua

175 1517 317 1557 prestat
325 1510 466 1546 solertia
475 1537 485 1554 ‚
498 1510 680 1546 illustravit
692 1510 746 1545 Cl.
760 1510 859 1546 Rich.

176 1562 371 1598 Bentleius.
382 1561 440 1607 (ad
454 1561 723 1607 Callimachum,
735 1569 821 1597 tom.
831 1573 859 1607 1,

177 1628 212 1661 p.
222 1614 288 1650 305
297 1640 307 1658 ,
321 1627 394 1660 sqq.
407 1640 418 1659 ,
434 1613 515 1649 edit.
524 1613 733 1661 spanheim)
744 1629 752 1656 ς
765 1614 860 1650 unde

175 1667 276 1703 facile
292 1667 456 1713 conjicias
473 1666 646 1703 Ovidium
659 1695 669 1712 ,
693 1668 753 1714 qui
767 1668 862 1702 mul-

177 1718 222 1754 tis
250 1718 289 1754 in
317 1719 400 1755 locis
422 1717 680 1755 Callimachum
705 1720 862 1756 aemulari

177 1771 348 1816 tentavit,
371 1771 439 1807 hoc
460 1785 600 1818 quoque
627 1773 670 1808 ab
693 1785 736 1808 eo
757 1772 863 1819 argu-

178 1830 344 1860 mentum
365 1823 595 1871 depromsisse
610 1851 620 1869 ,
648 1825 743 1871 quod
771 1825 861 1860 mire

177 1883 292 1924 poetae
306 1877 419 1912 nostri
437 1877 581 1924 ingenio
597 1877 781 1912 videbatur
797 1890 863 1912 ac—

178 1928 467 1972 commodatum;
494 1929 556 1965 sed
571 1930 619 1964 ita
634 1936 754 1965 tamen
771 1937 864 1965 trac—

177 1988 267 2017 tasse
281 2007 290 2025 ,
314 1986 354 2016 ut
371 1994 449 2027 quae
469 1988 573 2028 poeta
591 1994 721 2028 graecus
742 1981 864 2016 leviter

180 2034 333 2080 attigerit
354 2060 365 2079 ,
415 2033 616 2081 diligentius
654 2034 865 2069 elaboranda

179 2086 388 2133 susciperet;
406 2099 448 2122 ea
459 2099 544 2122 vero
561 2086 771 2133 negligeret,
787 2098 864 2132 quae

181 2139 279 2186 prinr
293 2140 424 2186 optime
441 2139 648 2175 tractaverit.
672 2133 866 2184 Quodqui-

183 2191 267 2229 dem
283 2191 466 2227 dubitandi
482 2192 600 2227 locum
615 2192 654 2226 iis
671 2205 745 2226 non
762 2191 865 2226 relin-

183 2251 291 2290 quet,
318 2244 379 2291 qui
401 2257 475 2279 non
493 2244 695 2279 nescierunt
722 2244 865 2279 Ariste-

183 2303 319 2332 naetum
334 2323 343 2341 ,
367 2297 427 2342 qui
449 2297 617 2332 eroticam
640 2296 732 2332 hanc
755 2296 866 2331 histo·

184 2348 383 2383 riunculam
405 2348 487 2394 (Ep.
502 2359 538 2392 1,
565 2361 624 2392 ιο,
643 2362 676 2394 p.
699 2362 758 2392 22,
783 2347 865 2383 edit.

184 2400 368 2444 Abx-esch.)
382 2427 392 2444 ,
414 2407 487 2435 tam
501 2408 647 2435 venuste
665 2400 865 2446 descripsit,

188 2451 393 2488 Callimachi
403 2452 553 2498 vestigiis
565 2452 612 2487 ita
628 2453 788 2499 protinus
800 2452 868 2487 ins·

186 2504 316 2548 titisse,
350 2510 390 2539 ut
417 2511 529 2550 poetae
554 2504 680 2550 Elegos
705 2504 868 2551 Sophista

184 2556 482 2603 ingeniosissimus
508 2556 543 2591 in
566 2556 765 2603 pedestrem
785 2570 868 2592 ser-

186 2620 334 2644 monem
354 2608 602 2644 tantummodo
617 2608 768 2644 solverit.
790 2608 869 2644 Do-

188 2668 339 2696 cuerunt
366 2660 514 2707 ‘pridem
544 2661 767 2697 eruditissimi
803 2661 868 2696 viri

190 2714 342 2750 Mercer.
357 2713 399 2748 ad
413 2714 611 2749 Aristenaet.
624 2713 869 2749 Hemsterhus.

192 2766 235 2802 ad
248 2767 406 2813 Propert.
419 2765 676 2802 ctRhunkhen.
691 2765 733 2802 ad
747 2767 870 2814 fragm.

923 1246 1140 1283 Bentleiana.
1165 1247 1259 1282 Loca
1280 1246 1387 1293 igitur
1409 1247 1605 1282 conserenti

923 1299 1083 1342 cuilibet,
1094 1299 1165 1334 ubi
1183 1312 1266 1334 cum
1284 1298 1414 1334 ovidio
1431 1299 1607 1334 consentit

929 1351 1159 1387 Aristenaetus
1171 1377 1181 1395 ,
1204 1351 1336 1397 patebit
1353 1358 1542 1396 utrumque
1566 1363 1607 1385 ex

925 1417 999 1438 uno
1017 1404 1212 1450 eodemque
1235 1404 1334 1438 sonte
1357 1410 1607 1450 argumentum

925 1455 1021 1491 idem
1029 1456 1179 1491 hausisse
1190 1483 1200 1500 ,
1211 1455 1306 1502 quod
1317 1469 1381 1502 pro
1389 1469 1450 1491 sua
1461 1455 1608 1501 quisque

925 1508 1082 1544 lubidine
1098 1508 1321 1544 tractandum
1338 1508 1554 1544 existimavit.

974 1575 1002 1595 1.
1024 1563 1118 1596 Pone
1132 1565 1255 1596 metum
1280 1573 1290 1595 :
1309 1562 1399 1595 nihil
1413 1562 1470 1594 hic
1490 1563 1609 1595 iterum

916 1613 1056 1659 jurabit
1073 1617 1216 1648 amanti.
1237 1613 1364 1648 Priscae
1385 1611 1556 1647 editiones
1574 1619 1611 1648 et

927 1665 1062 1701 codices
1083 1665 1247 1700 nonnulli
1267 1677 1377 1700 manu
1393 1665 1521 1699 exarati
1540 1664 1609 1700 hoc

927 1716 1100 1753 distichon
1122 1718 1160 1753 in
1176 1718 1296 1753 fronte
1316 1716 1422 1763 hujus
1445 1716 1610 1763 Epistolae

926 1769 1091 1805 exhibent
1105 1780 1115 1803 t

927 1830 1042 1864 Accipe,
1058 1831 1193 1865 Cydippe,
1207 1831 1322 1864 despecti
1334 1840 1428 1857 nomen
1440 1830 1536 1857 Aconti
1549 1850 1559 1863 ,

960 1879 1037 1904 Illius
1049 1880 1077 1904 in
1090 1889 1168 1914 pomo
1181 1880 1227 1914 qui
1239 1880 1288 1905 tihi
1299 1879 1378 1905 verba
1388 1880 1472 1905 dedit.

930 1927 993 1963 Est
1014 1934 1132 1963 autem
1155 1928 1229 1963 haec
1252 1928 1407 1974 Epistola
1426 1927 1516 1963 soede
1539 1927 1612 1963 de·-

929 1987 1070 2026 pravata
1085 1980 1244 2026 plurimis
1259 1980 1297 2015 in
1313 1979 1406 2015 locis.
1416 1980 1551 2015 Hssms.
1563 1979 1611 2014 Et

928 2032 1044 2078 ipsum
1064 2032 1149 2067 illud
1166 2031 1338 2067 distichon
1354 2031 1448 2067 varie
1469 2031 1609 2067 exhibe-

929 2085 1040 2120 turin
1057 2084 1166 2120 MSS.
1186 2086 1328 2129 Excipe.
1347 2084 1507 2119 Leidens.
1535 2085 1613 2119 Sus-

924 2140 1024 2182 pecli
1039 2150 1104 2183 pro
1128 2138 1301 2181 despecti,
1324 2136 1515 2172 Vossianus
1540 2148 1550 2170 z
1574 2143 1615 2170 ut

931 2189 1040 2235 Epist.
1057 2188 1203 2235 praeced.
1223 2189 1284 2233 148
1305 2201 1314 2223 :
1331 2190 1368 2224 A
1381 2191 1448 2223 tibi
1458 2193 1615 2234 suspecto

929 2243 1026 2276 ducit
1054 2242 1156 2276 Ulixe
1169 2254 1284 2285 genus.
1305 2243 1448 2277 Carmen
1463 2242 1612 2284 Aconti,

931 2293 1218 2339 Gottorphianus.
1236 2295 1342 2328 Istius
1354 2319 1363 2335 ,
1391 2293 1498 2329 etiam
1521 2294 1614 2328 Mo-

931 2360 968 2381 re
974 2346 1008 2381 ti.
1023 2345 1194 2381 Ceterum
1203 2345 1257 2381 hae
1268 2344 1346 2382 duae
1355 2345 1518 2391 Epistolae
1527 2346 1615 2381 mihi

931 2399 973 2434 ab
1000 2397 1176 2434 ovidiana
1196 2411 1286 2432 vena
1307 2410 1382 2432 non
1402 2397 1538 2433 fluxisse
1555 2398 1616 2432 vi-

932 2451 1073 2486 dentur.
1095 2451 1138 2486 B.
1159 2469 1204 2477 —
1221 2451 1356 2486 Durior
1379 2451 1472 2495 justo
1500 2451 1615 2486 Henr.

932 2503 1101 2549 Stephan.
1115 2503 1310 2548 sententia,
1331 2503 1391 2548 qui
1409 2516 1465 2538 eas
1483 2503 1537 2537 vel
1553 2503 1616 2549 ipsi

933 2556 1065 2591 Sabino
1083 2556 1138 2591 vix
1150 2555 1353 2591 tribuendas
1364 2555 1560 2601 judicabat,
1577 2556 1615 2591 in

934 2608 1048 2644 Diatr.
1064 2608 1106 2643 ad
1121 2609 1246 2644 Horat.
1261 2622 1293 2655 p.
1312 2610 1363 2656 78.

977 2662 1008 2696 3.
1031 2663 1193 2707 Languor
1203 2664 1247 2696 ab
1262 2666 1340 2696 isto.
1363 2661 1533 2697 Francius
1545 2674 1616 2696 vo·-

931 2714 1045 2758 lebat,
1066 2716 1245 2759 languidus
1259 2717 1344 2758 isto,
1361 2720 1400 2750 ut
1413 2727 1494 2755 cum
1505 2716 1618 2750 dolore

932 2766 1219 2813 conjungeretur.
