1884 3112
488 263 798 311 PHAEDRA
836 264 1271 309 HIPPOLYTO.

1537 269 1593 314 83

166 359 228 410 Et
248 377 447 426 pugnare
470 357 568 417 diu,
594 377 675 407 nec
698 377 768 407 me
793 358 1053 408 submittere
1077 357 1219 426 culpae

171 445 174 451 “
234 437 366 486 Certa
387 436 480 496 fui;
506 436 613 485 certi
637 436 676 485 si
699 436 808 503 quid
831 435 1017 485 haberet
1038 437 1178 484 Amor
1197 437 1209 484 !

167 514 297 565 Victa
320 534 497 582 precor,
523 514 802 581 genibusque
827 514 917 562 tuis
939 513 1104 577 regalia
1126 513 1261 563 tendo

231 593 431 643 Brachia.
460 593 585 658 Quid
608 592 777 650 deceat,
802 610 897 640 non
919 591 1040 639 videt
1062 590 1182 640 ullus
1207 602 1376 640 amans:

167 671 421 739 Depuduit‚
446 671 752 739 profugusque
774 669 923 736 pudor
946 687 1026 717 sua
1050 669 1178 732 signa
1200 668 1442 736 relinquit:

1540 686 1602 722 155

233 750 305 798 Da
326 748 497 799 veniam
518 748 664 806 fassae,
691 747 888 813 duraque
913 746 1048 795 corda
1073 746 1216 794 (loma.

170 828 277 893 Quo
299 827 429 886 mihi,
453 825 577 894 quod
599 825 795 889 genitor,
823 824 901 891 qui
918 823 1126 891 >possidet
1147 842 1347 891 aequora,
1373 824 1560 876 Minos?

234 905 379 970 Quod·
393 904 573 954 veniant
593 903 750 971 proavi
771 902 958 951 fulmina
981 914 1099 951 torta
1121 904 1288 952 manu?

170 983 307 1050 Quod
329 984 389 1033 sit
409 1002 536 1042 avus,
561 981 697 1031 radiis
720 981 916 1030 frontem
937 979 1124 1030 vallatus
1148 979 1288 1029 acutis
1304 1018 1316 1040 ‚

169 1132 290 1155 mann.
317 1118 459 1155 secund.
488 1118 532 1154 ad
555 1119 783 1165 Propertium
799 1129 829 1154 n
839 1145 850 1165 ,

169 1172 269 1220 Eleg.
283 1184 333 1218 11,
351 1187 382 1208 α.
405 1172 569 1207 Lemnii».

216 1227 290 1261 151.
313 1227 366 1261 Et
375 1237 530 1271 pugnare
549 1227 618 1260 diu.
642 1224 807 1270 Mallem,
823 1225 853 1260 si

168 1291 234 1324 per
247 1278 353 1314 libros
367 1285 503 1314 veteres
522 1277 661 1313 liceret:

168 1338 340 1374 Pugnavique
350 1339 399 1364 diu
406 1357 416 1370 ,
430 1347 477 1364 nee
491 1347 533 1363 me
542 1338 696 1363 submittere
705 1338 788 1372 eulpa

170 1390 247 1415 certa
258 1387 308 1413 sui.

169 1437 343 1471 Pugnaeique
354 1436 401 1461 diu
412 1435 527 1462 violenta
540 1435 678 1469 Cupidinis
689 1444 762 1460 arma

170 1485 292 1519 mugen
302 1484 403 1511 infelix.
509 1475 621 1511 Metam.
634 1491 669 1511 lx
674 1503 684 1515 ,
695 1485 753 1510 542.

219 1536 292 1570 155.
313 1534 504 1580 Depuduil⁹
513 1533 739 1579 pmfitgusque
747 1534 861 1578 pudor

171 1600 235 1622 sua
244 1589 344 1633 signa
354 1589 497 1632 reliquit.
513 1585 633 1621 Scribe
644 1611 654 1630 ,
671 1585 727 1621 vel
739 1584 855 1619 invitis

170 1640 284 1685 libris,
294 1639 522 1686 pmsugusque
531 1640 652 1673 rubor:
671 1636 765 1683 quod
781 1649 856 1671 om-

169 1693 259 1730 nino
267 1691 483 1729 concinnius.
490 1693 676 1736 Relinquit,
687 1697 856 1737 praeterea

170 1745 374 1782 Puteaneus
387 1751 423 1779 et
435 1743 492 1779 alii
504 1757 545 1778 ex
557 1742 769 1778 melioribus.
779 1743 857 1776 De·-

163 1799 293 1844 pudeae
323 1797 432 1833 etiam
456 1797 494 1832 in
527 1795 718 1831 Amoribus
743 1794 827 1829 dixit
843 1821 854 1839 ‚

157 1849 227 1887 lib.
243 1861 300 1885 111.
316 1849 372 1886 El.
388 1861 446 1895 xl,
466 1851 506 1894 4:

238 1911 274 1937 Εἰ
285 1919 345 1946 (με
357 1910 489 1946 depuduit
496 1909 563 1935 serre
569 1929 578 1942 ‚
592 1909 684 1934 tulisse
694 1909 786 1943 pudet.

171 1966 214 1996 ut
235 1959 382 2007 quidem
401 1959 470 1996 illic
491 1959 624 2006 optime
649 1959 767 1995 Jureti
790 1973 856 1995 ex-

172 2020 302 2060 cerpta.
327 2012 520 2048 Suetonius
535 2039 545 2057 ‚
568 2014 734 2057 depudere
759 2015 857 2047 didi-

170 2070 277 2102 ceml.
302 2066 436 2101 Hmus.
454 2066 693 2110 Depudescere
718 2065 859 2111 Apulej.

173 2116 278 2162 dixit,
293 2117 350 2153 lib.
366 2129 400 2152 x.
416 2117 565 2153 Metam.
578 2118 685 2153 Forte
702 2128 710 2150 :

175 2178 318 2212 Depuduie
328 2197 339 2210 ‚
353 2178 532 2213 profugusque
550 2178 637 2212 pudor
657 2178 702 2204 vix
720 2178 794 2211 signa
811 2187 859 2204 re·-

308 2227 415 2260 linquit.
553 2228 654 2254 Eunu.

177 2275 237 2312 Sic
260 2275 392 2320 Medea
421 2275 512 2322 apud
549 2275 713 2323 Apolloni
742 2276 859 2312 Rhod.

178 2329 373 2376 Argonaut.
387 2339 451 2374 111,
471 2330 550 2375 785:

474 2373 597 2432 ἑῤῥέτω
613 2385 726 2426 αἰδὼς,

266 2426 386 2485 ἑῤῥέτω
403 2434 528 2478 ἀγλαΐη.

224 2487 296 2532 ¹57·
318 2487 391 2530 Quo
410 2487 502 2520 mihi.
531 2487 631 2529 Quod
641 2487 787 2520 mihist?
799 2499 863 2530 ge-

175 2537 379 2584 nitorvulgo
389 2537 675 2583 quidemlegitur.
688 2538 765 2583 Ego
778 2551 862 2573 vero

176 2588 370 2636 legendum
387 2601 534 2634 censen,
556 2591 648 2633 Quid
663 2591 759 2631 mihi,
777 2592 868 2636 quod

174 2644 312 2686 genitor
332 2649 398 2677 etc.
427 2649 487 2676 aut
516 2648 629 2686 certe,
663 2644 735 2686 Quo
754 2645 861 2684 mihi,

178 2695 271 2739 quod
284 2698 446 2740 genitor-5
480 2693 626 2740 perinde
640 2702 680 2730 ut
695 2695 864 2731 Horatius

179 2744 287 2781 dixit:

182 2805 244 2838 Quo
254 2806 319 2832 mibi
329 2806 455 2840 soi-tunm,
470 2807 491 2831 si
505 2816 556 2833 non
570 2807 722 2834 conceditur
738 2808 774 2833 nti
783 2807 798 2833 ⁹?

917 1124 958 1153 ut
971 1118 1016 1153 sit
1031 1117 1144 1153 oratio
1157 1120 1325 1159 ε’λλειπτικὴ
1336 1143 1347 1163 ,
1364 1130 1429 1164 pro
1438 1144 1448 1162 ‚
1462 1119 1606 1164 quidve'l

918 1185 981 1218 quo
991 1170 1077 1206 mihi
1089 1170 1244 1216 prodest,
1259 1171 1353 1216 quod
1367 1171 1506 1218 genitor
1519 1173 1606 1208 mihi

918 1228 971 1256 est
986 1221 1130 1256 Minos?
1147 1221 1288 1256 MICYL.

967 1289 980 1309 1
987 1275 1039 1309 58.
1050 1276 1151 1318 Quod
1153 1277 1607 1325 vem’antpmametcNulgo

919 1327 1041 1362 Minos
1051 1327 1142 1363 filius
1148 1328 1172 1362 J
1174 1327 1246 1362 ovis
1256 1327 1413 1363 creditur
1421 1333 1493 1370 Ζεύς
1500 1338 1608 1368 Μίνωα

920 1383 994 1416 τέκε.
1016 1379 1056 1415 ΙΙ.
1078 1388 1125 1424 Ν,
1143 1382 1219 1424 450.
1245 1380 1341 1428 Ergo
1361 1381 1503 1428 Jupiter
1525 1397 1608 1421 avus

920 1432 1080 1469 Phaedrae
1089 1433 1156 1468 erit
1165 1447 1174 1475 ;
1189 1433 1250 1468 sed
1263 1446 1375 1478 quum
1384 1434 1456 1470 duo
1466 1436 1609 1474 Minoes

918 1485 1052 1519 suerint
1062 1511 1072 1529 ,
1090 1491 1126 1519 et
1141 1485 1316 1520 secundus
1327 1486 1482 1534 Lycastae
1498 1489 1588 1526 filius
1599 1518 1609 1535 ,

920 1536 1045 1582 prioris
1059 1549 1169 1582 nepos
1184 1563 1194 1581 ,
1225 1537 1354 1583 poterit
1369 1538 1511 1585 Jupiter
1528 1541 1610 1577 lon-

921 1587 995 1633 gius
1019 1601 1040 1622 a
1063 1588 1213 1624 Phaedra
1235 1589 1380 1635 quidem
1406 1594 1608 1638 removeri,

921 1653 988 1675 nec
1000 1647 1119 1675 tamen
1126 1654 1273 1685 proavus
1288 1641 1355 1676 dici
1365 1668 1374 1686 ‚
1388 1643 1451 1678 sed
1462 1647 1610 1681 abavus:

922 1692 1079 1736 quamvis
1103 1693 1223 1727 Poe‘tae
1240 1691 1304 1727 hos
1320 1694 1446 1739 gradus
1463 1709 1539 1731 non
1561 1697 1610 1732 ita

922 1744 1108 1792 diligenter
1114 1753 1255 1780 servant
1264 1772 1274 1790 ‚
1289 1746 1363 1781 imo
1370 1760 1436 1783 nec
1446 1748 1510 1795 ipsi
1517 1763 1608 1797 saepe

923 1797 1112 1840 Historici;
1136 1799 1231 1834 testis
1249 1799 1340 1834 Vell.
1363 1801 1480 1836 Pater.
1497 1813 1511 1836 1
1527 1829 1536 1848 ,
1563 1818 1582 1838 2
1599 1820 1607 1842 ;

923 1850 1092 1887 confundi
1108 1864 1192 1886 vero
1216 1852 1303 1887 duos
1325 1853 1466 1890 Minoas
1491 1855 1610 1891 docuit

923 1903 1060 1950 egregie
1072 1904 1313 1940 Broukhusius
1326 1905 1369 1940 ad
1378 1907 1539 1953 Propert.
1553 1919 1608 1944 111.

925 1957 1022 2003 Eleg.
1050 1968 1129 1993 xvn
1146 1984 1155 2002 ,
1180 1972 1232 2003 27.
1260 1958 1332 1994 Sed
1356 1972 1504 2004 proavus
1524 1974 1610 2007 pro-

923 2012 998 2057 prie
1014 2023 1154 2057 quoque
1169 2009 1327 2046 Phaedrae
1337 2011 1404 2048 dici
1417 2020 1531 2058 potest
1545 2014 1569 2048 J
1572 2027 1608 2048 u-

924 2065 1015 2111 piter
1035 2077 1098 2110 per
1113 2071 1265 2098 matrem
1282 2074 1290 2095 :
1307 2065 1493 2112 Pasiphaes
1509 2068 1606 2103 enim

924 2125 1023 2164 pater
1038 2117 1099 2153 Sol
1110 2144 1119 2161 ,
1137 2124 1172 2152 et
1187 2117 1292 2164 hujus
1306 2118 1330 2153 J
1335 2119 1471 2166 upiter;
1494 2128 1530 2158 et
1544 2134 1608 2166 se-

926 2184 1039 2217 quens
1062 2170 1235 2206 distichon
1266 2171 1397 2207 indicat
1428 2173 1609 2209 Nasonem

925 2224 993 2260 hoc
1007 2224 1121 2270 potius
1135 2231 1286 2259 stemma
1298 2224 1438 2271 elegisse
1448 2251 1458 2270 ,
1475 2226 1557 2271 quia
1573 2227 1610 2260 in

927 2277 1035 2312 altero
1065 2277 1206 2311 Minoes
1237 2277 1406 2312 confundi
1441 2278 1612 2315 solebant.

929 2329 1101 2364 Ceterum
1124 2329 1162 2363 in
1184 2329 1469 2365 Franeofurtensi
1492 2330 1610 2367 codice

926 2389 1001 2417 erat
1018 2396 1038 2416 a
1050 2395 1160 2416 manu
1174 2381 1287 2428 prima
1297 2409 1306 2427 ,
1323 2383 1456 2417 Proaoa
1457 2383 1611 2428 fulmina

926 2440 1032 2470 missa
1053 2446 1181 2477 manu‚·
1207 2435 1459 2482 elegantissime
1477 2451 1486 2479 ;
1506 2445 1541 2472 et
1563 2437 1611 2472 ita

926 2490 1059 2523 Proaua
1073 2492 1206 2532 Impoea,
1223 2489 1409 2534 Propertio
1419 2489 1476 2523 lib.
1488 2500 1541 2533 lv,
1559 2500 1611 2533 XI,

928 2555 971 2589 ²9
982 2568 992 2585 ‚
1017 2554 1167 2575 asserere
1183 2540 1319 2575 volebat
1334 2541 1499 2577 Barthius
1509 2568 1520 2587 ‚
1538 2555 1614 2579 non

928 2594 1098 2641 probante
1116 2594 1351 2630 Broukhusio.
1366 2595 1497 2631 BURM.

976 2650 1047 2695 ¹59·
1078 2649 1245 2682 Vallatus.
1277 2648 1467 2695 Eleganter
1481 2676 1491 2694 ,
1518 2651 1615 2695 quasi

928 2713 1060 2736 corona
1085 2701 1237 2746 cinctus,
1263 2701 1310 2736 ita
1342 2709 1381 2737 ut
1412 2702 1500 2738 radii
1523 2703 1616 2738 acuti

928 2752 976 2787 illi
994 2752 1146 2788 telorum
1171 2754 1322 2799 speciem
1346 2754 1534 2800 praebeant.
1568 2754 1616 2789 Et

930 2805 978 2839 ita
994 2804 1168 2840 Lucjanus
1184 2806 1226 2840 de
1246 2805 1437 2842 saltatione
1448 2834 1457 2851 ,
1480 2820 1512 2851 p.
1531 2808 1594 2842 505
1606 2833 1615 2849 ,
