1884 3112
486 258 865 306 ACONTIUS
903 259 1236 305 CYDIPPAE.

150 357 306 416 Nube,
330 373 512 424 precor,
539 353 678 411 dicet,
704 353 778 402 cui
802 365 844 402 te
868 352 990 402 bona
1013 352 1198 401 numina
1215 353 1438 418 jungunt:

1494 262 1582 322 379

1513 370 1584 415 ¹215

217 438 371 502 Quem,
388 435 482 483 fore
498 432 684 500 jurasti,
711 432 770 480 sit
793 450 928 495 gener
950 430 1025 479 ille
1045 430 1170 479 mihi.

154 515 376 582 Quisquis
399 514 438 563 is
461 524 550 570 est,
575 509 765 579 placeat,
795 508 1008 576 quoniam
1033 506 1180 575 placet
1201 520 1300 557 ante
1312 509 1485 558 Dianae.

219 593 343 643 Talis
366 592 450 642 erit
470 601 630 648 mater,
656 589 694 638 si
717 587 852 638 modo
875 598 1016 635 mater
1036 587 1133 635 erit.

157 672 231 722 Sic
255 684 402 743 tamen
422 681 465 720 et
490 678 678 736 quaerat,
706 666 783 733 qui
807 665 892 714 sim
916 676 1221 732 quantusque,
1241 666 1427 732 jubeto:

221 749 421 800 Inveniet
443 746 573 796 vobis
596 743 871 794 consuluisse
896 743 1049 792 Deam.

1527 771 1592 794 220

155 828 329 887 Insula,
354 825 554 893 Coryciis
576 821 802 890 quondam
826 819 1113 870 celeberrima
1135 821 1383 890 Nymphis,

216 904 431 968 Cingitur
451 902 628 965 AEgaeo,
653 899 834 948 nomine
861 899 950 948 Cea
966 936 979 957 ‚
1003 898 1144 947 mari:

154 984 239 1035 Illa
258 983 371 1033 mihi
389 980 535 1050 patria
558 991 626 1029 est
646 998 656 1027 :
677 997 758 1026 nec
770 1015 782 1036 ‚
808 977 847 1026 si
871 995 1084 1040 generosa
1102 976 1308 1044 probaris

219 1060 435 1119 Nomina,
464 1056 684 1125 despectis
708 1074 873 1118 arguor
896 1067 1022 1104 ortus
1045 1055 1150 1104 avis.

157 1140 275 1189 Sunt
297 1149 342 1187 et
366 1155 474 1204 opes
493 1134 630 1184 nobis
651 1153 662 1182 :
687 1144 795 1181 sunt
818 1144 864 1182 et
884 1134 979 1182 sine
1008 1133 1192 1182 crimine
1214 1153 1363 1184 mores
1384 1153 1395 1182 ε
1531 1151 1595 1183 225

227 1214 438 1283 Amplius
459 1224 599 1280 utque
619 1209 761 1268 nihil,
785 1230 856 1259 me
878 1211 966 1260 tibi
983 1211 1134 1277 jungit
1156 1231 1293 1260 amor.

159 1295 407 1363 Appeteres
426 1290 559 1340 talem
581 1288 650 1338 vel
669 1307 765 1338 non
783 1288 930 1354 jurata
946 1289 1184 1348 maritum3

162 1426 247 1463 Non
267 1425 454 1464 invenusta
475 1417 710 1468 repetitione,
700 1432 709 1441 ·
739 1425 775 1453 et
799 1418 849 1453 ita

162 1479 271 1515 etiam
299 1476 468 1520 Francius
490 1474 700 1520 conjecerat.
734 1471 848 1506 Imm.

206 1529 348 1578 219..st
362 1533 475 1565 tamen
490 1531 528 1562 et
547 1529 674 1572 quara!
690 1527 765 1571 quis
784 1527 849 1558 sim

161 1582 500 1630 quamquesweto.
518 1578 647 1625 Scripti
660 1575 824 1612 nonnulli
837 1602 847 1620 ,

162 1637 230 1671 sed
242 1631 356 1670 tmen
373 1628 823 1680 1'nqu1'mt.Argentinensis
837 1654 847 1671 ,

161 1686 206 1723 ὣ·
221 1691 335 1722 tam
352 1690 392 1722 et
409 1686 527 1732 querit
544 1687 606 1730 qui
621 1682 850 1728 s1'm·jubeto

161 1741 271 1776 etiam
286 1746 339 1786 est
353 1740 391 1775 in
404 1737 595 1782 nonnullis.
611 1736 758 1773 Scribe:

160 1801 211 1829 8εᾶ
221 1806 309 1827 tumen
321 1801 438 1835 inquirat
447 1799 495 1835 qui
507 1799 557 1824 sim
572 1797 711 1832 qualisque
723 1796 813 1830 jubeto
824 1804 832 1821 ε

195 1850 316 1877 Inveniet
328 1855 378 1876 etc.

161 1901 257 1938 Nam
276 1903 425 1936 inveniet
447 1911 513 1946 pro
535 1900 686 1944 oin-mes
708 1909 850 1942 quoque

163 1959 273 1990 exstat
295 1953 334 1988 in
354 1951 546 1988 nonnullis.
570 1951 694 1986 Posset
717 1950 824 1984 etiam
839 1975 849 1993 ,

164 2006 222 2042 Sic
244 2011 359 2041 tamen
375 2007 540 2051 lnqm‘mt,
573 2002 666 2049 quod
690 2009 761 2037 tres
783 2014 851 2037 co·-

164 2058 258 2095 dices
275 2059 469 2106 praeserunt
490 2068 498 2090 :
516 2064 571 2101 et,
596 2060 657 2103 qui
667 2059 732 2090 sim
751 2068 852 2101 quan-

163 2117 284 2159 tusque
296 2124 378 2148 cum
387 2111 412 2147 J
414 2111 506 2146 ureti
518 2110 708 2156 Excerptis.
717 2109 852 2144 Hssms.

170 2167 330 2210 Qua-ml,
359 2177 406 2200 ne
427 2171 553 2199 muta:
573 2162 651 2198 vide
675 2160 719 2196 ad
743 2161 853 2207 Epist.

168 2229 248 2255 xvn
260 2246 270 2264 ‚
294 2220 379 2268 1983
408 2217 537 2254 deinde
560 2220 612 2252 sic
627 2221 741 2251 tamen
760 2227 853 2262 prae-

168 2271 312 2308 tulimus
323 2298 333 2317 ,
351 2282 443 2317 x1n,
462 2271 611 2306 Metam.
629 2270 693 2314 243
711 2282 720 2305 ε

167 2329 210 2354 ste
224 2333 311 2354 tumen
320 2333 347 2354 et
357 2333 444 2362 spreto
456 2326 592 2362 noctisque
601 2326 736 2359 hostisque
745 2325 851 2359 periclo.

170 2378 307 2414 Eadem
324 2377 495 2424 elegantia
509 2403 518 2421 ,
549 2390 617 2423 qua
636 2379 688 2410 sic
703 2388 850 2422 quoque,

169 2445 259 2482 saepe
271 2430 434 2468 occurrit.
448 2431 560 2466 Imm.
811 2452 828 2460 ,

213 2501 288 2522 222.
317 2488 462 2522 Nomine
492 2487 572 2522 Cea.
609 2486 679 2520 Cea
701 2496 775 2518 non
802 2488 854 2519 est

171 2538 383 2585 adjectivum
402 2538 470 2574 hoc
487 2538 565 2573 loco
579 2564 587 2582 ,
606 2545 646 2572 ut
662 2537 751 2583 Egn.
763 2535 853 2571 Hu-

169 2592 329 2628 bertinus
344 2599 443 2639 putat
459 2591 540 2630 :sed
554 2590 745 2638 proprium.
759 2590 854 2625 Nam

171 2652 208 2680 et
220 2645 355 2681 Plinius
362 2656 415 2689 lv,
430 2658 491 2680 12:
504 2646 602 2685 Ceos,
617 2643 746 2690 inquit,
756 2656 854 2688 quam

171 2703 284 2735 nostra
293 2701 424 2746 quidem
441 2701 561 2738 Ceam,
593 2699 707 2732 Gmci
714 2697 855 2744 Hydru-

173 2766 246 2788 sam
259 2749 778 2837 vocanl.EtVirgilc.1‚Geo1—g.
799 2751 855 2785 15:

239 2814 299 2840 ..Et
313 2823 346 2840 cu
331 2814 384 2839 u'lo
386 2822 440 2839 rue
442 2822 515 2839 motu
500 2822 560 2844 u‚m
592 2812 720 2846 unpingn
723 2813 804 2837 ·Ceae

911 1428 965 1452 Ter
979 1433 1083 1454 centum
1104 1428 1177 1454 nivei
1199 1429 1306 1455 tondent
1327 1430 1433 1455 dumeta
1454 1430 1569 1463 juvenci.

912 1477 1095 1525 Nyniphas
1111 1485 1231 1514 autem
1243 1506 1253 1523 ‚
1272 1492 1356 1524 quas
1368 1478 1425 1514 hic
1439 1481 1599 1527 Corycias

912 1528 1013 1574 dicit,
1034 1530 1130 1565 idem
1147 1538 1251 1576 poeta
1267 1531 1417 1566 Metam.
1434 1543 1474 1566 ιο
1488 1557 1498 1575 ,
1521 1531 1600 1566 sim-

912 1582 1048 1628 pliciter
1059 1585 1238 1631 Nymphas
1257 1585 1431 1619 Cartha-as
1443 1591 1543 1619 vocat
1555 1610 1565 1627 ‚
1582 1598 1600 1618 a

915 1636 1091 1676 Carthoea,
1123 1649 1196 1671 una
1212 1650 1253 1671 ex
1277 1643 1429 1682 quatuor
1456 1636 1601 1671 urbibus

916 1687 1008 1724 Ceae.
1018 1690 1158 1725 MICYL.
1167 1690 1311 1736 —Lege
1321 1717 1329 1735 ,
1344 1692 1431 1733 Cea,·
1446 1697 1519 1725 tam
1530 1689 1599 1734 hic,

914 1755 1020 1788 quam
1033 1742 1122 1778 Met.
1140 1755 1174 1778 x.
1186 1750 1275 1784 Κεῖος
1288 1743 1385 1779 enim
1395 1750 1447 1779 est
1456 1743 1600 1787 Graeeis,

912 1794 967 1828 vel
978 1797 1061 1835 Κεός.
1070 1795 1188 1831 Insula
1198 1798 1269 1832 Cea
1279 1797 1385 1831 etiam
1397 1796 1602 1832 Columellae

914 1848 1005 1884 dicta
1017 1875 1026 1892 ‚
1041 1848 1098 1884 lib.
1108 1859 1162 1893 lx,
1175 1862 1248 1895 cap.
1266 1863 1279 1884 1
1289 1863 1316 1884 ι.
1329 1851 1432 1885 Ceam
1443 1850 1603 1896 simplici-

915 1907 970 1935 ter
993 1900 1092 1948 Virg.
1118 1912 1151 1945 1,
1177 1901 1307 1948 Georg.
1328 1904 1390 1946 14;
1415 1902 1496 1945 ubi,
1514 1909 1601 1936 teste

915 1953 1040 1988 Servio
1051 1980 1060 1997 ‚
1083 1954 1242 2000 regnavit
1259 1954 1427 1989 Aristaeus
1443 1952 1602 2001 Cyrenes

916 2005 1017 2040 filius.
1027 2006 1100 2042 Pro
1116 2007 1266 2054 Coryciis
1278 2008 1442 2054 Nymphis
1450 2006 1555 2050 male,
1567 2013 1604 2041 et

915 2059 1028 2094 invito
1046 2066 1162 2094 metro
1183 2061 1349 2107 Catyslzklr
1366 2060 1507 2106 reponit
1528 2059 1604 2095 Or-

917 2112 1019 2147 telius
1035 2138 1044 2156 ,
1067 2112 1252 2147 Thesauro
1273 2112 1536 2158 Geographioe,
1564 2112 1602 2147 in

920 2167 1007 2200 Ceos
1024 2178 1034 2199 .·
1051 2171 1134 2199 sunt
1150 2165 1247 2200 enim
1259 2192 1269 2210 ,
1286 2178 1370 2211 quas
1390 2165 1520 2201 Noster
1535 2166 1604 2200 Co-

917 2221 1066 2267 rycidas,
1086 2218 1145 2255 lib.
1161 2230 1195 2264 1,
1212 2219 1302 2254 Met.
1317 2225 1418 2254 vocat
1431 2233 1441 2261 ;
1459 2226 1495 2254 et
1506 2220 1603 2255 Par—

917 2273 1009 2308 nassi
1016 2272 1146 2308 incolas
1152 2271 1233 2308 facit
1241 2271 1461 2318 Ap‘ollonius,
1470 2282 1513 2315 11,
1525 2286 1542 2318 7
1550 2286 1562 2306 1
1572 2286 1583 2306 1
1592 2298 1602 2315 ,

918 2327 977 2362 ubi
994 2326 1037 2362 de
1052 2327 1225 2362 Parnasso
1241 2326 1311 2373 agit
1329 2332 1366 2361 et
1383 2325 1546 2372 Apolline
1565 2338 1572 2360 ε

917 2384 1018 2418 Πολλὰ
1043 2385 1075 2416 δὲ
1098 2383 1254 2432 Κωρυκιαι
1275 2381 1426 2427 Nu'lnou',
1461 2383 1604 2422 Πλιίςοιο

1008 2436 1164 2484 θύγατρες,

918 2494 1002 2534 Θαρσ
1006 2489 1123 2523 ν’νεσκον
1140 2501 1259 2522 ιπεσσιν
1270 2511 1280 2529 ,
1296 2480 1360 2527 ἰήϊε
1373 2490 1558 2530 κεκληγυῖαι.

962 2540 1038 2575 223.
1061 2541 1137 2574 Nec
1146 2551 1179 2572 51
1192 2551 1356 2582 generosa
1366 2540 1523 2582 probaris
1538 2543 1603 2572 etc.

918 2594 1102 2637 Nodellio‚
1122 2594 1167 2628 V.
1182 2592 1235 2628 Cl.
1254 2591 1341 2628 Obs.
1357 2590 1445 2626 Crit.
1458 2617 1467 2634 ,
1484 2603 1515 2636 p.
1535 2590 1577 2624 23
1591 2616 1601 2633 ‚

919 2646 1110 2694 legendum
1126 2645 1265 2680 videtur
1282 2646 1464 2689 probavi&
1490 2649 1605 2677 mater

919 2699 1046 2735 scilicet
1059 2726 1068 2743 ,
1088 2698 1131 2733 de
1147 2698 1247 2742 cujus
1266 2695 1396 2742 judicio
1413 2695 1536 2742 agitur.
1564 2694 1603 2728 L.

965 2754 1039 2797 224.
1067 2753 1207 2796 Arguat.
1231 2748 1399 2785 Francius
1430 2748 1579 2782 malebat
1593 2772 1603 2789 ‚

921 2807 1064 2851 Arguat.
1091 2804 1162 2840 Cui
1183 2803 1334 2839 libenter
1349 2801 1523 2837 assentiar.
