1884 3112
281 236 340 292 44
820 241 878 284 A.
912 240 1143 288 SABINI

343 330 435 378 Nec
459 329 638 378 tacitum
660 330 813 389 frater,
838 350 918 380 nec
942 332 1049 380 sinit
1071 352 1163 382 esse
1187 351 1332 382 reum:
1363 330 1365 332 ’

281 407 412 455 Βυῐῐι’
427 406 659 465 thalamos,
685 407 850 473 inquit,
877 407 1044 456 dilectae
1068 408 1296 475 Phyllidos
1320 430 1468 474 urges,
1641 427 1685 461 15

343 485 403 531 Et
426 495 527 531 tuus
551 495 727 531 externo
752 495 891 532 cessat
912 484 959 531 in
982 484 1083 547 igne
1107 483 1251 542 furor3

279 557 460 606 Fluxere
484 558 647 606 interea
669 558 779 625 pede
805 571 1001 626 tempora
1024 560 1146 627 lapsa
1167 561 1335 627 fugaci,

344 635 644 702 Praevenitque
671 647 766 684 tuas
789 636 948 684 flebilis
970 636 1078 686 hora
1100 657 1257 687 moras.

278 711 480 759 Forsitan
504 712 798 776 autnondum
821 711 968 760 fractis
993 732 1217 775 occurrere
1241 715 1396 774 rebUS,

342 787 437 835 Aut
459 799 634 852 poteras
657 787 804 835 fractis
827 787 948 835 utilis
973 807 1065 837 esse
1091 801 1247 837 tamen.
1644 816 1687 841 ao

282 863 374 912 Cur
396 864 573 929 potiora
597 865 680 912 tibi
704 865 968 931 Rhodopeia
991 884 1126 927 regna
1148 865 1290 922 fuere,

345 940 545 1006 Quaeque
569 941 707 1003 magis
731 942 877 1004 regnis
901 960 999 989 cara
1022 941 1169 1007 puella
1191 942 1303 991 fuit?

279 1017 458 1065 Intonat
478 1017 548 1065 his
571 1018 782 1078 Athamas
805 1037 814 1066 :
839 1017 987 1066 eadem
1008 1037 1109 1066 mox
1135 1019 1289 1084 objicit
1306 1019 1490 1080 AEthra‚'

344 1092 502 1140 Infelix
524 1093 684 1142 functae
704 1094 791 1158 jam
813 1113 955 1160 prope
979 1096 1114 1143 sortis
1135 1115 1269 1154 anus;

281 1170 340 1216 Et
363 1168 483 1235 quod
506 1188 599 1216 non
622 1170 814 1217 condant
836 1170 929 1217 nati
953 1189 1031 1219 sua
1054 1171 1219 1221 lumina
1241 1173 1420 1240 palmae,
1646 1192 1688 1226 25

343 1246 514 1295 Fecisse
537 1246 630 1296 haec
653 1258 826 1295 nostras
852 1246 997 1309 arguit
1018 1266 1158 1314 usque
1180 1267 1337 1298 moras.

282 1392 349 1427 Vel
364 1419 373 1437 ,
395 1397 468 1439 quis
492 1395 610 1428 credat
623 1419 632 1435 ‚
654 1407 717 1440 per
731 1394 952 1440 parenthesin

281 1445 593 1491 interrogatoriam.
610 1446 719 1480 IDEM.

327 1498 378 1541 14.
399 1498 473 1531 Nec
496 1499 633 1531 tacitum
645 1497 773 1541 frater,
792 1510 854 1531 nec
872 1500 956 1530 st‘nt'l

281 1560 357 1582 esse
382 1561 479 1583 reum.
504 1546 764 1593 Corrigendum
779 1574 789 1593 ,
816 1548 843 1583 si
870 1547 953 1594 quid

281 1599 385 1634 video
401 1613 409 1634 :

312 1656 368 1682 Nec
381 1655 488 1681 tacitum
496 1655 576 1682 frater
585 1665 626 1682 me
637 1656 697 1681 sinit
708 1665 763 1682 oue
771 1665 853 1682 reum.

287 1707 440 1740 Tacitum
454 1718 528 1740 non
545 1706 626 1740 sinit
641 1719 711 1741 esse
726 1719 816 1741 reum
828 1734 836 1747 ‚
870 1705 952 1752 quia

281 1757 395 1803 palam
411 1765 446 1792 et
461 1765 577 1803 aperte
597 1764 738 1793 accusat.
758 1758 867 1792 IDEM.

328 1823 378 1857 19.
390 1811 545 1843 Forsitan
556 1809 895 1854 aulnondumsracltlc
903 1822 955 1843 oc-

280 1874 408 1895 currere
415 1863 519 1895 rebus.
529 1860 789 1906 Reponendum
796 1868 867 1895 tam
874 1861 953 1904 hoc,

283 1926 388 1958 quam
413 1913 573 1958 sequenti
593 1925 695 1947 versu
712 1939 721 1956 ,
736 1913 864 1957 smctis
890 1925 955 1958 pro

273 1965 404 2009 factis,
419 1965 466 1999 sic
478 1964 671 2010 postulante
684 1964 867 2000 sententia.
880 1964 956 1998 Ma-

282 2017 344 2051 lim
360 2017 466 2051 etiam
476 2017 604 2061 fractis
621 2029 810 2051 succurrere
836 2018 932 2051 rebus
943 2042 953 2057 ,

282 2081 390 2114 quam
396 2081 571 2103 occurrere.
577 2069 669 2105 Naso
675 2068 712 2102 in
720 2068 889 2103 Tristibus
897 2093 906 2112 ‚
921 2077 936 2102 1
946 2093 956 2111 ,

284 2121 380 2167 Eleg.
398 2132 435 2163 v,
449 2120 490 2155 35
501 2133 508 2154 :

300 2173 360 2205 Quo
373 2173 469 2205 magis,
486 2173 514 2196 o!
526 2172 600 2204 pauci
610 2190 618 2203 ,
628 2171 706 2205 lapsis
721 2172 863 2197 succurrite
871 2171 956 2197 rebus.

328 2223 460 2255 Fracta·
470 2232 538 2261 res,
548 2226 586 2254 ut
598 2219 635 2254 in
645 2219 703 2254 illo
712 2220 907 2255 Horatiano
915 2229 958 2253 11.

287 2272 358 2307 Sat.
374 2283 421 2306 111
432 2298 441 2316 ‚
463 2272 523 2306 18:

383 2333 523 2365 Postquam
535 2340 575 2356 res
587 2340 643 2356 mea
653 2332 749 2357 sanum

335 2381 380 2406 Ad
396 2381 510 2406 medium
523 2380 604 2405 fracta
624 2386 671 2405 est.
771 2381 876 2407 limus.

286 2449 329 2456 -—
335 2431 521 2471 occurrere,
532 2430 668 2475 elegans
678 2443 685 2464 ε
696 2436 746 2465 est
754 2430 849 2465 enim
857 2441 959 2475 opem

285 2483 376 2516 serre
389 2508 398 2525 ‚
417 2488 603 2527 antequam
615 2482 705 2516 mala
719 2481 959 2524 invaluerunt;

289 2534 489 2578 praevenire.
505 2533 632 2568 Justin.
646 2544 752 2577 XXIX,
776 2536 797 2577 4
812 2547 820 2568 :
838 2547 855 2564 ει
875 2532 962 2578 Qui-

288 2586 352 2619 bus
367 2591 418 2619 tot
434 2586 604 2631 tantisque
620 2585 724 2620 rebus
739 2585 891 2620 obsessus
906 2583 962 2619 cui

289 2636 341 2671 rei
363 2636 516 2681 primum
536 2642 735 2679 occurreret,
760 2637 962 2683 ambigebat.

292 2687 422 2722 Bunm.

332 2753 385 2773 21.
411 2740 479 2774 Car
482 2743 616 2785 potiora
632 2742 701 2776 tibi.
718 2740 795 2777 Imo
807 2754 872 2785 cur,
891 2746 963 2775 tam

1017 1394 1091 1439 hic,
1107 1408 1210 1441 quam
1226 1396 1383 1443 proximo
1396 1407 1507 1432 versu.
1519 1409 1528 1438 ;
1542 1395 1608 1433 nisi
1621 1395 1690 1433 illie

1017 1460 1079 1491 quo
1091 1448 1198 1483 malis.
1211 1450 1384 1484 Praeterea
1397 1448 1542 1492 arridet,
1558 1450 1691 1493 Carpo-

1018 1501 1105 1532 tiora
1122 1503 1188 1533 tuis
1200 1527 1208 1540 ‚
1228 1507 1266 1534 ut
1282 1504 1315 1535 τὲ
1329 1504 1439 1543 regnis
1456 1499 1691 1546 subintelliga-

1018 1556 1085 1583 tur.
1102 1550 1234 1586 HEINS.
1258 1553 1337 1585 Cum
1344 1555 1480 1595 potiora
1492 1554 1583 1586 mibi.
1601 1550 1691 1586 Edd-

1019 1600 1273 1636 Ald.Bersm.et
1281 1602 1398 1637 Plant:
1407 1602 1533 1638 deinde
1543 1603 1691 1638 Heinsio

1019 1652 1171 1698 placebat
1180 1679 1189 1697 ,
1207 1666 1324 1688 cur-ve
1336 1657 1443 1698 magis
1453 1657 1562 1698 regnis
1575 1667 1604 1689 c.
1615 1667 1651 1700 p.
1657 1652 1693 1699 s.

1017 1705 1108 1739 sorte
1122 1718 1130 1739 ε
1142 1706 1230 1739 Num
1238 1709 1374 1749 potiora
1386 1708 1452 1740 tibi
1461 1709 1525 1740 etc.

1062 1756 1114 1791 23.
1136 1758 1276 1791 Intonat
1294 1759 1348 1791 his
1369 1754 1548 1792 Albanius.
1573 1756 1667 1803 Lege
1679 1783 1690 1800 ‚

1019 1808 1180 1843 Acamas.
1198 1808 1231 1843 Is
1245 1808 1341 1843 enim
1355 1808 1482 1843 Thesei
1499 1808 1608 1852 filius,
1624 1807 1694 1842 De-

1019 1860 1242 1906 mophoontis
1254 1860 1361 1895 frater
1369 1887 1378 1904 ,
1388 1873 1429 1895 ex
1440 1859 1520 1894 belli
1532 1859 1693 1904 Troiani,

1020 1912 1076 1946 cui
1108 1912 1266 1947 interfuit
1283 1938 1292 1955 ,
1325 1911 1544 1958 scriptoribus
1579 1917 1693 1946 notus.

1021 1963 1077 1998 De
1093 1963 1167 2008 ejus
1185 1970 1219 1998 et
1236 1963 1407 1998 Laodices'
1416 1963 1590 1998 amoribus
1601 1988 1611 2006 ,
1626 1961 1694 1997 vid.

1021 2015 1251 2051 Parthenium
1258 2015 1295 2049 in
1304 2014 1463 2058 Eroticis,
1472 2027 1544 2060 cap.
1551 2012 1694 2048 xV1.Ce-

1021 2074 1137 2102 terum
1145 2067 1376 2102 Acamantem
1387 2079 1425 2101 ac
1438 2064 1694 2111 Demophoon-

1021 2126 1094 2154 tem
1108 2120 1231 2154 sratres
1245 2131 1335 2163 equo
1351 2118 1507 2163 Trojano
1524 2129 1607 2152 cum
1622 2115 1695 2151 aliis

1021 2171 1219 2217 proceribus
1255 2184 1290 2205 se
1327 2169 1509 2205 credidisse
1548 2174 1697 2204 testatur

1024 2223 1179 2268 Quintus
1195 2222 1397 2269 Smyrnaeus
1411 2247 1420 2265 ,
1435 2231 1509 2266 ΧΗ,
1523 2220 1598 2255 321.

1050 2285 1213 2330 Anfaoqao'wv
1224 2299 1254 2318 τε
1265 2288 1318 2318 καὶ
1328 2286 1534 2330 Δμφιζααχος,
1552 2281 1696 2326 κρατερός

1152 2333 1179 2370 τ’
1189 2327 1385 2379 ’Δγαπήνωμ

1065 2396 1120 2430 Σύν
1144 2393 1171 2430 δ’
1180 2388 1320 2438 Ἀκάμας
1336 2410 1367 2430 τι
1382 2394 1484 2439 Μέγης
1499 2407 1536 2429 τε·
1550 2394 1700 2436 κραταιοῦ

1153 2448 1256 2485 Φυλέος
1273 2450 1344 2485 υἷος.

1025 2507 1072 2542 Et
1086 2505 1363 2554 Tryphiodorus‚
1377 2504 1414 2539 in
1421 2503 1543 2540 eadem
1553 2501 1596 2538 de
1603 2513 1694 2548 equo

1025 2559 1224 2594 narratione
1239 2570 1248 2593 :

1069 2616 1262 2664 Anssaqw'wvr’
1279 2609 1419 2661 'Axeifme
1439 2631 1470 2650 τε
1497 2617 1558 2651 δὺω
1573 2615 1695 2654 Θησῆῖα

1154 2671 1250 2705 τέκνα.
1276 2675 1310 2703 Η.

1072 2738 1123 2774 26.
1140 2739 1277 2776 Fecisse
1288 2738 1344 2772 bic
1350 2739 1492 2772 nostras.
1501 2733 1696 2778 patefien-

1869 430 1884 676 nmmw·1=:rn³'*r-*'
1868 368 1875 381 2⁴
1874 301 1879 306 ν
1867 264 1869 267 ”
1866 222 1884 234 .’
