1884 3112
277 279 362 324 270
729 259 1079 305 EPISTOLA
1110 260 1224 304 xv.

339 356 382 403 Ο
408 354 562 412 decus,
584 365 716 419 atque
739 353 818 401 aevi
836 351 977 415 gloria
994 370 1155 415 magna
1180 350 1274 399 tui!

274 433 376 480 Huc
401 431 533 479 ades:
554 430 688 495 inque
714 429 859 488 sinus,
884 428 1097 486 formose,
1123 426 1318 476 relabere
1338 437 1541 486 nostros;
1651 443 1697 490 95

338 509 442 555 Non
464 519 515 555 ut
536 525 676 564 ames,
701 525 802 564 oro,
830 525 979 555 verum
1002 516 1054 553 ut
1077 523 1220 553 amare
1245 504 1385 552 sinas!

275 584 522 632 Scribimus
537 621 548 642 ‚
574 595 619 632 et
636 582 827 632 lacrimis
848 582 966 632 oculi
985 595 1196 632 rorantur
1210 582 1404 631 obortis.

340 661 556 728 Adspice,
584 681 715 727 quam
739 661 799 709 sit
821 661 867 708 in
890 661 978 709 hoc
1001 658 1141 709 multa
1160 660 1292 708 litura
1315 659 1425 708 loco.

244 735 246 737 ‚
276 741 324 788 Si
347 753 436 789 tam
459 752 603 789 certus
627 758 721 788 eras
744 739 885 788 hinc
873 758 959 797 ire,
979 736 1261 787 modestius
1249 756 1379 796 isses3

340 818 401 865 Et
423 816 558 865 modo
578 816 792 864 dixisses:
813 816 949 864 Lesbi
971 815 1137 882 puella,
1159 814 1266 863 vale.
1638 839 1698 863 loo

271 896 376 943 Non
400 905 544 942 tecum
566 893 786 952 lacrimas,
812 912 906 941 non
930 892 1081 941 oscula
1105 910 1274 940 summa
1296 868 1473 949 tulisti;

338 972 543 1037 Denique
567 990 660 1018 non
683 971 836 1029 timui,
863 969 985 1036 quod
1005 969 1199 1018 dolitura
1221 970 1299 1017 fui.

275 1048 351 1097 Nil
372 1048 424 1097 de
449 1061 492 1097 te
513 1067 685 1097 mecum
708 1060 801 1106 est,
826 1048 915 1095 nisi
939 1059 1110 1096 tantum
1132 1048 1293 1112 injuria
1313 1067 1324 1096 z
1345 1063 1426 1095 nee
1444 1058 1524 1105 tu,

339 1126 590 1173 Admoneat
615 1124 735 1191 quod
759 1136 823 1182 te,
846 1124 1011 1191 pignus
1035 1124 1222 1172 amantis
1243 1124 1394 1172 habes.

271 1205 376 1251 Non
398 1203 604 1251 mandata
623 1201 723 1250 dedi
744 1221 754 1249 ε
776 1220 920 1268 neque
943 1201 1061 1250 enim
1083 1201 1286 1250 mandata
1307 1200 1522 1249 dedissem
1638 1213 1699 1248 105

338 1280 461 1339 Ulla,
488 1281 575 1329 nisi
597 1292 649 1328 ut
670 1279 814 1328 nolles
838 1276 1069 1328 immemor
1091 1298 1185 1327 esse
1207 1278 1307 1327 mei.

275 1360 360 1406 Per
384 1358 490 1416 tibi,
518 1357 594 1423 qui
616 1375 845 1424 nunquam
861 1355 995 1420 longe
1020 1356 1237 1414 discedat,
1259 1356 1493 1411 Amorem,

271 1479 326 1510 tia-
341 1476 509 1514 excludit,
525 1477 581 1507 esl
592 1476 764 1518 quilotam
770 1474 953 1517 pueritiam

273 1530 400 1564 ambitu
413 1539 474 1560 suo
489 1527 679 1569 ads-ln'ngil.

319 1579 373 1626 96.
395 1580 471 1613 Non
496 1582 535 1611 ut
553 1589 661 1616 ames,
683 1589 760 1615 om,
790 1588 902 1609 vetunt
916 1579 956 1609 1ιέ

273 1643 388 1665 amate
401 1633 506 1663 sinas.
525 1629 567 1663 In
578 1628 665 1662 libro
676 1627 881 1670 Maffeiano,
893 1628 959 1660 sed

1019 1472 1208 1512 Moxmalo
1218 1499 1227 1515 ‚
1243 1484 1313 1517 qua
1326 1469 1545 1514 dolimmsm'.
1563 1469 1699 1505 HEIKS.

1066 1539 1078 1559 1
1085 1527 1138 1569 04.
1150 1525 1345 1559 Admoneat
1352 1524 1443 1568 quod
1450 1526 1493 1556 te.
1508 1520 1632 1556 Dema
1641 1532 1699 1555 vo*

1017 1576 1110 1610 lebat
1118 1576 1254 1621 tnjuh‘a,
1266 1589 1337 1620 quoe
1342 1588 1395 1609 me
1401 1576 1592 1608 admoneat.
1599 1572 1699 1607 Bers-

1018 1640 1171 1662 mannus
1185 1627 1314 1661 edidit:
1332 1627 1535 1666 Admonuit,
1552 1627 1701 1669 quamvls

274 1688 313 1718 ul
323 1695 437 1717 amare
442 1685 537 1716 sinas
548 1681 603 1714 :in
618 1693 688 1725 quo
700 1683 733 1714 τὸ
741 1683 774 1712 le
786 1691 804 1712 a
813 1679 953 1713 librario
1011 1683 1135 1724 pignus
1149 1681 1299 1712 amantis
1309 1680 1424 1711 babes.
1443 1675 1648 1718 contrario,
1659 1686 1699 1709 ao

274 1735 441 1770 omissum
455 1746 526 1768 esse
538 1731 733 1778 putaverim
745 1738 761 1775 ‚⁴
772 1730 839 1765 hoc
855 1730 954 1764 vide-

273 1788 354 1822 licet
377 1786 484 1820 modo
506 1787 593 1820 :sed
611 1790 645 1818 le
666 1789 705 1818 ut
718 1797 831 1818 amare
847 1787 952 1818 sinas.

278 1840 467 1873 Vaticanus
474 1838 651 1883 perspicue
662 1836 779 1879 habet,
788 1837 864 1871 Non
869 1837 959 1881 quod

275 1903 368 1925 ames
377 1905 435 1926 om
443 1918 451 1931 ‚
468 1892 533 1923 sed
538 1891 628 1934 quod
633 1901 747 1922 amare
757 1891 872 1930 s1'nas‚·
887 1888 955 1921 sor·

275 1952 362 1978 tasse
374 1956 446 1977 non
458 1941 560 1975 male.
576 1941 659 1975 Non
676 1939 803 1973 desunt
815 1946 933 1973 tamen
943 1964 953 1981 ‚

276 1997 336 2041 qui
352 1996 468 2041 legant
487 2007 506 2028 e
526 1993 627 2027 bonis
646 1991 741 2026 libris
755 2017 764 2034 ,
790 2003 903 2024 verum
919 1994 959 2023 ut

276 2060 390 2082 amam
402 2050 508 2080 sinas.
529 2044 572 2079 C.
590 2063 634 2070 —-
647 2043 773 2089 Scripti
785 2043 957 2088 plerique,

275 2102 341 2134 sed
345 2101 434 2144 quod
435 2109 550 2132 amare
555 2100 652 2130 sinus
660 2109 671 2130 .’
679 2098 744 2129 sed
748 2099 780 2129 le
787 2099 954 2134 uramara*

275 2166 316 2187 ex
337 2151 447 2186 veteri
470 2151 558 2185 libro
573 2154 712 2183 notarat
739 2147 957 2182 Pontianus—x

276 2205 351 2247 alii,
365 2206 480 2237 sedat
490 2215 614 2236 amare.
637 2202 743 2236 Forte
757 2213 765 2235 :

310 2259 353 2284 No
354 2263 415 2283 nut
427 2266 512 2289 nmeS,
523 2266 568 2283 oro
581 2265 645 2282 :me
657 2256 727 2280 seda
712 2264 798 2280 amare
783 2253 938 2279 eisnassn.

321 2308 582 2356 99.Mfodes!1'us
593 2309 691 2339 isses.
718 2304 801 2339 Non
818 2303 865 2337 ita
881 2302 954 2336 du-

277 2374 355 2403 rus,
374 2367 413 2394 ut
423 2372 468 2393 ne
481 2361 558 2392 vale
573 2357 715 2402 quidem
732 2355 877 2397 dixeris,
889 2351 956 2388 nee

276 2415 424 2452 amanti,
443 2410 503 2445 sed
514 2408 657 2454 puellae.

325 2477 382 2498 101
391 2491 398 2498 .
425 2465 552 2497 Oscula
565 2466 681 2496 nostra
693 2463 811 2495 tulisti.
830 2459 956 2493 Oscula

278 2529 407 2550 summa
418 2515 575 2560 plerique
587 2519 732 2548 veteres.
741 2512 798 2547 Sic
808 2514 957 2546 extrema

277 2571 394 2602 oscula
406 2594 414 2608 ‚
441 2578 596 2611 suprema
614 2568 731 2600 oscula
743 2592 752 2606 ‚
771 2567 891 2598 ultima
904 2574 955 2596 os-

278 2623 355 2654 cula
367 2647 375 2660 ‚
399 2626 433 2654 et
448 2621 566 2652 o'scula
578 2621 704 2662 prima,
725 2616 850 2662 passim
864 2613 956 2687 apud

280 2673 416 2706 Poetas.
432 2671 537 2705 Trist.
553 2671 609 2705 lib.
623 2681 637 2703 1
649 2668 774 2714 ,.Eleg
792 2678 859 2702 111:

278 2734 375 2764 Soepev
359 2731 496 2756 vaeicoldt

312 2781 406 2814 thua
409 2739 564 2805 «Ξίεῗᾰεοὲἓιζ

611 2729 763 2754 <nmmum
775 2728 813 2754 lon
817 2732 864 2751 uut

616 2777 675 2803 cula
689 2784 791 2803 summa
801 2735 878 2800 (ledi.s

1019 1731 1129 1766 Poeta
1144 1730 1271 1773 voluit,
1291 1742 1395 1763 sensu
1411 1741 1419 1763 :
1441 1727 1543 1762 nobis
1567 1727 1700 1761 Admo-

1019 1787 1102 1816 neat
1111 1782 1222 1827 placet
1236 1808 1245 1824 ,
1263 1787 1299 1816 et
1316 1779 1539 1814 distinctione
1553 1789 1626 1814 esse
1643 1777 1701 1824 iu-

1019 1833 1175 1869 vandum
1199 1833 1318 1868 locum
1332 1831 1509 1867 credimus
1527 1842 1537 1865 :

1449 1909 1480 1917 ...
1495 1889 1553 1916 Nee
1562 1894 1594 1915 tu
1602 1908 1613 1921 ,

1020 1943 1168 1969 Admone-t
1180 1942 1251 1976 qnod
1264 1947 1290 1967 te
1299 1961 1308 1973 ,
1328 1940 1423 1974 pignus
1435 1938 1547 1965 amantis
1561 1938 1651 1963 habes.

1021 1991 1167 2028 Nullum
1183 1998 1302 2026 tecum
1317 1990 1441 2036 pignus
1457 1988 1564 2023 habes
1577 2013 1587 2031 ‚
1604 1985 1700 2032 quod

1020 2051 1055 2078 te
1079 2043 1267 2078 admoneat
1289 2041 1362 2076 mei
1387 2040 1544 2075 amantis.
1577 2039 1620 2074 ln
1636 2037 1700 2073 alia

1020 2095 1170 2130 lectione
1192 2107 1335 2131 sensum
1361 2092 1502 2128 nullum
1521 2090 1649 2125 video:
1671 2090 1701 2124 si

1022 2147 1135 2182 oscula
1148 2172 1158 2190 ,
1186 2146 1214 2180 si
1229 2146 1387 2181 lacrimas
1404 2143 1586 2179 discedens
1606 2155 1626 2177 a
1640 2154 1698 2176 me

1021 2198 1154 2234 tulisses
1166 2224 1175 2241 ,
1190 2211 1230 2232 ea
1243 2198 1303 2232 tibi
1315 2197 1439 2243 pignus
1454 2202 1588 2239 essent,
1603 2193 1700 2239 quod

1022 2258 1055 2286 te
1068 2250 1258 2285 admonere
1270 2276 1279 2294 ,
1297 2257 1334 2284 et
1345 2249 1382 2283 in
1393 2247 1604 2283 memoriam
1617 2246 1700 2291 Sap-

1020 2303 1091 2350 pho
1100 2315 1262 2337 revocare
1274 2308 1388 2348 posset
1397 2306 1404 2335 t
1414 2297 1699 2334 nunemnullum

1015 2359 1140 2400 pignus
1151 2354 1257 2388 habes
1269 2380 1278 2398 ,
1301 2354 1393 2398 quod
1401 2356 1436 2386 te
1444 2353 1628 2385 admoneat
1639 2361 1650 2384 ‚¹
1663 2355 1700 2383 et

1021 2414 1115 2442 recte
1126 2406 1325 2441 Gronovius
1333 2404 1406 2439 vim
1417 2402 1516 2450 verbi
1524 2403 1700 2436 monete

1021 2458 1202 2494 illustravit
1213 2484 1222 2502 ,
1242 2456 1337 2503 quod
1353 2461 1395 2504 τῷ
1411 2457 1568 2490 oblivim·
1581 2463 1699 2498 oppo-

1020 2511 1128 2545 nitur.
1150 2510 1282 2544 Bunm.
1511 2526 1516 2534 .

1024 2581 1026 2583 ·
1069 2561 1336 2607 107.D1·scedat.
1367 2558 1439 2593 Alii
1453 2568 1576 2591 omnes
1593 2555 1698 2589 disc*

1021 2617 1082 2650 dit.
1099 2615 1173 2649 Nos
1185 2626 1226 2647 ex
1242 2613 1369 2646 affectu
1384 2609 1533 2655 optantis
1548 2605 1699 2641 foeminae

1020 2667 1120 2701 illum
1148 2664 1297 2699 modum
1323 2660 1579 2700 substituimus;
1607 2670 1646 2692 ac
1669 2657 1698 2691 si

1022 2718 1112 2753 dicat
1124 2745 1133 2762 ,
1155 2717 1213 2762 qui
1236 2723 1275 2749 ut
1294 2726 1467 2759 numquam
1487 2711 1643 2746 discedat
1661 2714 1697 2743 et

1022 2770 1121 2805 abeat
1137 2782 1156 2803 a
1172 2781 1228 2803 me
1243 2794 1251 2812 ‚
1270 2774 1362 2812 opto.
1374 2766 1518 2800 EGNAT.
