<?xml version="1.0" encoding="UTF-8"?>
<!DOCTYPE html PUBLIC "-//W3C//DTD XHTML 1.0 Transitional//EN"
    "http://www.w3.org/TR/xhtml1/DTD/xhtml1-transitional.dtd">
<html xmlns="http://www.w3.org/1999/xhtml" xml:lang="en" lang="en">
 <head>
  <title>
</title>
<meta http-equiv="Content-Type" content="text/html;charset=utf-8" />
  <meta name='ocr-system' content='tesseract 3.04.00' />
  <meta name='ocr-capabilities' content='ocr_page ocr_carea ocr_par ocr_line ocrx_word'/>
</head>
<body>
  <div class='ocr_page' id='page_1' title='image "./quaeextantomniao01oviduoft_0417.png"; bbox 0 0 1884 3112; ppageno 0'>
   <div class='ocr_carea' id='block_1_1' title="bbox 0 0 73 216">
    <p class='ocr_par' dir='ltr' id='par_1_1' title="bbox 0 0 73 216">
     <span class='ocr_line' id='line_1_1' title="bbox 0 0 73 216; baseline 0 2896"><span class='ocrx_word' id='word_1_1' title='bbox 0 0 73 216; x_wconf 95' lang='lat' dir='ltr'><strong> </strong></span> 
     </span>
    </p>
   </div>
   <div class='ocr_carea' id='block_1_2' title="bbox 536 241 1220 287">
    <p class='ocr_par' dir='ltr' id='par_1_2' title="bbox 536 241 1220 287">
     <span class='ocr_line' id='line_1_2' title="bbox 536 241 1220 287; baseline 0 -1"><span class='ocrx_word' id='word_1_2' title='bbox 536 241 846 287; x_wconf 85' lang='lat' dir='ltr'>CYDIPPE</span> <span class='ocrx_word' id='word_1_3' title='bbox 878 241 1220 287; x_wconf 88' lang='lat' dir='ltr'><strong>ACONTIO.</strong></span> 
     </span>
    </p>
   </div>
   <div class='ocr_carea' id='block_1_3' title="bbox 1515 248 1602 291">
    <p class='ocr_par' dir='ltr' id='par_1_3' title="bbox 1515 248 1602 291">
     <span class='ocr_line' id='line_1_3' title="bbox 1515 248 1602 291; baseline 0.011 -1"><span class='ocrx_word' id='word_1_4' title='bbox 1515 248 1602 291; x_wconf 83' lang='lat'><strong>385</strong></span> 
     </span>
    </p>
   </div>
   <div class='ocr_carea' id='block_1_4' title="bbox 159 317 1607 1324">
    <p class='ocr_par' dir='ltr' id='par_1_4' title="bbox 159 317 1607 1324">
     <span class='ocr_line' id='line_1_4' title="bbox 229 317 1257 385; baseline 0 -18"><span class='ocrx_word' id='word_1_5' title='bbox 229 317 357 384; x_wconf 83' lang='lat' dir='ltr'><strong>Quid</strong></span> <span class='ocrx_word' id='word_1_6' title='bbox 379 317 490 368; x_wconf 84' lang='lat' dir='ltr'><strong>mihi</strong></span> <span class='ocrx_word' id='word_1_7' title='bbox 515 330 557 368; x_wconf 86' lang='lat' dir='ltr'><strong>te</strong></span> <span class='ocrx_word' id='word_1_8' title='bbox 579 319 746 385; x_wconf 84' lang='lat' dir='ltr'><strong>jactas?</strong></span> <span class='ocrx_word' id='word_1_9' title='bbox 772 317 1055 383; x_wconf 79' lang='lat' dir='ltr'><strong>gratianulla</strong></span> <span class='ocrx_word' id='word_1_10' title='bbox 1079 330 1154 368; x_wconf 84' lang='lat' dir='ltr'><strong>tua</strong></span> <span class='ocrx_word' id='word_1_11' title='bbox 1177 331 1257 368; x_wconf 84' lang='lat' dir='ltr'><strong>est.</strong></span> 
     </span>
     <span class='ocr_line' id='line_1_5' title="bbox 159 394 1268 464; baseline -0.001 -17"><span class='ocrx_word' id='word_1_12' title='bbox 159 394 293 460; x_wconf 71' lang='lat' dir='ltr'><strong>‘Elige</strong></span> <span class='ocrx_word' id='word_1_13' title='bbox 317 394 427 463; x_wconf 85' lang='lat' dir='ltr'><strong>quid</strong></span> <span class='ocrx_word' id='word_1_14' title='bbox 446 395 590 460; x_wconf 83' lang='lat' dir='ltr'><strong>fingas</strong></span> <span class='ocrx_word' id='word_1_15' title='bbox 610 417 619 446; x_wconf 90' lang='lat'>:</span> <span class='ocrx_word' id='word_1_16' title='bbox 639 416 733 446; x_wconf 88' lang='lat' dir='ltr'><strong>non</strong></span> <span class='ocrx_word' id='word_1_17' title='bbox 757 397 823 445; x_wconf 78' lang='lat' dir='ltr'><strong>vis</strong></span> <span class='ocrx_word' id='word_1_18' title='bbox 848 395 1021 464; x_wconf 84' lang='lat' dir='ltr'><strong>placare</strong></span> <span class='ocrx_word' id='word_1_19' title='bbox 1043 397 1268 448; x_wconf 84' lang='lat' dir='ltr'>Dianam?</span> 
     </span>
     <span class='ocr_line' id='line_1_6' title="bbox 231 474 1338 542; baseline 0.001 -19"><span class='ocrx_word' id='word_1_20' title='bbox 231 476 472 524; x_wconf 86' lang='lat' dir='ltr'><strong>Immemor</strong></span> <span class='ocrx_word' id='word_1_21' title='bbox 493 494 540 524; x_wconf 90' lang='lat' dir='ltr'><strong>es</strong></span> <span class='ocrx_word' id='word_1_22' title='bbox 562 475 708 525; x_wconf 84' lang='lat' dir='ltr'>nostri</span> <span class='ocrx_word' id='word_1_23' title='bbox 730 495 741 524; x_wconf 72' lang='grc' dir='ltr'>ε</span> <span class='ocrx_word' id='word_1_24' title='bbox 767 494 860 524; x_wconf 90' lang='lat' dir='ltr'><strong>non</strong></span> <span class='ocrx_word' id='word_1_25' title='bbox 885 476 1050 542; x_wconf 86' lang='lat' dir='ltr'><strong>potes?</strong></span> <span class='ocrx_word' id='word_1_26' title='bbox 1072 474 1149 524; x_wconf 85' lang='lat' dir='ltr'><strong>illa</strong></span> <span class='ocrx_word' id='word_1_27' title='bbox 1170 475 1236 524; x_wconf 81' lang='lat' dir='ltr'><strong>tui</strong></span> <span class='ocrx_word' id='word_1_28' title='bbox 1260 487 1338 526; x_wconf 89' lang='lat' dir='ltr'><strong>est.</strong></span> 
     </span>
     <span class='ocr_line' id='line_1_7' title="bbox 165 551 1606 621; baseline 0.004 -21"><span class='ocrx_word' id='word_1_29' title='bbox 165 551 251 601; x_wconf 81' lang='lat' dir='ltr'><strong>Vel</strong></span> <span class='ocrx_word' id='word_1_30' title='bbox 274 571 505 620; x_wconf 88' lang='lat' dir='ltr'><strong>nunquam</strong></span> <span class='ocrx_word' id='word_1_31' title='bbox 528 551 728 612; x_wconf 86' lang='lat' dir='ltr'><strong>mallem,</strong></span> <span class='ocrx_word' id='word_1_32' title='bbox 751 552 820 602; x_wconf 91' lang='lat' dir='ltr'><strong>vel</strong></span> <span class='ocrx_word' id='word_1_33' title='bbox 842 571 938 602; x_wconf 87' lang='lat' dir='ltr'><strong>non</strong></span> <span class='ocrx_word' id='word_1_34' title='bbox 958 553 1069 604; x_wconf 90' lang='lat' dir='ltr'><strong>mihi</strong></span> <span class='ocrx_word' id='word_1_35' title='bbox 1090 565 1289 621; x_wconf 88' lang='lat' dir='ltr'><strong>tempore</strong></span> <span class='ocrx_word' id='word_1_36' title='bbox 1308 555 1356 604; x_wconf 89' lang='lat' dir='ltr'><strong>in</strong></span> <span class='ocrx_word' id='word_1_37' title='bbox 1379 555 1457 605; x_wconf 87' lang='lat' dir='ltr'><strong>illo</strong></span> <span class='ocrx_word' id='word_1_38' title='bbox 1561 572 1606 606; x_wconf 75' lang='lat'><strong>65</strong></span> 
     </span>
     <span class='ocr_line' id='line_1_8' title="bbox 232 629 1149 698; baseline 0 -19"><span class='ocrx_word' id='word_1_39' title='bbox 232 631 366 681; x_wconf 83' lang='lat' dir='ltr'><strong>Esset</strong></span> <span class='ocrx_word' id='word_1_40' title='bbox 388 631 436 681; x_wconf 85' lang='lat' dir='ltr'><strong>in</strong></span> <span class='ocrx_word' id='word_1_41' title='bbox 457 630 622 696; x_wconf 83' lang='lat' dir='ltr'><strong>AEgaeis</strong></span> <span class='ocrx_word' id='word_1_42' title='bbox 645 630 825 694; x_wconf 81' lang='lat' dir='ltr'><strong>cognita</strong></span> <span class='ocrx_word' id='word_1_43' title='bbox 848 629 988 679; x_wconf 90' lang='lat' dir='ltr'><strong>Delos</strong></span> <span class='ocrx_word' id='word_1_44' title='bbox 1008 632 1149 698; x_wconf 88' lang='lat' dir='ltr'><strong>aquis.</strong></span> 
     </span>
     <span class='ocr_line' id='line_1_9' title="bbox 165 699 1283 777; baseline 0.001 -19"><span class='ocrx_word' id='word_1_45' title='bbox 165 710 295 759; x_wconf 87' lang='lat' dir='ltr'><strong>Tunc</strong></span> <span class='ocrx_word' id='word_1_46' title='bbox 316 699 414 760; x_wconf 76' lang='lat' dir='ltr'><strong>inea</strong></span> <span class='ocrx_word' id='word_1_47' title='bbox 437 708 608 759; x_wconf 84' lang='lat' dir='ltr'><strong>difficili</strong></span> <span class='ocrx_word' id='word_1_48' title='bbox 633 709 819 758; x_wconf 84' lang='lat' dir='ltr'><strong>deducta</strong></span> <span class='ocrx_word' id='word_1_49' title='bbox 845 722 912 758; x_wconf 90' lang='lat' dir='ltr'><strong>est</strong></span> <span class='ocrx_word' id='word_1_50' title='bbox 933 729 1109 777; x_wconf 87' lang='lat' dir='ltr'><strong>aequore</strong></span> <span class='ocrx_word' id='word_1_51' title='bbox 1133 711 1256 759; x_wconf 86' lang='lat' dir='ltr'><strong>navis</strong></span> <span class='ocrx_word' id='word_1_52' title='bbox 1272 749 1283 771; x_wconf 92' lang='lat'>‚</span> 
     </span>
     <span class='ocr_line' id='line_1_10' title="bbox 232 785 1134 854; baseline 0 -18"><span class='ocrx_word' id='word_1_53' title='bbox 232 789 294 836; x_wconf 87' lang='lat' dir='ltr'><strong>Et</strong></span> <span class='ocrx_word' id='word_1_54' title='bbox 312 787 399 837; x_wconf 84' lang='lat' dir='ltr'><strong>fuit</strong></span> <span class='ocrx_word' id='word_1_55' title='bbox 421 787 477 836; x_wconf 80' lang='lat' dir='ltr'><strong>ad</strong></span> <span class='ocrx_word' id='word_1_56' title='bbox 498 798 664 854; x_wconf 86' lang='lat' dir='ltr'><strong>coeptas</strong></span> <span class='ocrx_word' id='word_1_57' title='bbox 689 785 805 835; x_wconf 83' lang='lat' dir='ltr'><strong>hora</strong></span> <span class='ocrx_word' id='word_1_58' title='bbox 826 786 1006 842; x_wconf 84' lang='lat' dir='ltr'><strong>sinistra</strong></span> <span class='ocrx_word' id='word_1_59' title='bbox 1030 788 1134 837; x_wconf 84' lang='lat' dir='ltr'><strong>vias.</strong></span> 
     </span>
     <span class='ocr_line' id='line_1_11' title="bbox 166 863 1346 936; baseline 0 -22"><span class='ocrx_word' id='word_1_60' title='bbox 166 864 274 930; x_wconf 88' lang='lat' dir='ltr'><strong>Quo</strong></span> <span class='ocrx_word' id='word_1_61' title='bbox 296 865 409 933; x_wconf 84' lang='lat' dir='ltr'><strong>pede</strong></span> <span class='ocrx_word' id='word_1_62' title='bbox 433 864 656 933; x_wconf 84' lang='lat' dir='ltr'>processi!</span> <span class='ocrx_word' id='word_1_63' title='bbox 682 883 775 931; x_wconf 90' lang='lat' dir='ltr'><strong>quo</strong></span> <span class='ocrx_word' id='word_1_64' title='bbox 798 883 869 913; x_wconf 88' lang='lat' dir='ltr'><strong>me</strong></span> <span class='ocrx_word' id='word_1_65' title='bbox 890 864 1002 936; x_wconf 82' lang='lat' dir='ltr'><strong>pede</strong></span> <span class='ocrx_word' id='word_1_66' title='bbox 1026 863 1178 925; x_wconf 83' lang='lat' dir='ltr'><strong>limine</strong></span> <span class='ocrx_word' id='word_1_67' title='bbox 1202 866 1346 917; x_wconf 83' lang='lat' dir='ltr'><strong>movi!</strong></span> 
     </span>
     <span class='ocr_line' id='line_1_12' title="bbox 232 943 1607 1013; baseline -0.002 -20"><span class='ocrx_word' id='word_1_68' title='bbox 232 943 358 993; x_wconf 81' lang='lat' dir='ltr'><strong>Picta</strong></span> <span class='ocrx_word' id='word_1_69' title='bbox 381 943 481 1013; x_wconf 69' lang='lat' dir='ltr'><strong>eitae-</strong></span> <span class='ocrx_word' id='word_1_70' title='bbox 501 943 629 1007; x_wconf 81' lang='lat' dir='ltr'><strong>tetigi</strong></span> <span class='ocrx_word' id='word_1_71' title='bbox 653 961 744 1010; x_wconf 92' lang='lat' dir='ltr'><strong>quo</strong></span> <span class='ocrx_word' id='word_1_72' title='bbox 767 943 879 1011; x_wconf 83' lang='lat' dir='ltr'><strong>pede</strong></span> <span class='ocrx_word' id='word_1_73' title='bbox 905 955 1022 998; x_wconf 79' lang='lat' dir='ltr'><strong>texta</strong></span> <span class='ocrx_word' id='word_1_74' title='bbox 1045 944 1175 992; x_wconf 82' lang='lat' dir='ltr'><strong>ratis!</strong></span> <span class='ocrx_word' id='word_1_75' title='bbox 1566 972 1607 1005; x_wconf 69' lang='lat'><strong>50</strong></span> 
     </span>
     <span class='ocr_line' id='line_1_13' title="bbox 167 1021 1291 1078; baseline 0.001 -8"><span class='ocrx_word' id='word_1_76' title='bbox 167 1021 245 1071; x_wconf 88' lang='lat' dir='ltr'><strong>Bis</strong></span> <span class='ocrx_word' id='word_1_77' title='bbox 266 1034 414 1072; x_wconf 87' lang='lat' dir='ltr'><strong>tamen</strong></span> <span class='ocrx_word' id='word_1_78' title='bbox 437 1021 621 1071; x_wconf 83' lang='lat' dir='ltr'><strong>adverso</strong></span> <span class='ocrx_word' id='word_1_79' title='bbox 644 1021 873 1078; x_wconf 79' lang='lat' dir='ltr'><strong>redierunt</strong></span> <span class='ocrx_word' id='word_1_80' title='bbox 891 1023 1074 1072; x_wconf 83' lang='lat' dir='ltr'><strong>carbasa</strong></span> <span class='ocrx_word' id='word_1_81' title='bbox 1094 1034 1291 1072; x_wconf 86' lang='lat' dir='ltr'><strong>vento....</strong></span> 
     </span>
     <span class='ocr_line' id='line_1_14' title="bbox 232 1099 1220 1150; baseline -0.001 -1"><span class='ocrx_word' id='word_1_82' title='bbox 232 1099 433 1149; x_wconf 86' lang='lat' dir='ltr'><strong>Mentior</strong></span> <span class='ocrx_word' id='word_1_83' title='bbox 457 1100 514 1150; x_wconf 91' lang='lat' dir='ltr'><strong>ah</strong></span> <span class='ocrx_word' id='word_1_84' title='bbox 537 1099 744 1149; x_wconf 86' lang='lat' dir='ltr'><strong>demens!</strong></span> <span class='ocrx_word' id='word_1_85' title='bbox 769 1099 842 1148; x_wconf 86' lang='lat' dir='ltr'><strong>ille</strong></span> <span class='ocrx_word' id='word_1_86' title='bbox 868 1099 1090 1150; x_wconf 88' lang='lat' dir='ltr'><strong>secundus</strong></span> <span class='ocrx_word' id='word_1_87' title='bbox 1114 1112 1220 1149; x_wconf 85' lang='lat' dir='ltr'><strong>erat.</strong></span> 
     </span>
     <span class='ocr_line' id='line_1_15' title="bbox 165 1176 1296 1245; baseline 0 -16"><span class='ocrx_word' id='word_1_88' title='bbox 165 1177 247 1230; x_wconf 93' lang='lat' dir='ltr'><strong>Ille</strong></span> <span class='ocrx_word' id='word_1_89' title='bbox 271 1177 493 1227; x_wconf 88' lang='lat' dir='ltr'><strong>secundus</strong></span> <span class='ocrx_word' id='word_1_90' title='bbox 517 1190 629 1237; x_wconf 85' lang='lat' dir='ltr'><strong>erat,</strong></span> <span class='ocrx_word' id='word_1_91' title='bbox 657 1178 734 1245; x_wconf 85' lang='lat' dir='ltr'><strong>qui</strong></span> <span class='ocrx_word' id='word_1_92' title='bbox 755 1197 825 1228; x_wconf 90' lang='lat' dir='ltr'><strong>me</strong></span> <span class='ocrx_word' id='word_1_93' title='bbox 849 1176 1068 1227; x_wconf 87' lang='lat' dir='ltr'><strong>referebat</strong></span> <span class='ocrx_word' id='word_1_94' title='bbox 1090 1189 1296 1237; x_wconf 86' lang='lat' dir='ltr'><strong>euntem;</strong></span> 
     </span>
     <span class='ocr_line' id='line_1_16' title="bbox 233 1255 1146 1324; baseline -0.002 -19"><span class='ocrx_word' id='word_1_95' title='bbox 233 1256 417 1324; x_wconf 77' lang='lat' dir='ltr'><strong>Quique</strong></span> <span class='ocrx_word' id='word_1_96' title='bbox 441 1276 601 1324; x_wconf 87' lang='lat' dir='ltr'><strong>parum</strong></span> <span class='ocrx_word' id='word_1_97' title='bbox 623 1255 730 1306; x_wconf 86' lang='lat' dir='ltr'><strong>felix</strong></span> <span class='ocrx_word' id='word_1_98' title='bbox 755 1255 1030 1323; x_wconf 85' lang='lat' dir='ltr'><strong>impediebat</strong></span> <span class='ocrx_word' id='word_1_99' title='bbox 1051 1255 1146 1304; x_wconf 86' lang='lat' dir='ltr'><strong>iter.</strong></span> 
     </span>
    </p>
   </div>
   <div class='ocr_carea' id='block_1_5' title="bbox 167 1331 1370 1402">
    <p class='ocr_par' dir='ltr' id='par_1_5' title="bbox 167 1331 1370 1402">
     <span class='ocr_line' id='line_1_17' title="bbox 167 1331 1370 1402; baseline -0.002 -18"><span class='ocrx_word' id='word_1_100' title='bbox 167 1334 319 1402; x_wconf 83' lang='lat' dir='ltr'><strong>Atque</strong></span> <span class='ocrx_word' id='word_1_101' title='bbox 340 1334 514 1386; x_wconf 84' lang='lat' dir='ltr'><strong>utinam</strong></span> <span class='ocrx_word' id='word_1_102' title='bbox 537 1347 749 1385; x_wconf 80' lang='lat' dir='ltr'><strong>constans</strong></span> <span class='ocrx_word' id='word_1_103' title='bbox 772 1346 928 1388; x_wconf 87' lang='lat' dir='ltr'><strong>contra</strong></span> <span class='ocrx_word' id='word_1_104' title='bbox 949 1352 1047 1386; x_wconf 85' lang='lat' dir='ltr'><strong>mea</strong></span> <span class='ocrx_word' id='word_1_105' title='bbox 1067 1331 1164 1382; x_wconf 87' lang='lat' dir='ltr'><strong>vela</strong></span> <span class='ocrx_word' id='word_1_106' title='bbox 1187 1331 1370 1387; x_wconf 82' lang='lat' dir='ltr'><strong>suisset!</strong></span> 
     </span>
    </p>
   </div>
   <div class='ocr_carea' id='block_1_6' title="bbox 167 1410 1233 1644">
    <p class='ocr_par' dir='ltr' id='par_1_6' title="bbox 167 1410 1233 1644">
     <span class='ocr_line' id='line_1_18' title="bbox 235 1410 1207 1483; baseline -0.002 -23"><span class='ocrx_word' id='word_1_107' title='bbox 235 1410 324 1460; x_wconf 80' lang='lat' dir='ltr'><strong>Sed</strong></span> <span class='ocrx_word' id='word_1_108' title='bbox 346 1410 536 1460; x_wconf 88' lang='lat' dir='ltr'><strong>stultum</strong></span> <span class='ocrx_word' id='word_1_109' title='bbox 555 1423 624 1483; x_wconf 86' lang='lat' dir='ltr'><strong>est</strong></span> <span class='ocrx_word' id='word_1_110' title='bbox 645 1411 766 1460; x_wconf 86' lang='lat' dir='ltr'><strong>venti</strong></span> <span class='ocrx_word' id='word_1_111' title='bbox 790 1411 845 1460; x_wconf 85' lang='lat' dir='ltr'><strong>de</strong></span> <span class='ocrx_word' id='word_1_112' title='bbox 869 1410 1044 1460; x_wconf 84' lang='lat' dir='ltr'><strong>levitate</strong></span> <span class='ocrx_word' id='word_1_113' title='bbox 1069 1410 1207 1478; x_wconf 86' lang='lat' dir='ltr'><strong>queri.</strong></span> 
     </span>
     <span class='ocr_line' id='line_1_19' title="bbox 167 1485 1233 1557; baseline 0 -19"><span class='ocrx_word' id='word_1_114' title='bbox 167 1489 298 1539; x_wconf 86' lang='lat' dir='ltr'><strong>Mota</strong></span> <span class='ocrx_word' id='word_1_115' title='bbox 319 1487 411 1546; x_wconf 82' lang='lat' dir='ltr'><strong>loci</strong></span> <span class='ocrx_word' id='word_1_116' title='bbox 431 1487 549 1549; x_wconf 80' lang='lat' dir='ltr'><strong>fama</strong></span> <span class='ocrx_word' id='word_1_117' title='bbox 569 1485 868 1557; x_wconf 74' lang='lat' dir='ltr'><strong>properabarn</strong></span> <span class='ocrx_word' id='word_1_118' title='bbox 890 1488 1030 1547; x_wconf 79' lang='lat' dir='ltr'><strong>visere</strong></span> <span class='ocrx_word' id='word_1_119' title='bbox 1056 1488 1233 1549; x_wconf 90' lang='lat' dir='ltr'><strong>Delon;</strong></span> 
     </span>
     <span class='ocr_line' id='line_1_20' title="bbox 231 1565 1134 1644; baseline 0.001 -29"><span class='ocrx_word' id='word_1_120' title='bbox 231 1568 295 1634; x_wconf 81' lang='lat' dir='ltr'><strong>Et</strong></span> <span class='ocrx_word' id='word_1_121' title='bbox 315 1566 457 1616; x_wconf 82' lang='lat' dir='ltr'><strong>facere</strong></span> <span class='ocrx_word' id='word_1_122' title='bbox 474 1565 635 1631; x_wconf 83' lang='lat' dir='ltr'><strong>ignava</strong></span> <span class='ocrx_word' id='word_1_123' title='bbox 654 1585 808 1644; x_wconf 72' lang='lat' dir='ltr'><strong>puppe</strong></span> <span class='ocrx_word' id='word_1_124' title='bbox 832 1567 1016 1623; x_wconf 85' lang='lat' dir='ltr'><strong>videbar</strong></span> <span class='ocrx_word' id='word_1_125' title='bbox 1035 1568 1134 1618; x_wconf 86' lang='lat' dir='ltr'><strong>iter.</strong></span> 
     </span>
    </p>
   </div>
   <div class='ocr_carea' id='block_1_7' title="bbox 164 1685 860 2842">
    <p class='ocr_par' dir='ltr' id='par_1_7' title="bbox 165 1685 857 1839">
     <span class='ocr_line' id='line_1_21' title="bbox 165 1685 857 1733; baseline -0.003 -10"><span class='ocrx_word' id='word_1_126' title='bbox 165 1687 282 1724; x_wconf 81' lang='lat' dir='ltr'><strong>tinere</strong></span> <span class='ocrx_word' id='word_1_127' title='bbox 299 1693 439 1723; x_wconf 78' lang='lat' dir='ltr'><strong>certum</strong></span> <span class='ocrx_word' id='word_1_128' title='bbox 456 1685 616 1722; x_wconf 78' lang='lat' dir='ltr'><strong>habeam.</strong></span> <span class='ocrx_word' id='word_1_129' title='bbox 639 1685 774 1722; x_wconf 64' lang='lat' dir='ltr'><strong>Sensus</strong></span> <span class='ocrx_word' id='word_1_130' title='bbox 789 1686 857 1733; x_wconf 80' lang='lat' dir='ltr'><strong>igi-</strong></span> 
     </span>
     <span class='ocr_line' id='line_1_22' title="bbox 165 1739 855 1786; baseline 0 -11"><span class='ocrx_word' id='word_1_131' title='bbox 165 1747 245 1776; x_wconf 86' lang='lat' dir='ltr'><strong>tur:</strong></span> <span class='ocrx_word' id='word_1_132' title='bbox 260 1739 483 1786; x_wconf 78' lang='lat' dir='ltr'><strong>voluntatem</strong></span> <span class='ocrx_word' id='word_1_133' title='bbox 494 1765 505 1783; x_wconf 89' lang='lat'>,</span> <span class='ocrx_word' id='word_1_134' title='bbox 523 1751 642 1785; x_wconf 77' lang='lat' dir='ltr'><strong>quaeso</strong></span> <span class='ocrx_word' id='word_1_135' title='bbox 655 1765 664 1782; x_wconf 90' lang='lat'>,</span> <span class='ocrx_word' id='word_1_136' title='bbox 681 1740 855 1786; x_wconf 71' lang='lat' dir='ltr'><strong>suscipere</strong></span> 
     </span>
     <span class='ocr_line' id='line_1_23' title="bbox 165 1791 711 1839; baseline -0.004 -11"><span class='ocrx_word' id='word_1_137' title='bbox 165 1795 254 1828; x_wconf 68' lang='lat' dir='ltr'><strong>ulis</strong></span> <span class='ocrx_word' id='word_1_138' title='bbox 267 1804 328 1828; x_wconf 86' lang='lat' dir='ltr'><strong>me</strong></span> <span class='ocrx_word' id='word_1_139' title='bbox 344 1791 530 1839; x_wconf 77' lang='lat' dir='ltr'><strong>perdendi.</strong></span> <span class='ocrx_word' id='word_1_140' title='bbox 547 1791 711 1827; x_wconf 66' lang='lat' dir='ltr'><strong>Lamum</strong></span> 
     </span>
    </p>

    <p class='ocr_par' dir='ltr' id='par_1_8' title="bbox 166 1845 858 2367">
     <span class='ocr_line' id='line_1_24' title="bbox 207 1845 856 1889; baseline -0.002 -9"><span class='ocrx_word' id='word_1_141' title='bbox 207 1845 264 1881; x_wconf 75' lang='lat'><strong>62.</strong></span> <span class='ocrx_word' id='word_1_142' title='bbox 290 1847 426 1881; x_wconf 67' lang='lat' dir='ltr'><strong>entia.</strong></span> <span class='ocrx_word' id='word_1_143' title='bbox 447 1845 555 1880; x_wconf 81' lang='lat' dir='ltr'><strong>Forte</strong></span> <span class='ocrx_word' id='word_1_144' title='bbox 571 1871 581 1889; x_wconf 93' lang='lat'><em>,</em></span> <span class='ocrx_word' id='word_1_145' title='bbox 615 1847 739 1880; x_wconf 78' lang='lat' dir='ltr'><em>Gloria</em></span> <span class='ocrx_word' id='word_1_146' title='bbox 761 1846 856 1879; x_wconf 82' lang='lat' dir='ltr'><strong>n&#39;ulla</strong></span> 
     </span>
     <span class='ocr_line' id='line_1_25' title="bbox 166 1896 853 1938; baseline -0.001 -6"><span class='ocrx_word' id='word_1_147' title='bbox 166 1900 222 1932; x_wconf 78' lang='lat' dir='ltr'><strong>tui</strong></span> <span class='ocrx_word' id='word_1_148' title='bbox 238 1901 302 1933; x_wconf 76' lang='lat' dir='ltr'><strong>est.</strong></span> <span class='ocrx_word' id='word_1_149' title='bbox 331 1896 468 1934; x_wconf 71' lang='lat' dir='ltr'><strong>Hssms.</strong></span> <span class='ocrx_word' id='word_1_150' title='bbox 495 1897 604 1932; x_wconf 86' lang='lat' dir='ltr'><strong>Male.</strong></span> <span class='ocrx_word' id='word_1_151' title='bbox 630 1916 674 1924; x_wconf 91' lang='lat'><strong>·-·</strong></span> <span class='ocrx_word' id='word_1_152' title='bbox 705 1898 831 1932; x_wconf 74' lang='lat' dir='ltr'><strong>Gratia</strong></span> <span class='ocrx_word' id='word_1_153' title='bbox 845 1925 853 1938; x_wconf 82' lang='lat'><em>,</em></span> 
     </span>
     <span class='ocr_line' id='line_1_26' title="bbox 166 1949 857 1996; baseline -0.003 -10"><span class='ocrx_word' id='word_1_154' title='bbox 166 1963 236 1996; x_wconf 86' lang='lat' dir='ltr'><strong>qua</strong></span> <span class='ocrx_word' id='word_1_155' title='bbox 255 1949 372 1986; x_wconf 80' lang='lat' dir='ltr'><strong>valere</strong></span> <span class='ocrx_word' id='word_1_156' title='bbox 392 1977 403 1995; x_wconf 90' lang='lat'>,</span> <span class='ocrx_word' id='word_1_157' title='bbox 419 1968 422 1976; x_wconf 56' lang='grc' dir='ltr'>ι</span> <span class='ocrx_word' id='word_1_158' title='bbox 439 1956 476 1985; x_wconf 87' lang='lat' dir='ltr'><strong>et</strong></span> <span class='ocrx_word' id='word_1_159' title='bbox 501 1956 628 1996; x_wconf 86' lang='lat' dir='ltr'><strong>potens</strong></span> <span class='ocrx_word' id='word_1_160' title='bbox 659 1962 732 1985; x_wconf 91' lang='lat' dir='ltr'><strong>esse</strong></span> <span class='ocrx_word' id='word_1_161' title='bbox 763 1949 857 1995; x_wconf 85' lang='lat' dir='ltr'><strong>apud</strong></span> 
     </span>
     <span class='ocr_line' id='line_1_27' title="bbox 168 2001 858 2049; baseline 0 -11"><span class='ocrx_word' id='word_1_162' title='bbox 168 2003 325 2038; x_wconf 79' lang='lat' dir='ltr'><strong>Dianam</strong></span> <span class='ocrx_word' id='word_1_163' title='bbox 342 2002 394 2038; x_wconf 82' lang='lat' dir='ltr'><strong>vis</strong></span> <span class='ocrx_word' id='word_1_164' title='bbox 414 2001 538 2038; x_wconf 79' lang='lat' dir='ltr'><strong>videri.</strong></span> <span class='ocrx_word' id='word_1_165' title='bbox 552 2001 659 2038; x_wconf 82' lang='lat' dir='ltr'><strong>ovid.</strong></span> <span class='ocrx_word' id='word_1_166' title='bbox 675 2013 717 2036; x_wconf 84' lang='lat' dir='ltr'><strong>1v</strong></span> <span class='ocrx_word' id='word_1_167' title='bbox 731 2029 741 2047; x_wconf 93' lang='lat'>,</span> <span class='ocrx_word' id='word_1_168' title='bbox 757 2003 858 2049; x_wconf 47' lang='lat' dir='ltr'><strong>‚Met</strong></span> 
     </span>
     <span class='ocr_line' id='line_1_28' title="bbox 167 2055 858 2101; baseline 0 -12"><span class='ocrx_word' id='word_1_169' title='bbox 167 2069 198 2090; x_wconf 85' lang='lat' dir='ltr'><strong>v.</strong></span> <span class='ocrx_word' id='word_1_170' title='bbox 211 2055 279 2091; x_wconf 78' lang='lat'><strong>653</strong></span> <span class='ocrx_word' id='word_1_171' title='bbox 295 2069 304 2092; x_wconf 70' lang='grc' dir='ltr'><strong>ε</strong></span> <span class='ocrx_word' id='word_1_172' title='bbox 323 2055 378 2091; x_wconf 69' lang='lat' dir='ltr'><strong>A!</strong></span> <span class='ocrx_word' id='word_1_173' title='bbox 389 2058 546 2101; x_wconf 77' lang='lat' dir='ltr'><strong>quoniam</strong></span> <span class='ocrx_word' id='word_1_174' title='bbox 555 2058 660 2101; x_wconf 76' lang='lat' dir='ltr'><strong>parvi</strong></span> <span class='ocrx_word' id='word_1_175' title='bbox 669 2057 738 2090; x_wconf 76' lang='lat' dir='ltr'><strong>tibi</strong></span> <span class='ocrx_word' id='word_1_176' title='bbox 743 2058 858 2100; x_wconf 67' lang='lat' dir='ltr'><strong>gratia</strong></span> 
     </span>
     <span class='ocr_line' id='line_1_29' title="bbox 168 2106 857 2154; baseline 0 -11"><span class='ocrx_word' id='word_1_177' title='bbox 168 2112 288 2144; x_wconf 59' lang='lat' dir='ltr'><strong>noum</strong></span> <span class='ocrx_word' id='word_1_178' title='bbox 301 2111 366 2144; x_wconf 74' lang='lat' dir='ltr'><strong>est.</strong></span> <span class='ocrx_word' id='word_1_179' title='bbox 388 2107 436 2142; x_wconf 87' lang='lat' dir='ltr'><strong>Et</strong></span> <span class='ocrx_word' id='word_1_180' title='bbox 451 2106 519 2142; x_wconf 86' lang='lat' dir='ltr'><strong>hoc</strong></span> <span class='ocrx_word' id='word_1_181' title='bbox 535 2107 638 2154; x_wconf 81' lang='lat' dir='ltr'><strong>exigit</strong></span> <span class='ocrx_word' id='word_1_182' title='bbox 656 2107 857 2154; x_wconf 86' lang='lat' dir='ltr'><strong>praecedens</strong></span> 
     </span>
     <span class='ocr_line' id='line_1_30' title="bbox 166 2159 856 2206; baseline -0.001 -10"><span class='ocrx_word' id='word_1_183' title='bbox 166 2166 201 2196; x_wconf 76' lang='lat' dir='ltr'><strong>le</strong></span> <span class='ocrx_word' id='word_1_184' title='bbox 201 2162 328 2206; x_wconf 78' lang='lat' dir='ltr'><strong>jactas</strong></span> <span class='ocrx_word' id='word_1_185' title='bbox 338 2188 349 2203; x_wconf 85' lang='lat'><strong>,</strong></span> <span class='ocrx_word' id='word_1_186' title='bbox 367 2167 408 2196; x_wconf 89' lang='lat' dir='ltr'><strong>ut</strong></span> <span class='ocrx_word' id='word_1_187' title='bbox 419 2159 535 2196; x_wconf 78' lang='lat' dir='ltr'><strong>solent</strong></span> <span class='ocrx_word' id='word_1_188' title='bbox 549 2160 659 2206; x_wconf 79' lang='lat' dir='ltr'><strong>gratia</strong></span> <span class='ocrx_word' id='word_1_189' title='bbox 675 2167 856 2206; x_wconf 80' lang='lat' dir='ltr'><strong>potentes3</strong></span> 
     </span>
     <span class='ocr_line' id='line_1_31' title="bbox 167 2213 857 2260; baseline -0.001 -10"><span class='ocrx_word' id='word_1_190' title='bbox 167 2221 203 2250; x_wconf 91' lang='lat' dir='ltr'><strong>et</strong></span> <span class='ocrx_word' id='word_1_191' title='bbox 241 2214 348 2250; x_wconf 84' lang='lat' dir='ltr'><strong>etiam</strong></span> <span class='ocrx_word' id='word_1_192' title='bbox 384 2226 536 2260; x_wconf 82' lang='lat' dir='ltr'><strong>sequens</strong></span> <span class='ocrx_word' id='word_1_193' title='bbox 566 2213 717 2249; x_wconf 84' lang='lat' dir='ltr'><strong>verbum</strong></span> <span class='ocrx_word' id='word_1_194' title='bbox 745 2219 857 2259; x_wconf 74' lang='lat' dir='ltr'><strong>poles.</strong></span> 
     </span>
     <span class='ocr_line' id='line_1_32' title="bbox 166 2266 856 2311; baseline -0.001 -10"><span class='ocrx_word' id='word_1_195' title='bbox 166 2266 276 2301; x_wconf 82' lang='lat' dir='ltr'><strong>Posse</strong></span> <span class='ocrx_word' id='word_1_196' title='bbox 289 2266 387 2301; x_wconf 87' lang='lat' dir='ltr'><strong>enim</strong></span> <span class='ocrx_word' id='word_1_197' title='bbox 399 2293 409 2308; x_wconf 83' lang='lat'>,</span> <span class='ocrx_word' id='word_1_198' title='bbox 431 2273 468 2302; x_wconf 89' lang='lat' dir='ltr'><strong>et</strong></span> <span class='ocrx_word' id='word_1_199' title='bbox 486 2267 601 2302; x_wconf 82' lang='lat' dir='ltr'><strong>valere</strong></span> <span class='ocrx_word' id='word_1_200' title='bbox 613 2270 774 2311; x_wconf 82' lang='lat' dir='ltr'><strong>polentes</strong></span> <span class='ocrx_word' id='word_1_201' title='bbox 793 2266 856 2301; x_wconf 88' lang='lat' dir='ltr'><strong>di-</strong></span> 
     </span>
     <span class='ocr_line' id='line_1_33' title="bbox 166 2318 824 2367; baseline -0.002 -12"><span class='ocrx_word' id='word_1_202' title='bbox 166 2325 298 2355; x_wconf 86' lang='lat' dir='ltr'><strong>cuntur</strong></span> <span class='ocrx_word' id='word_1_203' title='bbox 309 2345 319 2363; x_wconf 91' lang='lat'><em>,</em></span> <span class='ocrx_word' id='word_1_204' title='bbox 345 2319 405 2365; x_wconf 88' lang='lat' dir='ltr'><strong>qui</strong></span> <span class='ocrx_word' id='word_1_205' title='bbox 415 2322 531 2367; x_wconf 68' lang='lat' dir='ltr'><strong>gratia</strong></span> <span class='ocrx_word' id='word_1_206' title='bbox 545 2318 672 2354; x_wconf 85' lang='lat' dir='ltr'><strong>valent.</strong></span> <span class='ocrx_word' id='word_1_207' title='bbox 692 2319 824 2354; x_wconf 70' lang='lat' dir='ltr'><strong>Bunm.</strong></span> 
     </span>
    </p>

    <p class='ocr_par' dir='ltr' id='par_1_9' title="bbox 164 2370 860 2842">
     <span class='ocr_line' id='line_1_34' title="bbox 210 2370 857 2418; baseline -0.002 -12"><span class='ocrx_word' id='word_1_208' title='bbox 210 2371 264 2418; x_wconf 79' lang='lat'><strong>67.</strong></span> <span class='ocrx_word' id='word_1_209' title='bbox 298 2373 395 2406; x_wconf 66' lang='lat' dir='ltr'><strong>stac</strong></span> <span class='ocrx_word' id='word_1_210' title='bbox 407 2384 484 2406; x_wconf 84' lang='lat' dir='ltr'><strong>mea</strong></span> <span class='ocrx_word' id='word_1_211' title='bbox 497 2371 644 2418; x_wconf 66' lang='lat' dir='ltr'><strong>difficili.</strong></span> <span class='ocrx_word' id='word_1_212' title='bbox 661 2371 708 2405; x_wconf 89' lang='lat' dir='ltr'><strong>Et</strong></span> <span class='ocrx_word' id='word_1_213' title='bbox 719 2370 793 2406; x_wconf 82' lang='lat' dir='ltr'><strong>haec</strong></span> <span class='ocrx_word' id='word_1_214' title='bbox 809 2371 857 2405; x_wconf 92' lang='lat' dir='ltr'><strong>lo-</strong></span> 
     </span>
     <span class='ocr_line' id='line_1_35' title="bbox 164 2423 858 2459; baseline 0 -1"><span class='ocrx_word' id='word_1_215' title='bbox 164 2423 261 2459; x_wconf 80' lang='lat' dir='ltr'><strong>cutio</strong></span> <span class='ocrx_word' id='word_1_216' title='bbox 279 2423 402 2459; x_wconf 84' lang='lat' dir='ltr'><strong>durior</strong></span> <span class='ocrx_word' id='word_1_217' title='bbox 419 2437 427 2459; x_wconf 89' lang='lat'><strong>:</strong></span> <span class='ocrx_word' id='word_1_218' title='bbox 445 2426 660 2459; x_wconf 79' lang='lat' dir='ltr'><strong>deducuntur</strong></span> <span class='ocrx_word' id='word_1_219' title='bbox 672 2423 773 2458; x_wconf 91' lang='lat' dir='ltr'><strong>litore</strong></span> <span class='ocrx_word' id='word_1_220' title='bbox 791 2437 858 2458; x_wconf 88' lang='lat' dir='ltr'><strong>na-</strong></span> 
     </span>
     <span class='ocr_line' id='line_1_36' title="bbox 165 2476 857 2522; baseline 0.003 -12"><span class='ocrx_word' id='word_1_221' title='bbox 165 2489 224 2511; x_wconf 84' lang='lat' dir='ltr'><strong>ves</strong></span> <span class='ocrx_word' id='word_1_222' title='bbox 241 2476 277 2511; x_wconf 88' lang='lat' dir='ltr'><strong>in</strong></span> <span class='ocrx_word' id='word_1_223' title='bbox 303 2488 423 2522; x_wconf 84' lang='lat' dir='ltr'><strong>aequor</strong></span> <span class='ocrx_word' id='word_1_224' title='bbox 441 2490 450 2518; x_wconf 74' lang='grc' dir='ltr'><strong>ς</strong></span> <span class='ocrx_word' id='word_1_225' title='bbox 478 2476 539 2512; x_wconf 85' lang='lat' dir='ltr'><strong>sed</strong></span> <span class='ocrx_word' id='word_1_226' title='bbox 555 2476 800 2512; x_wconf 75' lang='lat' dir='ltr'><strong>subducuntur</strong></span> <span class='ocrx_word' id='word_1_227' title='bbox 816 2490 857 2512; x_wconf 88' lang='lat' dir='ltr'><strong>ex</strong></span> 
     </span>
     <span class='ocr_line' id='line_1_37' title="bbox 166 2528 857 2575; baseline 0.003 -12"><span class='ocrx_word' id='word_1_228' title='bbox 166 2541 309 2575; x_wconf 77' lang='lat' dir='ltr'><strong>:equore</strong></span> <span class='ocrx_word' id='word_1_229' title='bbox 325 2529 363 2564; x_wconf 87' lang='lat' dir='ltr'><strong>in</strong></span> <span class='ocrx_word' id='word_1_230' title='bbox 387 2528 478 2564; x_wconf 82' lang='lat' dir='ltr'><strong>litus.</strong></span> <span class='ocrx_word' id='word_1_231' title='bbox 494 2529 532 2564; x_wconf 84' lang='lat' dir='ltr'><strong>Si</strong></span> <span class='ocrx_word' id='word_1_232' title='bbox 554 2530 625 2565; x_wconf 87' lang='lat' dir='ltr'><strong>mei</strong></span> <span class='ocrx_word' id='word_1_233' title='bbox 648 2543 703 2565; x_wconf 89' lang='lat' dir='ltr'><strong>res</strong></span> <span class='ocrx_word' id='word_1_234' title='bbox 725 2530 857 2566; x_wconf 81' lang='lat' dir='ltr'><strong>arbitrii</strong></span> 
     </span>
     <span class='ocr_line' id='line_1_38' title="bbox 168 2581 860 2629; baseline 0.001 -12"><span class='ocrx_word' id='word_1_235' title='bbox 168 2588 260 2617; x_wconf 79' lang='lat' dir='ltr'><strong>esset</strong></span> <span class='ocrx_word' id='word_1_236' title='bbox 274 2608 284 2626; x_wconf 85' lang='lat'>‚</span> <span class='ocrx_word' id='word_1_237' title='bbox 300 2581 455 2628; x_wconf 82' lang='lat' dir='ltr'><strong>legerem</strong></span> <span class='ocrx_word' id='word_1_238' title='bbox 467 2608 477 2626; x_wconf 87' lang='lat'><em>,</em></span> <span class='ocrx_word' id='word_1_239' title='bbox 491 2581 632 2629; x_wconf 71' lang='lat' dir='ltr'><strong>dffcili</strong></span> <span class='ocrx_word' id='word_1_240' title='bbox 641 2584 787 2617; x_wconf 83' lang='lat' dir='ltr'><strong>deducta</strong></span> <span class='ocrx_word' id='word_1_241' title='bbox 804 2588 860 2618; x_wconf 83' lang='lat' dir='ltr'><strong>est</strong></span> 
     </span>
     <span class='ocr_line' id='line_1_39' title="bbox 165 2635 857 2682; baseline 0 -12"><span class='ocrx_word' id='word_1_242' title='bbox 165 2637 267 2671; x_wconf 72' lang='lat' dir='ltr'><strong>litore</strong></span> <span class='ocrx_word' id='word_1_243' title='bbox 282 2637 418 2680; x_wconf 55' lang='lat' dir='ltr'><strong>pupptk.</strong></span> <span class='ocrx_word' id='word_1_244' title='bbox 443 2635 544 2670; x_wconf 82' lang='lat' dir='ltr'><strong>Litus</strong></span> <span class='ocrx_word' id='word_1_245' title='bbox 564 2635 726 2681; x_wconf 64' lang='lat' dir='ltr'><strong>difficile,</strong></span> <span class='ocrx_word' id='word_1_246' title='bbox 762 2635 857 2682; x_wconf 88' lang='lat' dir='ltr'><strong>quod</strong></span> 
     </span>
     <span class='ocr_line' id='line_1_40' title="bbox 166 2685 857 2734; baseline 0.004 -13"><span class='ocrx_word' id='word_1_247' title='bbox 166 2686 260 2722; x_wconf 83' lang='lat' dir='ltr'><strong>mala</strong></span> <span class='ocrx_word' id='word_1_248' title='bbox 282 2686 405 2721; x_wconf 85' lang='lat' dir='ltr'><strong>omina</strong></span> <span class='ocrx_word' id='word_1_249' title='bbox 428 2685 555 2732; x_wconf 80' lang='lat' dir='ltr'><strong>daret,</strong></span> <span class='ocrx_word' id='word_1_250' title='bbox 585 2694 621 2722; x_wconf 86' lang='lat' dir='ltr'><strong>et</strong></span> <span class='ocrx_word' id='word_1_251' title='bbox 646 2700 737 2734; x_wconf 85' lang='lat' dir='ltr'><strong>aegre</strong></span> <span class='ocrx_word' id='word_1_252' title='bbox 760 2689 857 2734; x_wconf 86' lang='lat' dir='ltr'><strong>quasi</strong></span> 
     </span>
     <span class='ocr_line' id='line_1_41' title="bbox 166 2739 858 2777; baseline 0.003 -2"><span class='ocrx_word' id='word_1_253' title='bbox 166 2739 361 2775; x_wconf 82' lang='lat' dir='ltr'><strong>dimitteret</strong></span> <span class='ocrx_word' id='word_1_254' title='bbox 386 2752 516 2774; x_wconf 87' lang='lat' dir='ltr'><strong>navem</strong></span> <span class='ocrx_word' id='word_1_255' title='bbox 541 2741 751 2776; x_wconf 78' lang='lat' dir='ltr'><strong>subductam.</strong></span> <span class='ocrx_word' id='word_1_256' title='bbox 784 2741 858 2777; x_wconf 86' lang='lat' dir='ltr'><strong>Po-</strong></span> 
     </span>
     <span class='ocr_line' id='line_1_42' title="bbox 168 2790 857 2842; baseline 0 -14"><span class='ocrx_word' id='word_1_257' title='bbox 168 2799 234 2828; x_wconf 74' lang='lat' dir='ltr'><strong>test</strong></span> <span class='ocrx_word' id='word_1_258' title='bbox 251 2800 370 2828; x_wconf 84' lang='lat' dir='ltr'><strong>tamen</strong></span> <span class='ocrx_word' id='word_1_259' title='bbox 395 2800 429 2828; x_wconf 89' lang='lat' dir='ltr'><strong>et</strong></span> <span class='ocrx_word' id='word_1_260' title='bbox 451 2793 594 2842; x_wconf 63' lang='lat' dir='ltr'><strong>difficili</strong></span> <span class='ocrx_word' id='word_1_261' title='bbox 610 2806 739 2839; x_wconf 76' lang='lat' dir='ltr'><strong>equore</strong></span> <span class='ocrx_word' id='word_1_262' title='bbox 755 2790 857 2830; x_wconf 76' lang='lat' dir='ltr'><strong>abso&#39;-</strong></span> 
     </span>
    </p>
   </div>
   <div class='ocr_carea' id='block_1_8' title="bbox 298 2862 333 2905">
    <p class='ocr_par' dir='ltr' id='par_1_10' title="bbox 298 2862 333 2905">
     <span class='ocr_line' id='line_1_43' title="bbox 298 2862 333 2905; baseline 0 0"><span class='ocrx_word' id='word_1_263' title='bbox 298 2862 333 2905; x_wconf 93' lang='lat' dir='ltr'><em>I</em></span> 
     </span>
    </p>
   </div>
   <div class='ocr_carea' id='block_1_9' title="bbox 914 1687 1612 2842">
    <p class='ocr_par' dir='ltr' id='par_1_11' title="bbox 922 1687 1612 1829">
     <span class='ocr_line' id='line_1_44' title="bbox 922 1687 1612 1736; baseline 0.004 -14"><span class='ocrx_word' id='word_1_264' title='bbox 922 1687 994 1722; x_wconf 87' lang='lat' dir='ltr'><strong>lute</strong></span> <span class='ocrx_word' id='word_1_265' title='bbox 1010 1688 1164 1733; x_wconf 86' lang='lat' dir='ltr'><strong>positum</strong></span> <span class='ocrx_word' id='word_1_266' title='bbox 1182 1689 1327 1736; x_wconf 74' lang='lat' dir='ltr'><strong>intelligi</strong></span> <span class='ocrx_word' id='word_1_267' title='bbox 1343 1715 1351 1734; x_wconf 88' lang='lat'><strong><em>,</em></strong></span> <span class='ocrx_word' id='word_1_268' title='bbox 1384 1701 1450 1735; x_wconf 88' lang='lat' dir='ltr'><strong>pro</strong></span> <span class='ocrx_word' id='word_1_269' title='bbox 1462 1716 1472 1735; x_wconf 82' lang='lat'>,</span> <span class='ocrx_word' id='word_1_270' title='bbox 1501 1702 1612 1736; x_wconf 88' lang='lat' dir='ltr'><strong>quum</strong></span> 
     </span>
     <span class='ocr_line' id='line_1_45' title="bbox 923 1740 1612 1790; baseline 0.006 -16"><span class='ocrx_word' id='word_1_271' title='bbox 923 1749 1044 1786; x_wconf 79' lang='lat' dir='ltr'><strong>aequm·</strong></span> <span class='ocrx_word' id='word_1_272' title='bbox 1059 1748 1148 1775; x_wconf 88' lang='lat' dir='ltr'><strong>esset</strong></span> <span class='ocrx_word' id='word_1_273' title='bbox 1160 1740 1325 1790; x_wconf 45' lang='grc' dir='ltr'><strong>(ὕψι-ἄη</strong></span> <span class='ocrx_word' id='word_1_274' title='bbox 1344 1740 1381 1776; x_wconf 90' lang='lat' dir='ltr'><strong>id</strong></span> <span class='ocrx_word' id='word_1_275' title='bbox 1393 1749 1463 1787; x_wconf 88' lang='lat' dir='ltr'><strong>est,</strong></span> <span class='ocrx_word' id='word_1_276' title='bbox 1485 1742 1612 1778; x_wconf 80' lang='lat' dir='ltr'><strong>turba-</strong></span> 
     </span>
     <span class='ocr_line' id='line_1_46' title="bbox 922 1784 1165 1829; baseline 0.004 -2"><span class='ocrx_word' id='word_1_277' title='bbox 922 1800 1010 1829; x_wconf 84' lang='lat' dir='ltr'><strong>tum.</strong></span> <span class='ocrx_word' id='word_1_278' title='bbox 1029 1784 1165 1829; x_wconf 62' lang='lat' dir='ltr'><strong>‘Boium</strong></span> 
     </span>
    </p>

    <p class='ocr_par' dir='ltr' id='par_1_12' title="bbox 922 1846 1612 2155">
     <span class='ocr_line' id='line_1_47' title="bbox 969 1846 1612 1894; baseline 0.003 -14"><span class='ocrx_word' id='word_1_279' title='bbox 969 1860 985 1892; x_wconf 85' lang='lat'>7</span> <span class='ocrx_word' id='word_1_280' title='bbox 993 1860 1020 1880; x_wconf 92' lang='lat'><strong>1.</strong></span> <span class='ocrx_word' id='word_1_281' title='bbox 1041 1848 1108 1882; x_wconf 68' lang='lat' dir='ltr'><strong>Bis</strong></span> <span class='ocrx_word' id='word_1_282' title='bbox 1118 1851 1240 1881; x_wconf 72' lang='lat' dir='ltr'><strong>lamen.</strong></span> <span class='ocrx_word' id='word_1_283' title='bbox 1250 1846 1356 1890; x_wconf 85' lang='lat' dir='ltr'><strong>Vide,</strong></span> <span class='ocrx_word' id='word_1_284' title='bbox 1367 1859 1412 1882; x_wconf 89' lang='lat' dir='ltr'><strong>ne</strong></span> <span class='ocrx_word' id='word_1_285' title='bbox 1422 1846 1612 1894; x_wconf 86' lang='lat' dir='ltr'><strong>legendum</strong></span> 
     </span>
     <span class='ocr_line' id='line_1_48' title="bbox 922 1898 1611 1946; baseline 0 -13"><span class='ocrx_word' id='word_1_286' title='bbox 922 1899 983 1942; x_wconf 84' lang='lat' dir='ltr'><strong>sit,</strong></span> <span class='ocrx_word' id='word_1_287' title='bbox 1001 1901 1076 1933; x_wconf 72' lang='lat' dir='ltr'><strong>bis:</strong></span> <span class='ocrx_word' id='word_1_288' title='bbox 1094 1906 1134 1933; x_wconf 87' lang='lat' dir='ltr'><strong>ut</strong></span> <span class='ocrx_word' id='word_1_289' title='bbox 1147 1898 1319 1944; x_wconf 82' lang='lat' dir='ltr'><strong>significet</strong></span> <span class='ocrx_word' id='word_1_290' title='bbox 1334 1898 1495 1946; x_wconf 80' lang='lat' dir='ltr'><strong>Cydippe</strong></span> <span class='ocrx_word' id='word_1_291' title='bbox 1509 1925 1519 1943; x_wconf 90' lang='lat'>,</span> <span class='ocrx_word' id='word_1_292' title='bbox 1537 1912 1611 1934; x_wconf 88' lang='lat' dir='ltr'><strong>non</strong></span> 
     </span>
     <span class='ocr_line' id='line_1_49' title="bbox 922 1950 1611 1988; baseline 0.001 -3"><span class='ocrx_word' id='word_1_293' title='bbox 922 1951 1032 1985; x_wconf 88' lang='lat' dir='ltr'><strong>semel</strong></span> <span class='ocrx_word' id='word_1_294' title='bbox 1053 1955 1191 1988; x_wconf 82' lang='lat' dir='ltr'><strong>ventum</strong></span> <span class='ocrx_word' id='word_1_295' title='bbox 1214 1950 1401 1988; x_wconf 86' lang='lat' dir='ltr'><strong>adversum</strong></span> <span class='ocrx_word' id='word_1_296' title='bbox 1413 1951 1527 1987; x_wconf 80' lang='lat' dir='ltr'><strong>fuisse.</strong></span> <span class='ocrx_word' id='word_1_297' title='bbox 1543 1951 1611 1987; x_wconf 83' lang='lat' dir='ltr'><strong>EG.</strong></span> 
     </span>
     <span class='ocr_line' id='line_1_50' title="bbox 922 2002 1611 2050; baseline 0.003 -14"><span class='ocrx_word' id='word_1_298' title='bbox 922 2022 967 2029; x_wconf 82' lang='lat'><strong>-·</strong></span> <span class='ocrx_word' id='word_1_299' title='bbox 986 2002 1086 2048; x_wconf 87' lang='lat' dir='ltr'><strong>Quid</strong></span> <span class='ocrx_word' id='word_1_300' title='bbox 1102 2016 1177 2038; x_wconf 90' lang='lat' dir='ltr'><strong>non</strong></span> <span class='ocrx_word' id='word_1_301' title='bbox 1195 2005 1249 2039; x_wconf 77' lang='lat' dir='ltr'><strong>bis</strong></span> <span class='ocrx_word' id='word_1_302' title='bbox 1265 2002 1449 2050; x_wconf 86' lang='lat' dir='ltr'><strong>legamus?</strong></span> <span class='ocrx_word' id='word_1_303' title='bbox 1476 2017 1520 2039; x_wconf 88' lang='lat' dir='ltr'><strong>an</strong></span> <span class='ocrx_word' id='word_1_304' title='bbox 1537 2005 1611 2039; x_wconf 84' lang='lat' dir='ltr'><strong>non</strong></span> 
     </span>
     <span class='ocr_line' id='line_1_51' title="bbox 923 2054 1612 2104; baseline 0 -13"><span class='ocrx_word' id='word_1_305' title='bbox 923 2055 1075 2091; x_wconf 81' lang='lat' dir='ltr'><strong>formula</strong></span> <span class='ocrx_word' id='word_1_306' title='bbox 1093 2054 1168 2092; x_wconf 84' lang='lat' dir='ltr'><strong>haec</strong></span> <span class='ocrx_word' id='word_1_307' title='bbox 1184 2058 1237 2090; x_wconf 76' lang='lat' dir='ltr'><strong>bis</strong></span> <span class='ocrx_word' id='word_1_308' title='bbox 1251 2083 1259 2096; x_wconf 84' lang='lat'>‚</span> <span class='ocrx_word' id='word_1_309' title='bbox 1290 2059 1414 2100; x_wconf 74' lang='lat' dir='ltr'><strong>terve,</strong></span> <span class='ocrx_word' id='word_1_310' title='bbox 1430 2055 1468 2091; x_wconf 87' lang='lat' dir='ltr'><strong>in</strong></span> <span class='ocrx_word' id='word_1_311' title='bbox 1485 2069 1612 2104; x_wconf 82' lang='lat' dir='ltr'><strong>praesa-</strong></span> 
     </span>
     <span class='ocr_line' id='line_1_52' title="bbox 923 2107 1362 2155; baseline 0.002 -13"><span class='ocrx_word' id='word_1_312' title='bbox 923 2107 1053 2155; x_wconf 83' lang='lat' dir='ltr'><strong>giendo</strong></span> <span class='ocrx_word' id='word_1_313' title='bbox 1067 2135 1076 2152; x_wconf 92' lang='lat'>,</span> <span class='ocrx_word' id='word_1_314' title='bbox 1111 2107 1330 2155; x_wconf 76' lang='lat' dir='ltr'><strong>usitatissima</strong></span> <span class='ocrx_word' id='word_1_315' title='bbox 1346 2108 1362 2143; x_wconf 89' lang='lat'>?</span> 
     </span>
    </p>

    <p class='ocr_par' dir='ltr' id='par_1_13' title="bbox 914 2160 1611 2842">
     <span class='ocr_line' id='line_1_53' title="bbox 969 2160 1611 2206; baseline 0.003 -11"><span class='ocrx_word' id='word_1_316' title='bbox 969 2161 1020 2206; x_wconf 83' lang='lat'><strong>76.</strong></span> <span class='ocrx_word' id='word_1_317' title='bbox 1045 2162 1116 2195; x_wconf 81' lang='lat' dir='ltr'><strong>Sed</strong></span> <span class='ocrx_word' id='word_1_318' title='bbox 1133 2162 1275 2197; x_wconf 77' lang='lat' dir='ltr'><strong>stallum</strong></span> <span class='ocrx_word' id='word_1_319' title='bbox 1297 2164 1360 2195; x_wconf 79' lang='lat' dir='ltr'><strong>est.</strong></span> <span class='ocrx_word' id='word_1_320' title='bbox 1379 2160 1512 2197; x_wconf 86' lang='lat' dir='ltr'><strong>Versus</strong></span> <span class='ocrx_word' id='word_1_321' title='bbox 1527 2174 1611 2197; x_wconf 87' lang='lat' dir='ltr'><strong>sus-</strong></span> 
     </span>
     <span class='ocr_line' id='line_1_54' title="bbox 923 2212 1610 2258; baseline 0.004 -11"><span class='ocrx_word' id='word_1_322' title='bbox 923 2219 1053 2258; x_wconf 89' lang='lat' dir='ltr'><strong>pectus.</strong></span> <span class='ocrx_word' id='word_1_323' title='bbox 1075 2213 1209 2248; x_wconf 59' lang='lat' dir='ltr'><strong>Hiems.</strong></span> <span class='ocrx_word' id='word_1_324' title='bbox 1235 2212 1412 2258; x_wconf 83' lang='lat' dir='ltr'><strong>Quinimo</strong></span> <span class='ocrx_word' id='word_1_325' title='bbox 1430 2214 1526 2250; x_wconf 85' lang='lat' dir='ltr'><strong>locus</strong></span> <span class='ocrx_word' id='word_1_326' title='bbox 1555 2214 1610 2250; x_wconf 87' lang='lat' dir='ltr'><strong>hic</strong></span> 
     </span>
     <span class='ocr_line' id='line_1_55' title="bbox 923 2264 1609 2311; baseline 0.004 -12"><span class='ocrx_word' id='word_1_327' title='bbox 923 2265 1039 2300; x_wconf 86' lang='lat' dir='ltr'><strong>omnis</strong></span> <span class='ocrx_word' id='word_1_328' title='bbox 1061 2264 1390 2311; x_wconf 71' lang='lat' dir='ltr'><strong>declamantisest,</strong></span> <span class='ocrx_word' id='word_1_329' title='bbox 1425 2273 1460 2302; x_wconf 84' lang='lat' dir='ltr'><strong>et</strong></span> <span class='ocrx_word' id='word_1_330' title='bbox 1482 2268 1609 2305; x_wconf 86' lang='lat' dir='ltr'><strong>curiosi</strong></span> 
     </span>
     <span class='ocr_line' id='line_1_56' title="bbox 923 2318 1608 2366; baseline 0.004 -14"><span class='ocrx_word' id='word_1_331' title='bbox 923 2318 1037 2365; x_wconf 89' lang='lat' dir='ltr'><strong>potius</strong></span> <span class='ocrx_word' id='word_1_332' title='bbox 1046 2318 1236 2355; x_wconf 87' lang='lat' dir='ltr'><strong>verborum</strong></span> <span class='ocrx_word' id='word_1_333' title='bbox 1247 2319 1470 2357; x_wconf 80' lang='lat' dir='ltr'><strong>ostentatoris</strong></span> <span class='ocrx_word' id='word_1_334' title='bbox 1480 2347 1489 2364; x_wconf 88' lang='lat'>‚</span> <span class='ocrx_word' id='word_1_335' title='bbox 1502 2333 1608 2366; x_wconf 86' lang='lat' dir='ltr'><strong>quarn</strong></span> 
     </span>
     <span class='ocr_line' id='line_1_57' title="bbox 920 2370 1608 2418; baseline 0.001 -12"><span class='ocrx_word' id='word_1_336' title='bbox 920 2378 1035 2417; x_wconf 83' lang='lat' dir='ltr'><strong>poetae</strong></span> <span class='ocrx_word' id='word_1_337' title='bbox 1049 2398 1057 2414; x_wconf 92' lang='lat'>,</span> <span class='ocrx_word' id='word_1_338' title='bbox 1086 2370 1221 2406; x_wconf 85' lang='lat' dir='ltr'><strong>nedum</strong></span> <span class='ocrx_word' id='word_1_339' title='bbox 1237 2380 1396 2418; x_wconf 82' lang='lat' dir='ltr'><strong>personae</strong></span> <span class='ocrx_word' id='word_1_340' title='bbox 1409 2372 1585 2418; x_wconf 87' lang='lat' dir='ltr'><strong>loquentis</strong></span> <span class='ocrx_word' id='word_1_341' title='bbox 1599 2399 1608 2416; x_wconf 92' lang='lat'>‚</span> 
     </span>
     <span class='ocr_line' id='line_1_58' title="bbox 923 2424 1610 2470; baseline 0.004 -13"><span class='ocrx_word' id='word_1_342' title='bbox 923 2436 1001 2470; x_wconf 86' lang='lat' dir='ltr'><strong>quae</strong></span> <span class='ocrx_word' id='word_1_343' title='bbox 1018 2437 1127 2469; x_wconf 90' lang='lat' dir='ltr'><strong>quum</strong></span> <span class='ocrx_word' id='word_1_344' title='bbox 1146 2437 1187 2459; x_wconf 86' lang='lat' dir='ltr'><strong>ex</strong></span> <span class='ocrx_word' id='word_1_345' title='bbox 1201 2424 1274 2470; x_wconf 87' lang='lat' dir='ltr'><strong>ipso</strong></span> <span class='ocrx_word' id='word_1_346' title='bbox 1288 2451 1298 2468; x_wconf 86' lang='lat'>‚</span> <span class='ocrx_word' id='word_1_347' title='bbox 1318 2437 1386 2470; x_wconf 92' lang='lat' dir='ltr'><strong>quo</strong></span> <span class='ocrx_word' id='word_1_348' title='bbox 1400 2425 1495 2460; x_wconf 80' lang='lat' dir='ltr'><strong>febre</strong></span> <span class='ocrx_word' id='word_1_349' title='bbox 1510 2425 1610 2460; x_wconf 83' lang='lat' dir='ltr'><strong>affixa</strong></span> 
     </span>
     <span class='ocr_line' id='line_1_59' title="bbox 922 2476 1610 2522; baseline 0.003 -12"><span class='ocrx_word' id='word_1_350' title='bbox 922 2476 1087 2522; x_wconf 80' lang='lat' dir='ltr'><strong>languet,</strong></span> <span class='ocrx_word' id='word_1_351' title='bbox 1111 2476 1202 2512; x_wconf 86' lang='lat' dir='ltr'><strong>lecto</strong></span> <span class='ocrx_word' id='word_1_352' title='bbox 1215 2476 1288 2512; x_wconf 84' lang='lat' dir='ltr'><strong>haec</strong></span> <span class='ocrx_word' id='word_1_353' title='bbox 1302 2477 1450 2521; x_wconf 86' lang='lat' dir='ltr'><strong>scribat,</strong></span> <span class='ocrx_word' id='word_1_354' title='bbox 1472 2490 1547 2512; x_wconf 90' lang='lat' dir='ltr'><strong>non</strong></span> <span class='ocrx_word' id='word_1_355' title='bbox 1570 2491 1610 2512; x_wconf 88' lang='lat' dir='ltr'><strong>ea</strong></span> 
     </span>
     <span class='ocr_line' id='line_1_60' title="bbox 923 2530 1610 2576; baseline 0.001 -12"><span class='ocrx_word' id='word_1_356' title='bbox 923 2543 1005 2565; x_wconf 84' lang='lat' dir='ltr'><strong>sane</strong></span> <span class='ocrx_word' id='word_1_357' title='bbox 1018 2530 1173 2576; x_wconf 77' lang='lat' dir='ltr'><strong>corporis</strong></span> <span class='ocrx_word' id='word_1_358' title='bbox 1185 2537 1220 2564; x_wconf 90' lang='lat' dir='ltr'><strong>et</strong></span> <span class='ocrx_word' id='word_1_359' title='bbox 1236 2530 1344 2565; x_wconf 86' lang='lat' dir='ltr'><strong>animi</strong></span> <span class='ocrx_word' id='word_1_360' title='bbox 1359 2530 1610 2576; x_wconf 70' lang='lat' dir='ltr'><strong>tranquillitate</strong></span> 
     </span>
     <span class='ocr_line' id='line_1_61' title="bbox 921 2582 1609 2631; baseline 0.001 -14"><span class='ocrx_word' id='word_1_361' title='bbox 921 2583 1052 2618; x_wconf 84' lang='lat' dir='ltr'><strong>fruitur</strong></span> <span class='ocrx_word' id='word_1_362' title='bbox 1070 2609 1079 2627; x_wconf 91' lang='lat'><em>,</em></span> <span class='ocrx_word' id='word_1_363' title='bbox 1105 2586 1182 2628; x_wconf 79' lang='lat' dir='ltr'><strong>quae</strong></span> <span class='ocrx_word' id='word_1_364' title='bbox 1198 2582 1235 2617; x_wconf 90' lang='lat' dir='ltr'><strong>in</strong></span> <span class='ocrx_word' id='word_1_365' title='bbox 1255 2583 1320 2618; x_wconf 85' lang='lat' dir='ltr'><strong>isto</strong></span> <span class='ocrx_word' id='word_1_366' title='bbox 1336 2582 1475 2618; x_wconf 84' lang='lat' dir='ltr'><strong>dicendi</strong></span> <span class='ocrx_word' id='word_1_367' title='bbox 1499 2596 1609 2631; x_wconf 85' lang='lat' dir='ltr'><strong>gene-</strong></span> 
     </span>
     <span class='ocr_line' id='line_1_62' title="bbox 922 2633 1609 2682; baseline 0 -12"><span class='ocrx_word' id='word_1_368' title='bbox 922 2650 961 2671; x_wconf 87' lang='lat' dir='ltr'><strong>re</strong></span> <span class='ocrx_word' id='word_1_369' title='bbox 975 2643 1158 2682; x_wconf 84' lang='lat' dir='ltr'><strong>tantopere</strong></span> <span class='ocrx_word' id='word_1_370' title='bbox 1172 2663 1181 2680; x_wconf 92' lang='lat'>,</span> <span class='ocrx_word' id='word_1_371' title='bbox 1206 2643 1348 2681; x_wconf 86' lang='lat' dir='ltr'><strong>tamque</strong></span> <span class='ocrx_word' id='word_1_372' title='bbox 1365 2635 1426 2670; x_wconf 82' lang='lat' dir='ltr'><strong>diu</strong></span> <span class='ocrx_word' id='word_1_373' title='bbox 1440 2633 1503 2673; x_wconf 75' lang='lat' dir='ltr'><strong>sibi</strong></span> <span class='ocrx_word' id='word_1_374' title='bbox 1516 2648 1609 2671; x_wconf 90' lang='lat' dir='ltr'><strong>com-</strong></span> 
     </span>
     <span class='ocr_line' id='line_1_63' title="bbox 923 2688 1608 2735; baseline 0.001 -13"><span class='ocrx_word' id='word_1_375' title='bbox 923 2689 1064 2735; x_wconf 82' lang='lat' dir='ltr'><strong>placeat.</strong></span> <span class='ocrx_word' id='word_1_376' title='bbox 1094 2688 1207 2723; x_wconf 85' lang='lat' dir='ltr'><strong>Citius</strong></span> <span class='ocrx_word' id='word_1_377' title='bbox 1242 2688 1415 2723; x_wconf 81' lang='lat' dir='ltr'><strong>evanescit</strong></span> <span class='ocrx_word' id='word_1_378' title='bbox 1429 2715 1438 2733; x_wconf 93' lang='lat'><strong>‚</strong></span> <span class='ocrx_word' id='word_1_379' title='bbox 1466 2688 1494 2723; x_wconf 88' lang='lat' dir='ltr'><strong>si</strong></span> <span class='ocrx_word' id='word_1_380' title='bbox 1523 2688 1608 2735; x_wconf 87' lang='lat' dir='ltr'><strong>quid</strong></span> 
     </span>
     <span class='ocr_line' id='line_1_64' title="bbox 925 2740 1608 2787; baseline 0 -11"><span class='ocrx_word' id='word_1_381' title='bbox 925 2740 1144 2776; x_wconf 83' lang='lat' dir='ltr'><strong>ovidianum</strong></span> <span class='ocrx_word' id='word_1_382' title='bbox 1182 2740 1369 2787; x_wconf 80' lang='lat' dir='ltr'><strong>aliqnando</strong></span> <span class='ocrx_word' id='word_1_383' title='bbox 1404 2741 1539 2782; x_wconf 58' lang='lat' dir='ltr'><strong>eluceat</strong></span> <span class='ocrx_word' id='word_1_384' title='bbox 1571 2742 1608 2776; x_wconf 80' lang='lat' dir='ltr'><strong>in</strong></span> 
     </span>
     <span class='ocr_line' id='line_1_65' title="bbox 914 2795 1526 2842; baseline 0.005 -14"><span class='ocrx_word' id='word_1_385' title='bbox 914 2803 1075 2841; x_wconf 51' lang='lat' dir='ltr'><strong>‚quatuor</strong></span> <span class='ocrx_word' id='word_1_386' title='bbox 1091 2795 1338 2842; x_wconf 82' lang='lat' dir='ltr'><strong>posterioribus</strong></span> <span class='ocrx_word' id='word_1_387' title='bbox 1356 2795 1526 2842; x_wconf 81' lang='lat' dir='ltr'><strong>Epistolis.</strong></span> 
     </span>
    </p>
   </div>
   <div class='ocr_carea' id='block_1_10' title="bbox 1310 2866 1362 2905">
    <p class='ocr_par' dir='ltr' id='par_1_14' title="bbox 1310 2866 1362 2905">
     <span class='ocr_line' id='line_1_66' title="bbox 1310 2866 1362 2905; baseline 0 0"><span class='ocrx_word' id='word_1_388' title='bbox 1310 2866 1362 2905; x_wconf 70' lang='lat'><strong>23</strong></span> 
     </span>
    </p>
   </div>
  </div>
 </body>
</html>
