1884 3112
316 253 375 310 84

775 258 1123 304 EPISTOLA
1159 261 1253 306 IV.

378 345 606 414 Purpureo
631 347 828 414 tepidum
853 349 930 414 qui
952 361 1099 398 movet
1121 370 1199 399 axe
1223 351 1374 401 diem?

1667 369 1728 403 160

313 423 535 473 Nobilitas
559 424 642 472 sub
667 443 810 472 amore
831 425 955 490 jacet.
983 425 1192 474 Miserere
1215 427 1415 493 priorum
1435 443 1447 472 :

379 501 458 558 Et,
484 499 592 547 mihi
615 499 653 547 si
675 519 768 547 non
790 500 855 549 vis
877 520 1073 568 parcere,
1099 521 1227 568 parce
1249 503 1370 551 meis.

313 576 397 624 Est
415 575 525 623 mihi
548 574 709 624 dotalis
734 575 887 636 tellus,
913 578 1031 627 Iovis
1054 578 1219 637 insula,
1247 580 1403 628 Crete:
1461 624 1463 626 .

381 652 552 701 Serviat
568 652 822 720 >Hippolyto
845 654 965 717 regia
988 665 1082 704 tota
1097 674 1211 704 meo.

315 728 462 781 Flecte
484 728 601 778 feros
625 730 806 778 animos.
833 731 989 779 Potuit
1011 750 1291 798 corrumpere
1316 744 1490 781 taurum

1668 747 1728 782 165

382 808 555 856 Mater:
573 807 658 856 eris
681 819 807 856 tauro
831 808 987 857 saevior
1008 809 1103 876 ipse
1126 809 1273 857 truci?

315 883 403 932 Per
424 884 661 942 Venerem,
683 902 860 950 parcas,
887 903 987 943 oro,
1015 903 1112 950 quae
1133 883 1323 951 plurima
1345 904 1516 934 mecum
1539 896 1630 934 est:

381 959 454 1007 Sic
477 978 726 1026 nunquam,
753 979 849 1027 quae
875 972 917 1009 te
941 979 1147 1027 spernere
1170 961 1335 1027 possit,
1361 981 1490 1010 ames.

316 1037 390 1086 Sic
413 1036 498 1084 tibi
518 1038 695 1086 secretis
715 1037 842 1101 agilis
866 1038 962 1086 Dea
984 1036 1172 1087 saltibus
1196 1037 1330 1095 adsit,

387 1113 595 1180 Silvaque
617 1114 864 1181 perdendas
884 1114 1082 1181 praebeat
1103 1113 1190 1162 alta
1211 1113 1340 1162 feras.

1670 1139 1729 1175 170

317 1189 390 1238 Sic
410 1189 584 1238 faveant
605 1191 770 1257 Satyri,
795 1202 1092 1258 montanaque
1111 1191 1294 1239 numina
1317 1191 1485 1249 Panes3

382 1267 443 1313 Et
469 1265 595 1314 cadat
617 1266 796 1314 adversa
819 1267 1000 1333 cuspide
1020 1268 1168 1315 fossus
1192 1285 1307 1332 aper.

318 1342 392 1390 Sic
416 1341 501 1390 tibi
520 1341 626 1390 dent
648 1342 864 1409 Nymphae
876 1381 888 1402 ,
915 1343 1112 1410 quamvis
1132 1342 1276 1391 odisse
1295 1341 1464 1408 puellas

383 1418 574 1477 Diceris,
601 1431 793 1468 arentem
816 1439 912 1486 quae
936 1419 1050 1469 levet
1071 1419 1190 1468 unda
1209 1419 1341 1468 sitim.

317 1596 399 1632 edit.
420 1594 586 1630 Bourdel.
614 1594 695 1630 dicit
725 1594 907 1641 AEthiopes
928 1608 993 1629 ra-

318 1646 459 1681 diorum
478 1645 587 1680 instar
618 1645 685 1679 tela
707 1645 810 1691 capiti
835 1645 992 1680 circum-

318 1698 402 1734 dare
423 1711 432 1733 τ
454 1704 490 1732 et
509 1697 577 1732 hoc
597 1697 660 1731 illis
687 1697 799 1731 vicem
822 1696 992 1742 pharetrae

316 1759 479 1801 praestare
499 1749 680 1785 Claudian.
695 1750 793 1797 Idyll.
805 1761 862 1795 1v,
881 1749 922 1783 23
932 1775 942 1794 ,
954 1749 991 1784 in

317 1805 454 1842 Nilum:
494 1836 498 1841 .

316 1866 352 1892 Et
362 1873 422 1898 gens
433 1862 582 1897 compositis
594 1863 693 1888 crinem
703 1860 806 1887 vallata
819 1860 928 1893 sagittis.

318 1921 359 1950 ut
376 1919 469 1948 recte
494 1910 660 1946 Heinsius
682 1907 830 1944 restituit
845 1921 908 1954 pro
925 1921 993 1943 ve-

317 1969 413 2007 Iata‚·
433 1962 527 2009 quod
542 1959 689 1997 verbum
704 1961 760 1995 hic
776 1967 924 2006 quatuor
933 1972 995 1995 co·-

318 2017 450 2053 dicibus
464 2015 648 2050 insederat.
678 2013 808 2048 BURM.

365 2069 437 2103 160.
456 2069 526 2110 Qui
535 2069 651 2100 movet.
669 2064 906 2100 Mentelianus
929 2076 994 2109 pro

318 2119 452 2155 diversa
460 2117 621 2162 lectione,
629 2119 736 2159 veh1·t‚·
747 2123 786 2150 ut
795 2116 831 2150 in
841 2115 962 2150 Amor.
969 2126 993 2149 1.

319 2182 389 2207 xm
401 2198 411 2216 ‚
429 2185 447 2205 2
465 2183 474 2206 ε

349 2223 431 2249 Flava
443 2221 594 2255 pruinosum
607 2229 665 2254 qum
682 2220 757 2245 vehit
766 2227 813 2244 axe
824 2219 902 2243 diem.

319 2271 411 2306 Fast.
427 2279 490 2313 111,
511 2269 600 2303 518:

348 2331 512 2363 Purpureum
525 2329 615 2362 rapido
625 2327 672 2362 qui
684 2328 756 2353 vehit
768 2335 815 2352 axe
827 2326 904 2352 diem.
917 2327 949 2352 B.

318 2396 362 2406 ·-
381 2380 451 2422 Qui
464 2381 573 2412 movet
583 2390 649 2411 axe
668 2379 765 2411 diem.
783 2377 855 2410 Pro
866 2379 988 2416 movet,

316 2430 506 2477 legendum
528 2429 756 2464 arbitrabatur
782 2427 991 2463 Wakefield

316 2488 426 2524 rotat,
446 2481 539 2527 quod
556 2481 667 2516 Statio
679 2507 689 2524 ‚
709 2493 813 2526 quam
824 2481 962 2515 Nasone
979 2504 989 2522 ,

317 2535 454 2582 dignius
468 2535 628 2570 censebat
641 2534 796 2578 Lennep.

365 2586 436 2620 163.
462 2588 530 2620 Est
549 2587 636 2620 mibi
653 2586 779 2618 dotalis
800 2585 901 2617 tellus
925 2589 990 2617 etc.

317 2636 551 2681 Tenendum,
578 2635 671 2682 quod
693 2635 735 2670 ad
758 2635 852 2670 hunc
874 2634 990 2668 locum

315 2689 409 2724 inter
430 2688 493 2722 alia
510 2696 603 2723 recte
623 2688 781 2722 observat
796 2687 989 2720 Burmann.

316 2747 455 2786 poetam
468 2766 478 2785 ‚
501 2751 625 2786 parum
649 2738 691 2772 de
710 2738 851 2773 historia
867 2737 991 2772 sollici-

1057 1601 1134 1630 tum
1146 1621 1156 1639 ,
1177 1594 1295 1629 omnia
1309 1594 1467 1629 Phaedrae
1483 1593 1656 1629 lenocinia
1670 1593 1734 1630 tri—

1055 1647 1180 1690 buisse,
1198 1646 1320 1691 quibus
1338 1645 1571 1693 Hippolytum
1580 1657 1735 1680 corrum-

1056 1711 1137 1744 pere
1151 1704 1265 1743 posset
1275 1711 1283 1738 ς
1296 1704 1331 1732 et
1340 1696 1419 1731 ideo
1428 1696 1617 1742 splendidae
1628 1697 1734 1732 etiam

1056 1753 1146 1785 dom·
1151 1749 1369 1785 mentionem
1375 1748 1504 1783 secisse.
1512 1748 1612 1793 Quin
1622 1749 1734 1784 immo

1056 1802 1134 1837 fieri
1147 1807 1300 1848 poterat,
1318 1807 1376 1844 ut,
1392 1800 1540 1835 mortuis
1548 1801 1710 1836 fratribus
1721 1827 1733 1845 ,

1057 1855 1095 1888 in
1109 1854 1240 1888 Minois
1255 1865 1406 1898 regnum
1421 1851 1570 1887 Phaedra
1583 1851 1734 1898 aliquan-

1058 1905 1104 1941 do
1127 1904 1327 1941 succederet
1344 1930 1354 1948 ,
1377 1902 1531 1949 illudque
1543 1929 1553 1948 ‚
1583 1905 1678 1949 quasi
1697 1904 1735 1939 in

1058 1957 1178 1993 dotem
1192 1983 1202 2001 ,
1217 1957 1293 1991 viro
1309 1955 1469 1990 adferret.
1484 1955 1646 1990 Lunna».

1106 2010 1176 2045 165.
1184 2008 1403 2052 Heclesems.
1410 2007 1528 2047 Ferox,
1540 2007 1734 2042 Sarravian.

1058 2061 1118 2097 sed
1126 2060 1226 2096 male.
1242 2059 1406 2095 Catalect.
1420 2058 1511 2094 Pith.
1520 2071 1552 2104 p.
1561 2058 1734 2102 46.Hecte

1057 2117 1168 2147 truces
1179 2115 1326 2152 animos,
1343 2117 1383 2145 ut
1399 2109 1521 2145 Heius.
1530 2109 1571 2143 ad
1581 2108 1734 2145 Ovid.11.

1057 2164 1145 2199 Met.
1160 2165 1236 2208 482,
1250 2163 1415 2205 cori-exin
1432 2161 1493 2196 sed
1507 2160 1734 2196 nihilominus

1057 2215 1227 2263 distichon
1239 2215 1305 2249 hoc
1318 2214 1434 2249 nescio
1451 2226 1521 2260 quo
1536 2213 1643 2248 modo
1658 2226 1733 2248 non

1057 2267 1236 2310 satisfacit,
1261 2279 1327 2301 nec
1343 2265 1525 2301 Ovidianae
1539 2277 1637 2300 venae
1660 2277 1734 2300 esse

1056 2320 1204 2363 videtur,
1222 2327 1261 2354 ut
1277 2320 1417 2354 sortasse
1434 2331 1531 2364 oeque
1550 2331 1589 2353 ac
1604 2330 1734 2364 praece-

1057 2372 1142 2407 dens
1155 2372 1197 2407 sit
1213 2373 1397 2406 intrusum.
1415 2371 1539 2416 Aptius
1550 2370 1645 2405 enim
1659 2382 1733 2403 ora-

1056 2424 1104 2458 tio
1113 2423 1358 2469 procederet,si
1366 2423 1421 2457 illa
1429 2427 1733 2458 connecterentur:

1054 2485 1089 2509 Et
1101 2483 1164 2508 mihi
1176 2484 1198 2508 si
1211 2492 1262 2508 non
1276 2483 1316 2507 vis
1331 2491 1434 2516 parcere
1444 2501 1452 2513 ,
1466 2490 1542 2515 parce
1555 2482 1630 2506 meis.

1054 2533 1104 2557 Per
1116 2533 1241 2557 Venerem
1254 2539 1342 2564 parcas
1352 2550 1361 2562 ‚
1378 2539 1423 2556 oro
1434 2536 1484 2555 etc.
1565 2530 1664 2555 Bmuff.

1054 2598 1098 2606 —-
1107 2582 1224 2615 Potuit
1234 2591 1436 2624 corrumpere
1450 2582 1577 2612 lautum
1588 2579 1731 2612 Mater...

1057 2632 1178 2677 Quam
1194 2631 1249 2677 pie
1259 2657 1269 2675 ,
1287 2644 1391 2676 quam
1406 2631 1571 2665 decenter
1586 2635 1732 2675 purten—s

1055 2692 1170 2719 tosum
1186 2683 1254 2718 hoc
1269 2682 1390 2717 matris
1403 2681 1535 2716 facinus
1549 2681 1586 2714 in
1599 2691 1731 2714 memo-

1053 2736 1144 2770 riam
1165 2735 1320 2770 revocat!
1346 2745 1451 2779 quam
1481 2738 1626 2767 venuste
1654 2731 1729 2765 im-
