1884 3112
315 226 408 289 374*

767 235 1118 283 EPISTOLA
1151 241 1263 285 XX.

371 322 545 371 A-mihi
565 326 787 391 promisso
811 346 997 395 corpore
1023 331 1129 381 toll'e
1151 353 1322 384 manus.

309 399 538 465 Improbe,
567 401 671 451 tolle
694 423 849 454 manus
870 427 880 455 z
902 427 1032 474 quam
1058 411 1223 474 tangis,
1244 425 1396 463 nostra
1417 416 1566 468 futura
1580 432 1666 477 est.

377 477 618 528 Postmodo
645 481 682 528 si
705 482 837 532 facias
860 485 1002 544 istud,
1027 487 1200 538 adulter
1220 491 1319 540 eris.

306 553 433 617 Elige
457 556 509 605 de
532 559 700 618 vacuis,
728 579 859 627 quam
879 582 972 611 non
995 564 1080 613 sibi
1104 566 1299 617 vindicet
1323 569 1455 629 alter;

373 633 422 680 Si
443 635 607 693 nescis,
632 635 861 687 dominum
882 659 951 689 res
975 641 1109 691 habet
1131 643 1215 692 ista
1239 664 1367 694 suum
1387 666 1398 695 ε

1666 665 1728 700 150

310 710 402 758 Nec
423 711 532 759 mihi
555 713 790 763 credideris
810 735 819 763 :
839 717 1047 767 recitetur
1065 720 1253 770 formula
1277 724 1418 790 pacti;

376 790 474 837 Neu
497 789 650 839 salsam
671 791 788 842 dicas
812 812 926 854 esse,
953 795 1043 846 face
1068 798 1164 864 ipsa
1183 798 1310 863 legat.

309 865 506 917 Alterius
532 869 746 929 thalamo,
774 872 857 921 tibi
878 893 987 933 nos,
1017 876 1098 924 tibi
1120 877 1306 927 dicimus
1322 917 1333 937 ‚
1359 881 1458 929 exi:

375 945 498 1008 Quid
519 946 626 995 facis
650 948 751 996 hic?
773 950 841 998 exi
861 970 871 997 :
894 970 986 999 non
1008 966 1131 1001 vacat
1149 953 1232 1003 iste
1256 966 1394 1004 torus.

305 1020 417 1068 Nam
444 1023 565 1088 quod
587 1023 726 1073 habes
750 1038 795 1074 et
813 1038 863 1075 tu
886 1028 1067 1077 thalami
1089 1031 1222 1080 verba
1243 1032 1379 1083 altera
1402 1035 1548 1101 pacti3
1665 1051 1727 1086 155

370 1099 473 1146 Non
497 1099 580 1155 erit
603 1101 767 1150 idcirco
794 1123 874 1170 par
896 1117 970 1154 tua
993 1126 1123 1156 eausa
1147 1128 1264 1158 meae.

305 1175 410 1222 Haec
433 1176 542 1223 mihi
567 1196 611 1226 se
633 1179 829 1246 pepigit3
856 1195 980 1248 pater
998 1184 1110 1233 hanc
1138 1186 1246 1244 tibi,
1271 1188 1441 1255 primus
1465 1189 1520 1238 ab
1542 1189 1643 1250 illa;

370 1252 457 1300 Sed
483 1254 673 1320 propior
696 1268 831 1316 certe,
860 1279 991 1325 quam
1015 1262 1159 1327 pater,
1183 1264 1279 1330 ipsa
1304 1265 1391 1314 sibi
1413 1277 1512 1324 est„

303 1331 515 1381 Promisit
534 1346 659 1399 pater
680 1335 816 1395 hanc;
839 1337 930 1387 haec
954 1339 1170 1405 adjuravit
1188 1343 1363 1391 amanti.

304 1452 414 1487 nostri
442 1453 536 1488 lenta
568 1455 762 1492 admodum
782 1464 817 1492 et
848 1458 983 1494 ductilis

302 1504 443 1540 facilitas
455 1507 584 1543 soi-mas
597 1522 632 1543 se
649 1523 684 1544 se
702 1510 738 1544 in
751 1504 874 1547 omnes
890 1510 983 1547 flec-

302 1564 351 1591 tat
372 1559 557 1602 versatilis,
584 1574 623 1595 ea
640 1569 758 1597 tamen
780 1570 853 1607 est,
876 1576 982 1608 quam

302 1624 442 1656 semper
452 1613 613 1648 eamdem
622 1614 862 1660 deprehendas
871 1611 983 1662 {qua-

303 1663 486 1708 lecumque
500 1665 542 1699 sit
554 1665 647 1710 quod
660 1673 783 1701 tractat
798 1671 981 1713 argumen-

303 1722 379 1750 tum
395 1743 403 1760 ,
428 1717 482 1751 vel
499 1731 646 1763 persona
663 1724 767 1764 quain
783 1720 917 1755 inducit
928 1721 982 1755 lo·-

305 1776 482 1813 quentem.
499 1770 590 1814 Quis
601 1771 695 1805 enim
706 1778 788 1806 vero
798 1773 978 1816 Medeam,

304 1821 486 1856 Ariadnen
497 1848 506 1865 ‚
524 1823 704 1858 Didonem
717 1829 781 1859 et'e.
796 1851 805 1868 ‚
822 1826 980 1870 ejusdem

303 1875 440 1910 familiae
459 1888 594 1910 sorores
613 1874 808 1926 fuisse-non
825 1876 980 1925 arbitr-ef

305 1937 385 1973 tur,
419 1935 477 1963 aut
505 1929 619 1975 potius
642 1930 862 1965 mulierculas
877 1926 979 1966 Ὀνί-

303 1981 414 2015 dianae
425 1981 515 2016 aetati
524 1976 732 2026 coaequales'?
742 1983 837 2018 Raro
845 1990 977 2028 tamen,

303 2046 347 2068 ne
371 2046 554 2078 nunquam
580 2033 748 2078 dixerim,
776 2031 900 2070 inillas
919 2049 981 2070 ex—

300 2086 410 2121 currit
418 2086 582 2132 argutias,
602 2099 678 2131 quae
688 2087 868 2133 ingenium
882 2114 891 2131 ,
909 2101 978 2133 quo

303 2138 449 2172 mirifice
499 2138 696 2173 abundabat
733 2136 980 2184 'sophistarum

303 2198 402 2234 aetas,
424 2192 638 2236 arguerent,
664 2196 699 2225 et
715 2198 855 2236 poetam
877 2192 980 2227 simul

305 2242 434 2277 ovidio
458 2243 561 2288 longe
592 2243 831 2288 posteriorem.
870 2244 977 2279 Unde

303 2307 377 2329 non
409 2295 456 2329 ita
491 2308 575 2329 vero
608 2295 758 2330 absimile
790 2295 942 2340 judicem
965 2323 975 2340 ,

302 2347 432 2381 Nostro
466 2347 607 2392 quidem
639 2355 886 2393 argumentum
910 2348 976 2384 hoc

297 2399 452 2434 arrisisse
462 2426 471 2442 ,
489 2399 548 2433 sed
566 2400 725 2444 quaedam
739 2406 877 2434 tantum
891 2414 975 2446 prae-

299 2450 415 2485 lusisse
425 2477 434 2494 ‚
454 2464 529 2496 quae
544 2478 552 2494 ,
566 2465 674 2496 quum
685 2452 727 2486 ad
744 2460 897 2498 posteros
912 2453 974 2487 im-

300 2503 452 2547 perfecta
482 2504 718 2548 pervenissent
743 2531 752 2548 ‚
806 2504 972 2550 perficere

300 2555 443 2600 quisque
460 2581 469 2600 ‚
493 2569 556 2601 pro
578 2569 641 2591 suo
662 2557 804 2603 ingenio
819 2584 828 2601 ,
855 2564 890 2592 et
909 2570 948 2592 ea
962 2584 971 2601 ‚

301 2619 368 2650 qua
394 2607 550 2651 vivebat,
583 2615 681 2642 aetate
697 2635 706 2652 ,
738 2615 881 2646 conatus
911 2616 972 2643 est.

291 2658 386 2692 „Inde
409 2659 464 2693 illa
482 2654 621 2695 'dicendi
643 2661 886 2706 sentiendique
903 2674 970 2695 va-

296 2710 412 2754 rietas,
426 2724 501 2756 quae
508 2713 562 2746 vel
570 2713 808 2758 imprudentes
817 2711 970 2747 offendat

296 2774 434 2798 necesse
452 2770 553 2808 est,et
566 2765 683 2810 peritis
699 2765 803 2800 bilem
822 2771 969 2800 moveat.

1096 1462 1167 1495 151.
1189 1463 1262 1497 Nec
1283 1464 1570 1500 mihicredidenzt.
1599 1463 1697 1501 Malo
1712 1490 1722 1510 ‚

1047 1513 1102 1546 Ne
1125 1515 1232 1548 mihi:
1249 1527 1333 1550 nam
1348 1514 1478 1550 inuno
1497 1516 1609 1563 Regio
1627 1523 1722 1565 erat,

1047 1565 1104 1599 Ni.
1123 1565 1255 1601 Hssms.
1592 1571 1594 1573 ’

1095 1617 1165 1650 ι53.
1196 1619 1277 1651 Tibi
1289 1631 1371 1659 nos,
1396 1622 1464 1654 tibi
1473 1616 1635 1655 ‹h‘cfflusy
1645 1618 1723 1659 Ete-

1048 1679 1131 1711 gans
1148 1675 1183 1702 et
1195 1668 1359 1704 solemnis
1376 1670 1622 1717 increpationis
1636 1665 1723 1721 gra-

1046 1719 1191 1754 vissimae
1206 1722 1355 1756 formula
1367 1749 1377 1766 ‚
1393 1733 1432 1757 lx
1443 1748 1453 1766 ,
1474 1724 1621 1758 Metam.
1638 1737 1698 1759 122
1713 1735 1723 1758 ε

1308 1797 1340 1807 ...
1354 1782 1414 1807 'ribi
1422 1801 1431 1814 ‚
1443 1783 1526 1808 Nesse
1537 1783 1655 1809 biformis
1663 1802 1672 1815 ,

1045 1828 1179 1854 Dicimus:
1189 1830 1298 1861 exaudi,
1311 1819 1358 1856 nec
1370 1840 1410 1855 res
1422 1819 1547 1866 intercine
1559 1830 1670 1859 nostrin.

1045 1877 1140 1911 Male
1158 1876 1214 1912 hic
1230 1877 1404 1915 Juniahus
1416 1892 1427 1914 :
1441 1883 1500 1915 vel
1510 1893 1572 1915 nos
1588 1881 1656 1916 tibi
1666 1882 1722 1916 di—

1044 1931 1149 1963 cimus
1157 1933 1222 1963 exi.
1235 1930 1374 1976 Sequen
1381 1932 1404 1966 ti
1415 1938 1516 1969 ver'su
1526 1932 1628 1968 multi
1637 1932 1721 1968 editi

1045 1987 1080 2015 et
1095 1981 1227 2027 scripti,
1241 1985 1323 2027 quid
1319 1984 1419 2028 sacis
1429 1985 1448 2018 ?
1461 1986 1541 2019 binc
1554 1988 1620 2020 exi.
1684 1979 1687 1983 ἢ

1091 2035 1162 2067 155.
1192 2036 1242 2068 Et
1261 2039 1298 2069 lu
1319 2037 1466 2070 thalami
1484 2039 1588 2071 verba
1610 2039 1720 2071 alteru

1037 2088 1143 2128 pacti.
1157 2085 1215 2121 Sic
1233 2087 1370 2122 Frane.:
1387 2082 1461 2131 alii‘,
1472 2093 1510 2137 et
1522 2092 1559 2123 tu
1573 2090 1719 2134 humani.

1044 2137 1243 2186 -Sensusst
1257 2139 1363 2174 credo
1375 2151 1382 2173 :
1394 2140 1584 2175 thalamum
1596 2143 1716 2183 habes,
1746 2163 1747 2166 =

1044 2202 1149 2234 quem
1173 2191 1319 2236 propriis
1335 2192 1405 2237 ipsa
1421 2187 1535 2241 perbis·
1551 2193 1605 2227 alii
1627 2189 1718 2241 pro«-⁴

1043 2242 1144 2276 misit.
1162 2243 1219 2277 Sic
1235 2244 1330 2277 enim
1347 2245 1444 2289 capi'o
1457 2247 1568 2279 altera
1583 2248 1699 2280 verbu.¹

1089 2295 1159 2327 156.
1189 2296 1266 2329 Non
1284 2299 1350 2330 erit
1369 2298 1503 2330 tila-imo}
1529 2296 1718 2344 Eleganter

1042 2346 1201 2382 Francos.
1212 2375 1220 2391 ,
1241 2350 1316 2383 Non
1325 2348 1442 2383 venit-'¹
1457 2356 1496 2384 ut
1508 2361 1596 2396 saepe
1611 2346 1716 2385 Ovid.

1087 2400 1158 2434 158.
1181 2402 1251 2435 Sed
1255 2405 1397 2445 propior.
1411 2400 1615 2446 Elpmpt‘ttr,
1638 2415 1716 2439 ma-

1038 2450 1130 2486 lebat
1146 2453 1322 2488 Francius.
1348 2447 1419 2488 Se'd
1424 2457 1522 2498 prior
1534 2457 1588 2489 est
1600 2458 1690 2489 certe
1701 2480 1713 2499 ,

1039 2504 1171 2541 Moreti
1189 2500 1285 2540 liber.

1085 2559 1155 2605 159.
1177 2559 1262 2592 Hoec
1275 2562 1317 2592 ‘et
1321 2558 1456 2602 juravi!
1466 2561 1605 2594 amanli-
1632 2558 1712 2595 Re-

1037 2608 1132 2652 gius,
1160 2612 1226 2644 sed
1241 2615 1278 2644 et
1297 2613 1368 2645 ᾗσι·
1384 2621 1394 2642 ι’
1414 2618 1552 2657 praestat
1568 2618 1685 2645 tamen
1698 2636 1709 2654 ,

1037 2661 1130 2705 quod
1155 2662 1324 2696 editiones
1341 2659 1526 2699 nonnullas
1545 2663 1687 2707 occupat
1699 2688 1708 2705 ‚

1034 2715 1212 2759 adjuravit.
1233 2715 1360 2749 Noster
1377 2715 1522 2749 Metam.
1537 2724 1603 2757 111,
1623 2714 1708 2760 659:

1034 2770 1083 2794 Per
1091 2767 1211 2794 tibinuuc
1223 2770 1307 2803 ipsum
1316 2788 1323 2801 ,
1335 2776 1417 2803 neque
1425 2769 1493 2794 enim
1506 2768 1654 2802 praesentior
1664 2768 1708 2793 illo
