1884 3112
594 379 1219 470 PRAEFATIO.

855 756 1089 805 prospicienti
1103 754 1215 791 finem
1235 753 1323 790 mihi
1339 752 1570 789 constitutum
1586 758 1638 788 est

895 818 951 855 vel
966 818 1116 854 deficere
1134 816 1268 863 potius,
1287 828 1394 861 quam
1411 813 1607 860 desperare.

1115 878 1299 924 Quum-11..
1318 886 1391 920 κη,
1412 877 1544 912 Procm.

213 1134 437 1208 Vnum
452 1158 599 1208 animo
620 1157 783 1223 fingas,
803 1157 997 1207 Laeron
1014 1163 1378 1211 nummissnm
1405 1150 1484 1228 qui
1515 1161 1638 1199 totus

210 1244 259 1293 in
289 1246 567 1313 perlegendis
603 1248 822 1296 viatorum
853 1245 1067 1295 mirandis
1097 1241 1475 1299 enarrationibus,
1503 1251 1549 1288 et
1575 1250 1645 1286 tot

212 1345 422 1403 tantaque
440 1355 586 1385 rerum
604 1334 814 1385 miracula
833 1334 1031 1402 propriis
1057 1331 1199 1382 oculis
1220 1328 1456 1380 hauriendi
1477 1326 1646 1395 cupidi-

214 1433 301 1472 tate
320 1423 564 1483 abductuS,
582 1435 738 1473 astuat
760 1423 894 1472 miser
907 1460 920 1482 ,
950 1421 1198 1486 angustiori
1219 1421 1267 1468 in
1287 1420 1396 1469 orbe
1422 1418 1645 1485 captime,

215 1492 295 1577 (pai
322 1508 464 1560 millia
491 1522 664 1561 tantum
694 1511 868 1578 aliquot
896 1511 985 1578 ipsi
1016 1510 1152 1559 tradit
1179 1508 1467 1577 peragranda.
1520 1505 1648 1556 Nihil

209 1597 299 1663 jam
343 1616 520 1666 crepare
562 1612 718 1649 noster
734 1638 746 1658 ‚
788 1600 876 1648 nisi
917 1599 1188 1667 longinquas
1235 1592 1616 1665 peregrinationes
1637 1614 1649 1643 ε

211 1685 355 1736 ridere
390 1698 581 1737 terrores
607 1689 803 1737 marinos
819 1727 831 1747 ‚
865 1687 1064 1756 pericula
1079 1725 1091 1747 ,
1125 1686 1337 1754 scopulos
1351 1723 1364 1744 ,
1402 1697 1566 1752 syrtes,
1604 1696 1648 1732 et

213 1793 502 1843 quaecumque
526 1778 839 1841 navigantibus
858 1778 1111 1840 imminent3
1137 1796 1218 1825 nec
1236 1776 1299 1824 ita
1318 1773 1652 1823 formidandum

212 1862 280 1911 illi
297 1863 363 1913 vel
380 1864 529 1932 ipsum
550 1867 852 1931 naufragium,
888 1879 941 1915 ut
962 1886 1056 1915 non
1079 1865 1210 1914 tacita
1228 1875 1375 1913 mente
1400 1862 1496 1911 fieri
1521 1861 1650 1919 velit,

214 1952 352 2001 modo
381 1967 606 2021 superstes
636 1954 876 2022 aliiJuando
902 1966 1062 2003 narret.
1097 1953 1223 2018 Quid
1248 1951 1417 2019 plura?
1452 1962 1650 2018 optatam

215 2040 395 2090 tandem
417 2043 620 2109 cymbam
643 2043 816 2091 scandit
838 2043 968 2102 levis3
994 2062 1075 2091 nec
1097 2042 1224 2108 prius
1246 2040 1452 2089 reducem
1475 2058 1624 2106 speres
1638 2076 1650 2098 ‚

217 2147 349 2195 quam
367 2148 492 2178 suam
511 2150 692 2198 quoque
711 2131 897 2198 antiquo
915 2130 1017 2179 orbi
1036 2130 1265 2195 regionem
1286 2128 1516 2178 addiderit.
1529 2129 1652 2176 Voto

218 2217 387 2266 tardius
411 2218 547 2268 urbes
579 2219 774 2285 primum
792 2258 804 2278 ‚
840 2232 886 2269 et
912 2231 1072 2287 portus
1093 2217 1329 2276 recedunt3
1360 2228 1404 2266 et
1427 2228 1653 2265 morantes

217 2305 407 2354 nimium
440 2319 597 2370 ventos
634 2308 883 2374 increpitat.
943 2308 1033 2357 Sed
1063 2327 1169 2356 mox
1201 2307 1250 2355 in
1277 2306 1450 2374 patenti
1489 2324 1654 2354 oceano

220 2393 650 2462 deprensus-squam
672 2395 787 2444 nihil
807 2396 899 2461 jam
922 2408 1021 2444 ante
1047 2395 1203 2444 oculos
1216 2433 1229 2454 ,
1255 2395 1337 2444 nisi
1340 2405 1495 2461 pontus
1510 2404 1552 2442 et
1567 2412 1650 2450 aer,

220 2483 345 2550 quod
364 2484 608 2550 susceperit
620 2502 773 2551 aequor
792 2484 1028 2543 arandum,
1050 2485 1184 2551 coepit
1203 2485 1366 2533 sensim
1386 2483 1654 2546 intelligere,

221 2572 407 2621 omnino
429 2571 614 2631 dubius,
641 2592 730 2639 quo
753 2573 935 2622 numine
951 2572 1021 2621 vel
1043 2572 1098 2620 ad
1114 2572 1318 2621 relictum
1336 2572 1495 2631 modo,
1515 2571 1584 2620 vel
1603 2571 1658 2619 ad

222 2661 413 2728 petitum
437 2661 546 2710 litus
570 2662 629 2710 sit
649 2660 837 2729 posthac
860 2660 1141 2729 adpulsums.
1175 2660 1316 2725 Quod
1340 2660 1378 2710 si
1401 2660 1515 2709 forte
1543 2660 1659 2708 inter
1721 2716 1725 2719 ,

223 2749 418 2801 eundum
434 2751 596 2801 oborta
613 2762 848 2818 tempestas
866 2750 1104 2815 ingruerit,
1123 2768 1220 2817 quae
1234 2770 1387 2801 navem
1405 2762 1449 2799 et
1463 2761 1658 2799 vectores
