1884 3112
413 267 794 313 LAODAMIA
834 267 1321 314 PROTESILAO.
1488 271 1576 331 239

215 359 357 426 Inque
380 360 484 427 pios
507 360 697 410 dominae
719 379 851 428 posse
875 361 1019 410 redire
1041 362 1179 411 sinus.

151 436 342 496 Parcite,
367 438 654 497 Dardanfflae,
680 439 735 488 de
759 450 852 498 tot,
878 458 1062 506 precor,
1085 440 1293 490 hostib'us
1315 441 1395 489 uni
1414 461 1425 489 :

192 557 195 560 Α
216 516 285 565 Nc
309 534 435 565 meus
458 536 511 566 ex
529 515 608 565 illo
633 535 820 584 corpore
842 518 1023 581 sanguis
1041 530 1123 567 eat.
1536 535 1580 569 80

113 605 115 607 ’
152 594 259 642 Νο11
281 605 369 653 est,
396 613 529 662 quem
549 594 700 644 deceat
719 594 843 643 nudo
867 614 1126 645 concurrere
1149 596 1288 656 ferro,

218 671 429 738 Saevaque
450 672 499 720 in
523 672 757 739 oppositos
782 683 962 739 pectora
982 672 1096 721 ferre
1117 673 1250 721 viros.

152 750 333 799 Fortius
354 749 428 800 ille
451 762 601 818 potest
621 749 788 808 multo,
814 750 892 816 qui
914 761 1088 817 pugnat
1110 769 1272 799 amore.

217 827 344 877 Bella
365 839 520 891 gerant
539 827 642 885 alii;
665 826 938 876 Protesilaus
963 839 1090 876 amet.

152 908 304 966 Nunc,
328 906 492 965 fateor,
512 905 632 954 volui
656 924 883 962 revocare3
909 905 1171 972 animusque
1194 905 1393 958 ferebat:
1541 918 1584 953 85

220 983 435 1035 Substitit
455 983 643 1051 auspicii
666 983 821 1046 lingua
844 983 1002 1031 timore
1025 981 1142 1030 mali.

155 1062 312 1127 Quum
332 1061 507 1111 foribus
530 1060 665 1111 velles
690 1060 746 1109 ad
767 1060 949 1125 Trojam
973 1059 1088 1108 exire
1111 1059 1331 1126 paternis,

221 1140 308 1189 Pes
331 1151 436 1189 tuus
461 1138 634 1189 offenso
658 1137 810 1186 limine
835 1137 963 1200 signa
986 1135 1134 1185 dedit:

156 1218 222 1266 Ut
243 1217 355 1276 vidi,
380 1217 600 1281 ingemui;
627 1216 849 1283 tacitoque
872 1214 920 1262 in
942 1225 1122 1281 pectore
1147 1213 1267 1268 dixi:

208 1294 364 1363 Signa
383 1295 602 1344 reversuri
626 1294 735 1352 sint,
761 1312 942 1361 precor,
968 1292 1054 1340 ista
1075 1291 1178 1339 viri!
1544 1317 1589 1352 9⁰

160 1371 266 1420 Haec
290 1372 375 1420 tibi
397 1391 518 1421 nunc
540 1371 682 1421 refero
698 1409 710 1430 ‚
735 1390 790 1419 ne
816 1371 876 1419 sis
903 1369 1129 1418 animosus
1153 1369 1201 1416 in
1225 1368 1356 1418 armis
1375 1386 1385 1416 :

225 1451 314 1500 Fac
336 1469 463 1500 meus
486 1451 534 1499 in
556 1462 714 1499 ventos
737 1449 811 1498 hic
835 1447 1140 1521 timorxomnis
1165 1459 1247 1497 eat.

158 1599 263 1637 serat,
275 1598 375 1639 puto,
389 1591 551 1635 Ovidius,
570 1584 685 1626 Causa
696 1594 760 1625 tue
771 1592 846 1625 dtu·-

153 1659 226 1691 par
245 1658 256 1680 .-
276 1656 361 1679 nam
393 1647 438 1680 'rb
462 1647 519 1678 est
547 1643 643 1678 abest
664 1656 684 1678 a
708 1642 845 1678 duobus

158 1697 304 1744 scriptis.
329 1696 485 1743 Epistoia
503 1697 666 1739 Aconfii,
689 1696 770 1731 156:

190 1753 315 1790 Non-erit
325 1752 422 1778 idcirco
440 1760 487 1785 pur
500 1757 548 1777 tun
560 1760 638 1776 enus:
651 1761 722 1777 mee.
735 1753 842 1777 Hmns.

158 1801 256 1839 Nihil
272 1808 392 1844 muto;
409 1801 489 1836 alibi
505 1800 603 1836 enim
617 1814 626 1837 z

159 1857 258 1884 ctum
270 1865 327 1882 nen
337 1862 377 1882 est
386 1857 488 1883 melior.
588 1858 692 1884 Turn.
705 1865 731 1884 11
740 1877 748 1889 ,
768 1859 810 1884 51.

203 1905 258 1941 83.
276 1907 411 1941 Fortius
428 1908 488 1941 ille
505 1911 642 1951 potest,
668 1910 773 1942 multo
790 1910 851 1953 qui

156 1961 291 2003 pugnat
301 1971 423 1994 amone.
446 1960 648 2005 Cut’pugnat
662 1973 754 1995 unus
770 1961 846 1995 Va-

162 2011 307 2046 ticanus.
323 2013 431 2056 Quam
437 2016 572 2057 pugnat
581 2025 696 2047 amare
713 2014 845 2048 Putea—

162 2075 263 2099 neus.
279 2063 400 2099 Scribe
415 2090 426 2109 ,
452 2077 550 2110 quum
570 2069 704 2110 pugnat
725 2078 847 2099 amore.

164 2115 287 2163 Pergit
297 2115 342 2151 de
354 2116 548 2152 Protesilao
560 2116 665 2163 loqui.
679 2117 851 2163 Sequenti

163 2180 290 2212 versu,
317 2170 546 2209 Protesilao-5,
567 2170 780 2204 Puteaneus.
802 2170 851 2204 H.

167 2219 279 2256 Recte
297 2220 487 2265 Heinsius;
511 2221 579 2257 nisi
603 2222 693 2258 sorte
722 2221 852 2268 legen-

168 2272 256 2308 dum
270 2273 334 2308 sit:

167 2331 275 2358 Forum
285 2331 329 2356 ine
338 2330 402 2357 snit
412 2333 507 2365 multo,
515 2342 599 2367 quum
605 2338 702 2366 pugnat
708 2341 804 2358 amore.
818 2333 851 2359 B.

168 2399 215 2407 —
229 2380 349 2416 Nescit
372 2381 531 2428 Lennep.
555 2394 600 2416 an
624 2394 697 2416 11011
722 2382 854 2428 praese-

170 2434 283 2470 reuda
298 2434 401 2470 lectio
423 2434 549 2470 codicis
571 2435 762 2479 Puteanei,
778 2437 856 2470 fibr-

171 2490 241 2522 tius
254 2489 314 2522 ille
323 2490 442 2531 potest
451 2489 571 2528 multo,
589 2500 687 2532 quam
702 2491 853 2532 pugnat,

170 2551 307 2582 amam
328 2552 405 2584 quae
417 2538 562 2585 quidem
572 2540 740 2586 probatur
749 2539 856 2575 etiam

172 2594 249 2628 viro
265 2592 369 2628 docto
379 2619 388 2637 ,
407 2593 443 2627 iu
460 2592 607 2633 Miscell.
621 2591 707 2628 Obs.
721 2593 789 2627 vol.
804 2604 854 2638 11,

171 2653 199 2681 t.
213 2656 248 2689 1,
271 2659 304 2691 p.
320 2645 372 2680 23.
397 2644 469 2681 Sed
487 2658 746 2691 quamcumque
767 2658 857 2680 sen-

173 2698 323 2734 tentiam
340 2705 400 2733 aut
415 2698 603 2733 lectionem
620 2698 855 2744 ampiectaris,

174 2748 381 2786 detrimenti
406 2750 495 2785 nihil
515 2764 635 2786 sensus
651 2751 783 2797 capiet,
799 2751 859 2796 qui

176 2814 241 2848 per
260 2816 296 2839 se
313 2803 394 2838 satis
408 2829 419 2848 ,
441 2816 482 2840 ex
498 2803 805 2848 antecedentibus,
824 2810 860 2840 et

910 1602 1003 1637 pone
1027 1589 1252 1636 sequentibus
1263 1616 1272 1633 ‚
1304 1596 1442 1636 apertus
1468 1589 1591 1625 elucet.

911 1642 1041 1679 Omnis
1057 1643 1095 1678 iu
1119 1642 1187 1678 hoc
1207 1643 1406 1678 Laodamiae
1433 1656 1534 1678 mens
1556 1650 1595 1678 et

909 1695 1085 1731 sententia
1101 1708 1110 1730 t
1125 1697 1228 1730 Bella
1240 1700 1363 1741 gerant
1370 1698 1461 1731 alii:
1477 1698 1592 1731 Pmte-

908 1750 1017 1783 silaus
1035 1752 1137 1782 amet.

953 1800 1346 1846 85.Huncfateorvolui.
1356 1802 1464 1844 Nunc,
1474 1799 1593 1847 scripti

911 1863 1045 1886 omues.
1060 1851 1149 1887 Met.
1169 1863 1258 1896 x111,
1283 1853 1366 1898 189:

910 1910 990 1936 Nunc
1002 1912 1223 1944 equidemfnteor,
1228 1911 1348 1946 fassoque
1355 1912 1468 1945 ignoscat
1475 1911 1595 1944 Atrides,

909 1959 1051 1986 Difficilem
1065 1962 1136 1986 tenui
1150 1961 1200 1986 sub
1213 1962 1304 1995 iniquo
1316 1962 1404 1995 judice
1420 1970 1534 1987 eausam.
1555 1963 1594 1987 H.

949 2009 1002 2056 89.
1017 2011 1154 2052 Utvidi,
1164 2013 1319 2055 ingemui.
1333 2010 1402 2045 Sex
1409 2009 1539 2056 scripti,
1548 2010 1599 2043 Ut

914 2063 992 2096 vide·
1000 2066 1136 2106 gemui:
1151 2075 1243 2097 unus
1258 2063 1457 2098 Patavinus.
1468 2064 1519 2097 Et
1526 2064 1604 2097 vidi

915 2119 953 2151 e!
965 2118 1086 2160 gemui.
1102 2115 1195 2162 Lege
1216 2116 1265 2149 Ut
1270 2117 1355 2159 vidi,
1370 2119 1410 2149 ut
1413 2118 1533 2160 gemui.
1548 2115 1597 2150 H.

960 2180 1016 2216 9⁰·
1028 2170 1217 2203 Rcversuri.
1229 2167 1408 2202 Palatinus
1420 2180 1528 2211 unus,
1545 2180 1600 2202 re-

916 2224 1048 2256 cursuri
1056 2232 1068 2263 ‚·
1095 2219 1191 2267 quod
1213 2220 1372 2266 probavit
1389 2219 1599 2255 Gebhardus

918 2273 961 2308 ad
977 2273 1092 2308 Tibul.
1108 2285 1122 2308 1
1134 2300 1143 2318 ,
1160 2283 1207 2308 111
1219 2299 1229 2318 ‚
1246 2285 1290 2307 20
1302 2300 1311 2317 ‚
1330 2280 1366 2308 et
1380 2285 1454 2307 non
1469 2273 1599 2307 imme-

917 2327 987 2361 rito
1005 2339 1013 2362 :
1029 2325 1073 2361 de
1088 2324 1330 2372 navigantibus
1343 2325 1440 2360 enirn
1450 2325 1516 2360 hoc
1526 2338 1601 2360 ver-

918 2379 1006 2414 bum
1026 2378 1165 2425 proprie
1190 2385 1226 2413 et
1252 2378 1430 2425 eleganter
1448 2378 1574 2413 dicitur
1590 2392 1602 2421 ς

920 2439 957 2468 et
974 2435 1136 2466 reversuri
1147 2445 1165 2466 a
1180 2430 1374 2478 glossatoris
1389 2444 1497 2465 manu
1511 2444 1604 2477 pro-

919 2485 1053 2519 sectum
1070 2490 1131 2519 est.
1149 2483 1258 2530 Epist.
1278 2494 1339 2528 vi,
1362 2497 1402 2531 ¹9
1417 2496 1425 2518 ι

921 2545 1067 2571 Λῦιιηῑιοι·
1086 2544 1258 2579 Hypsipy105
1271 2544 1317 2569 sed
1328 2563 1336 2575 ‚
1357 2543 1418 2569 dent
1438 2543 1514 2569 modo
1535 2543 1589 2570 sala

1016 2604 1134 2620 recursus
1139 2613 1148 2626 ,

956 2644 1006 2670 Vir
1016 2649 1078 2669 tuus
1087 2643 1148 2668 h'me
1159 2643 1223 2668 abeo
1230 2663 1238 2674 ,
1250 2643 1291 2668 vir
1300 2643 1348 2668 tibi
1359 2651 1460 2676 semper
1469 2653 1521 2669 ero.
1537 2645 1568 2669 B.

968 2707 1021 2742 92.
1044 2694 1114 2728 Fac
1129 2706 1230 2728 meus.
1246 2693 1288 2728 In
1307 2692 1422 2728 Vossii
1440 2694 1607 2740 excerptis

925 2754 1001 2781 erat
1016 2759 1023 2780 :

958 2808 1053 2833 Irritus
1066 2808 1092 2833 in
1106 2813 1197 2836 ventos
1210 2807 1250 2832 snr-
1262 2807 1340 2833 timor
1351 2807 1435 2833 omnis
1448 2813 1497 2833 eat.
