1884 3112
349 276 431 338 ¹74

793 279 1163 326 EPISTOLA
1198 285 1290 327 IX.

338 371 400 416 At
422 387 513 416 non
536 367 607 416 ille
629 368 751 428 velit,
779 370 849 417 cui
869 389 980 428 nox,
1007 372 1045 419 si
1065 373 1275 431 creditur,
1301 393 1390 424 una

401 447 503 494 Non
527 446 656 503 tanti,
682 457 734 493 ut
755 458 904 495 tantus
928 449 1229 515 conciperem,
1246 450 1352 499 fuit.
1703 480 1742 503 ιο

338 521 442 570 Plus
467 523 570 579 tibi,
598 541 728 587 quam
751 523 887 581 Iuno,
912 526 1064 573 nocuit
1088 527 1238 575 Venus
1257 526 1358 575 :illa
1379 529 1616 593 premendo

399 597 616 646 Sustulit:
642 598 736 647 haec
759 599 915 647 humili
941 601 1024 649 sub
1049 600 1160 667 pede
1184 601 1297 650 colla
1320 611 1450 651 tenet.

336 674 522 740 Respice
546 674 792 723 vindicibus
817 688 1019 742 pacatum
1042 678 1211 726 viribus
1236 679 1408 736 orbem,

400 752 502 814 Qua
525 751 656 800 latam
678 754 847 801 Nereus
871 753 1054 803 caerulus
1079 755 1431 804 ambithumum.

333 829 389 877 Se
414 829 496 877 tibi
519 848 605 895 pax
629 841 773 887 terrae,
800 829 885 886 tibi
908 849 953 878 se
977 842 1072 878 tuta
1095 849 1273 897 aequora
1290 832 1482 881 debent:
1702 849 1741 883 15

398 904 595 971 Implesti
617 905 784 953 meritis
809 905 928 954 Solis
950 918 1179 973 utramque
1206 908 1398 957 domum.

334 981 471 1044 Quod
495 993 535 1029 te
559 980 750 1029 laturum
774 993 861 1040 est,
887 981 1039 1031 caelum
1061 984 1185 1049 prior
1208 985 1302 1050 ipse
1327 985 1499 1034 tulisti:

330 1114 405 1143 tuae.
440 1108 594 1143 Laetetur
624 1110 648 1144 J
651 1123 721 1144 uno
733 1137 743 1154 ‚
772 1109 866 1156 quod
891 1110 1006 1144 labem

330 1160 417 1195 adeo
434 1167 574 1206 turpem
593 1161 671 1203 vitae
693 1162 816 1207 prioris
832 1160 1007 1207 splendori

328 1212 420 1247 ultro
436 1212 607 1247 inusseris.

374 1278 404 1312 9.
423 1265 488 1298 Cui
497 1277 576 1307 nox,
591 1267 627 1298 si
633 1266 781 1299 creditur
787 1278 855 1299 una
865 1271 929 1300 etc.
938 1264 963 1299 J
964 1278 1007 1299 u-

330 1316 437 1362 piter,
462 1316 623 1351 Herculis
643 1322 740 1361 pater
757 1329 798 1350 ex
812 1316 1004 1358 Alcmene3

330 1369 343 1411 (
351 1374 434 1402 nota
445 1367 558 1402 sabula
569 1369 581 1410 )
594 1382 603 1410 ;
620 1368 675 1402 cui
686 1394 695 1411 ‚
719 1367 811 1413 quod
828 1367 931 1403 datur
943 1368 1005 1403 uni

329 1426 468 1453 tantum
484 1419 579 1453 nocti
590 1445 599 1463 ,
621 1420 771 1464 spatium
780 1419 948 1465 inaequale
958 1420 1006 1454 vi-

330 1485 407 1506 sum
424 1478 494 1515 est,
527 1483 596 1516 quo
611 1471 665 1505 vir
684 1475 818 1515 tantus,
835 1471 1004 1506 Hercules

329 1524 398 1558 scil.
408 1530 658 1569 procrearetur.
670 1524 792 1558 Unam
803 1523 910 1569 igitur
920 1536 938 1558 e
951 1537 1005 1569 ge-

329 1575 432 1610 minis
452 1582 595 1609 noctem
622 1575 736 1609 effecit
749 1601 758 1619 ‚
785 1587 854 1619 quo
877 1574 1004 1610 diutius

329 1640 410 1661 cum
425 1627 592 1662 Alcmene
605 1633 892 1661 commoraretur.
909 1627 1004 1662 Hinc

328 1678 439 1713 dictus
459 1678 628 1713 Hercules
646 1679 779 1723 ὄψίγονος
793 1704 803 1721 ,
819 1691 838 1712 a
854 1677 1002 1713 Theocr.

329 1729 417 1777 Idyl.
434 1741 534 1773 XXIV,
550 1730 609 1772 313
628 1735 663 1764 et
676 1731 866 1779 τριέσπεροσ,
890 1742 910 1763 a
924 1729 1002 1777 Ly·-

326 1782 444 1828 cophr.
460 1782 497 1816 in
511 1780 716 1816 Cassandra.

372 1847 422 1868 10.
444 1835 520 1868 Non
537 1837 633 1866 tanti.
649 1831 934 1878 Sligtenhorstius
961 1846 1002 1867 ex

329 1885 461 1931 scriptis
479 1885 574 1919 libris
594 1884 728 1929 legebat
744 1897 752 1919 :

356 1946 417 1972 Non
430 1946 492 1970 satis
505 1964 513 1976 ‚
532 1950 561 1969 ut
571 1950 658 1969 tantus
672 1944 849 1977 coneiperere,
862 1943 922 1969 suit.

327 1996 444 2039 Atque
473 1993 521 2027 ita
555 1992 673 2026 minor
708 1991 856 2039 Gryphii
885 1991 1001 2026 editio.

326 2047 460 2081 Hnms.
486 2045 530 2079 In
554 2043 686 2079 Moreti
707 2042 823 2078 codice
839 2049 891 2077 est
901 2070 911 2087 ,
935 2056 1001 2078 non

324 2103 440 2139 tanta,
471 2101 510 2131 ut
526 2100 662 2138 tantun
681 2097 770 2130 sorte
790 2095 891 2129 bene.

371 2150 419 2184 13.
441 2150 587 2193 Respice
602 2149 790 2182 vindicibus
806 2153 869 2181 etc.
882 2146 1000 2182 Acce-

324 2201 375 2236 dit
397 2200 538 2246 propior
565 2199 609 2234 ad
636 2199 855 2244 majestatem
881 2198 1001 2244 Virgi-

321 2252 451 2287 lianam
463 2278 474 2297 ,
501 2251 573 2286 Ecl.
590 2262 629 2286 lv
643 2277 653 2294 ‚
677 2265 714 2296 17
730 2263 738 2285 τ

320 2313 495 2346 Pacatumque
507 2316 577 2344 reget
589 2310 679 2343 patriis
690 2309 833 2335 virtutibus
842 2309 940 2335 orbem.

372 2363 421 2404 14.
449 2363 534 2404 Qua.
551 2359 592 2394 Id
607 2366 681 2402 est,
696 2361 763 2393 ubi.
785 2357 889 2394 C10F.

371 2416 420 2447 15.
434 2413 476 2446 Se
485 2414 622 2456 tibipax
636 2415 732 2445 terroe
745 2418 809 2446 etc.
821 2410 924 2445 sicin
936 2423 998 2445 ve-

324 2465 454 2499 teribus
466 2490 476 2507 ,
495 2470 596 2508 atque
618 2463 685 2497 hoc
707 2462 874 2508 loquendi
890 2462 996 2496 modo

323 2517 470 2562 septimo
481 2516 586 2550 etiam
598 2515 686 2549 Met.
704 2514 852 2550 Ovidius
867 2515 997 2550 utitur:

422 2576 484 2601 Tibi
498 2584 524 2601 se
534 2583 633 2608 semper
643 2575 745 2599 debebit
755 2576 840 2600 Iason.
858 2574 993 2599 Nummi.

325 2625 393 2659 Alii
425 2625 558 2660 codices
580 2637 663 2669 pars
688 2628 783 2658 lerroe
813 2623 994 2657 habebant.

322 2675 440 2711 Scribe
453 2688 461 2709 τ

321 2732 352 2755 Se
363 2730 410 2754 tibi
422 2739 471 2763 pax
481 2735 553 2755 terrae
560 2749 567 2761 ,
578 2731 626 2755 tibi
638 2739 665 2755 se
675 2737 732 2756 tuta
743 2738 844 2763 aequorn
854 2729 955 2754 debent.

322 2779 415 2814 Nam
440 2786 475 2813 et
507 2791 601 2814 mare
630 2786 665 2814 et
695 2786 828 2823 terras,
857 2776 994 2812 domitis

1070 1110 1191 1146 belluis
1212 1119 1247 1147 et
1268 1113 1431 1148 monstris
1453 1113 1616 1159 marinis,
1633 1126 1740 1160 paca-

1070 1169 1175 1196 verat.
1188 1163 1371 1199 Hmus.—-
1378 1164 1451 1210 Qui
1462 1169 1536 1200 tuta
1542 1178 1623 1200 cum
1631 1165 1741 1200 Hein-

1069 1213 1119 1247 sio
1139 1214 1310 1259 probant,
1330 1223 1473 1261 possunt
1494 1223 1530 1252 et
1549 1216 1604 1251 illa
1621 1215 1740 1252 Ovidii

1068 1266 1179 1300 nostri
1189 1265 1360 1302 adducere
1372 1294 1382 1311 ‚
1399 1280 1439 1302 ex
1449 1268 1504 1302 lib.
1521 1279 1554 1312 1,
1570 1268 1661 1303 Fast-
1675 1268 1716 1314 67
1729 1280 1739 1302 z

1316 1343 1346 1351 ...
1363 1327 1584 1358 Quorum-secura
1593 1326 1678 1354 labore

1100 1373 1162 1398 oti·
1175 1378 1241 1398 ten-a
1251 1373 1337 1405 fmx,
1349 1374 1400 1399 otia
1411 1379 1506 1408 pontus
1514 1375 1578 1408 ugit.

1067 1421 1136 1456 Sed
1147 1435 1257 1467 quum
1273 1422 1310 1457 in
1321 1422 1418 1458 nullo
1429 1422 1544 1459 codice
1555 1423 1630 1459 haec
1639 1423 1739 1460 lectio

1065 1481 1238 1519 appareat,
1247 1487 1310 1509 nos
1318 1479 1391 1509 tota
1398 1471 1600 1511 retinemus.
1608 1476 1738 1512 Bonu-

1065 1542 1108 1550 ·-—
1125 1525 1199 1560 Etsi
1214 1525 1445 1571 constantem,
1463 1534 1548 1562 teste
1561 1527 1742 1563 Burman—

1065 1589 1113 1610 no
1127 1603 1136 1619 ‚
1166 1578 1326 1612 omnium
1342 1578 1511 1614 librorum
1529 1579 1714 1616 lectionem
1728 1605 1738 1624 ‚

1068 1631 1135 1662 tibi
1153 1641 1190 1663 se
1207 1633 1280 1663 tota
1299 1643 1429 1674 aequora
1443 1632 1583 1672 debent,
1610 1644 1630 1666 e
1653 1644 1741 1666 con-

1062 1686 1158 1713 textu
1168 1693 1240 1714 non
1259 1680 1385 1726 pellere
1401 1694 1465 1726 per
1480 1694 1544 1716 nos
1559 1682 1656 1724 licet;
1670 1695 1738 1717 ve·-

1064 1731 1195 1766 riorem
1205 1738 1323 1766 tamen
1332 1732 1437 1766 etiam
1445 1732 1544 1773 nobis
1551 1733 1658 1768 visam
1667 1746 1739 1770 esse

1065 1784 1319 1819 correctionem
1331 1784 1469 1819 Heinsii
1479 1785 1648 1820 fatemur:
1665 1786 1748 1819 Tibi

1064 1849 1102 1870 se
1117 1840 1193 1870 tuta
1203 1849 1334 1881 oequora
1347 1837 1471 1870 debent
1479 1847 1492 1878 ,⁰
1513 1835 1580 1871 hoc
1595 1842 1647 1871 est
1657 1861 1667 1880 ‚
1682 1835 1739 1871 de-

1063 1888 1148 1922 bent
1171 1888 1232 1922 tibi
1257 1887 1349 1933 quod
1371 1891 1445 1922 luta
1461 1887 1531 1922 sint
1550 1894 1614 1923 etc.
1639 1887 1739 1933 Quid

1062 1952 1145 1974 vero
1162 1943 1235 1974 tota
1247 1940 1267 1974 ?
1284 1940 1380 1974 Num
1392 1938 1459 1974 hoc
1475 1939 1620 1974 Herculi
1632 1938 1740 1973 debe-

1062 1990 1148 2028 bant
1161 2017 1170 2034 ,
1184 1990 1278 2037 quod
1286 1995 1359 2026 lota
1366 1998 1480 2026 essent
1489 2017 1499 2035 ,
1517 1990 1611 2036 quod
1628 2004 1738 2037 oequo-

1062 2056 1102 2077 ra
1112 2047 1132 2080 ?
1152 2043 1313 2078 mezv.

1099 2110 1111 2130 1
1117 2095 1147 2129 6.
1164 2096 1342 2141 Utramque
1349 2097 1488 2130 domum.
1497 2094 1541 2129 ld*
1546 2100 1610 2138 est,
1618 2093 1736 2129 orien-

1063 2155 1136 2183 tem
1152 2155 1187 2183 et
1203 2147 1438 2187 occidentem,
1460 2148 1539 2192 quia
1554 2146 1636 2181 inde
1653 2145 1732 2188 Sol,

1061 2206 1100 2234 ut
1117 2212 1158 2234 ex
1173 2199 1280 2233 domo
1296 2199 1490 2245 egreditur,
1506 2197 1575 2233 huc
1586 2198 1732 2242 iterum,

1062 2252 1158 2298 quasi
1197 2250 1343 2285 domum
1354 2277 1364 2295 ‚
1394 2264 1430 2286 se
1455 2250 1586 2295 recipit.
1611 2249 1734 2284 Senec-

1061 2303 1168 2339 Herc.
1188 2304 1332 2339 Furent.
1357 2302 1438 2337 1061
1457 2315 1465 2337 :
1481 2303 1642 2346 Novitque
1657 2304 1735 2334 tuas

1060 2361 1215 2401 utrasque
1230 2357 1345 2390 domos
1358 2364 1371 2396 ,·
1400 2360 1435 2389 et
1449 2353 1556 2389 Herc.
1573 2351 1655 2388 Oet.
1670 2351 1711 2386 3:

1092 2416 1217 2450 Utraeque
1225 2415 1315 2440 Phoebi
1326 2415 1440 2440 sentiunt
1450 2413 1549 2439 fulmen
1559 2413 1660 2437 domus.

1060 2466 1188 2502 Noster
1210 2469 1378 2508 utrumque
1398 2464 1556 2505 Phoebum
1577 2459 1657 2495 dicit
1671 2485 1682 2502 ,
1708 2469 1732 2493 1.

1060 2517 1207 2552 Metam.
1217 2516 1281 2550 338
1290 2530 1298 2558 ;
1313 2522 1348 2549 et
1356 2518 1523 2559 utrumque
1532 2514 1622 2546 latus
1631 2511 1729 2551 Solis,

1059 2580 1098 2604 11.
1115 2569 1206 2603 Fast.
1225 2567 1294 2602 136.
1308 2567 1437 2602 Bumu.

1107 2634 1156 2666 ¹7·
1184 2621 1284 2663 Quod
1296 2623 1329 2652 te
1348 2620 1490 2652 laturum
1506 2618 1576 2655 est,
1607 2614 1730 2648 Caelum

1053 2675 1149 2717 prior
1158 2675 1229 2715 ipse
1246 2673 1365 2704 lulzlrli.
1380 2669 1558 2712 Frequens
1571 2692 1581 2709 ,
1597 2678 1643 2699 ne
1658 2665 1730 2699 sre-

1059 2723 1221 2769 quentior
1248 2723 1381 2764 dicam,
1408 2717 1498 2764 apud
1526 2718 1694 2753 Nostrum
1716 2741 1727 2756 ,

1057 2776 1245 2810 verborum
1283 2774 1376 2808 inter
1409 2784 1445 2805 se
1478 2768 1727 2804 colludentium
