1884 3112
527 206 529 208 ’
592 234 783 280 nmio
814 235 1160 281 LEANDRO.
1506 227 1594 296 359

231 327 415 378 Somnia
439 346 528 395 quo
554 329 675 378 cerni
700 340 898 396 tempore
921 347 1022 378 vera
1045 328 1215 386 solent‚·

168 407 366 457 Stamina
390 407 443 457 de
469 407 622 471 digitis
639 405 834 456 cecidere
853 425 1015 473 sopore
1037 406 1256 464 remissis;

235 485 457 553 Collaque¹
474 484 660 553 pulvino
683 496 838 533 nostra
860 483 1041 533 ferenda
1063 482 1180 532 dedi.

171 563 258 613 llic
281 582 365 626 ego
384 573 590 612 ventosas
614 573 797 610 nantem
818 559 1028 627 delphina
1050 579 1131 627 per
1152 559 1295 609 undas

238 641 428 690 Cernere
446 658 540 689 non
564 638 702 688 dubia
725 657 823 687 sum
845 638 956 686 mihi
979 637 1073 686 visa
1094 636 1194 686 fide.
1534 660 1599 685 200

173 719 344 784 Quem,
366 730 607 786 postquam
628 715 801 766 bibulis
825 715 952 764 illisit
972 715 1136 764 fluctus
1159 714 1303 763 arenis
1317 751 1330 773 ,

238 795 372 846 Unda
393 794 526 845 simul
547 794 757 843 miserum
774 793 951 860 vitaque
971 792 1179 842 deseruit.

174 872 411 940 Quidquid
431 872 480 920 id
503 883 592 930 est,
619 871 773 929 timeo;
798 890 880 920 nec
900 882 949 919 tu
972 890 1069 920 mea
1091 871 1262 919 somnia
1284 869 1405 919 ride:

237 952 330 1000 Nec
352 949 441 998 nisi
464 948 708 1017 tranquillo
727 949 911 998 brachia
935 948 1060 998 crede
1084 948 1208 997 mari.

175 1027 225 1076 Si
246 1026 332 1077 tibi
354 1045 449 1076 non
470 1027 638 1094 parcis,
665 1025 834 1076 dilectae
855 1045 986 1093 parce
1010 1025 1168 1093 puellae
1184 1063 1197 1084 ‚
1536 1039 1602 1074 205

241 1105 356 1171 Quae
377 1120 628 1173 nunquam,
654 1105 743 1154 nisi
767 1117 810 1154 te
833 1105 1024 1172 sospite,
1050 1121 1206 1170 sospes
1232 1102 1329 1152 erit.

177 1243 214 1274 et
237 1236 355 1284 scripti
383 1250 508 1274 omnes
531 1247 540 1270 ε
562 1236 715 1273 malebat
739 1243 860 1272 tamen

178 1289 348 1326 Heinsius
360 1317 370 1335 ,
387 1292 449 1326 sub
456 1291 623 1326 Aumtam
635 1303 646 1325 .·
657 1296 697 1325 ut
705 1292 767 1325 sub
779 1302 863 1324 noc-

179 1345 263 1384 tem,
283 1354 323 1377 w
334 1368 344 1388 ‚
362 1342 453 1378 Met.
465 1356 516 1392 79.
529 1344 596 1378 Sub
603 1347 716 1388 prima
726 1354 865 1387 crepus-

179 1397 270 1438 cula,
286 1406 320 1431 v.
330 1396 421 1431 Fast.
435 1396 513 1440 455,
526 1402 562 1431 et
572 1395 670 1430 alibi:
681 1394 742 1430 sed
751 1407 862 1440 quum

180 1452 372 1494 utrumque
386 1454 492 1494 ‘recte
514 1447 651 1484 dicatur
662 1474 673 1492 ,
699 1446 792 1492 (vide
818 1445 862 1481 ad

181 1499 307 1535 Vellei.
328 1500 465 1535 Patere.
481 1511 512 1535 11
525 1526 534 1544 ,
557 1501 615 1544 24)
633 1499 692 1535 hic
707 1500 860 1540 Aurora,

182 1551 228 1587 ob
246 1558 455 1599 sequentem
469 1551 630 1587 voculam
647 1551 770 1587 similis
786 1550 863 1586 soni

173 1604 253 1651 jam
263 1630 274 1647 ,
298 1611 351 1640 est
363 1603 634 1651 praeserendum.
649 1603 785 1639 Eadem
802 1616 865 1638 va-

181 1657 286 1693 rietas
297 1656 355 1692 lib.
371 1667 402 1692 11
414 1682 423 1700 ,
448 1656 524 1692 Art.
542 1656 606 1691 315
619 1683 631 1702 ,
646 1656 705 1692 ubi
716 1659 780 1691 sub
792 1669 864 1690 au-

181 1712 330 1744 tumnum
345 1715 382 1744 et
393 1713 570 1752 autumno,
587 1708 680 1744 varie
698 1709 735 1747 in
755 1707 864 1743 MSS.

182 1759 376 1806 exhibetur.
408 1760 541 1796 Bumu,
577 1779 623 1788 —-
649 1762 866 1796 Domuum

180 1814 328 1848 Iucema.
350 1812 540 1859 Eleganter
555 1813 688 1848 dictum
701 1839 716 1858 5
729 1826 794 1860 pro
810 1815 866 1848 de-

182 1867 326 1901 ficiente.
338 1865 508 1900 Similiter
519 1878 660 1912 prorsus
667 1866 849 1912 Bleleager
855 1891 866 1910 ,

186 1917 361 1959 Analect.
379 1924 404 1952 t.
420 1929 434 1952 1
445 1943 456 1962 ,
474 1917 592 1964 Epigr
609 1927 686 1952 cn:

185 1965 227 2008 Ε”ι
244 1986 290 2010 τις
304 1971 358 2006 ὖπῦ
370 1975 481 2019 χλαίνῃ
499 1962 690 2015 βεῖλημὲνος
698 1971 870 2020 Ηλιοδῶρας

231 2024 386 2059 eitum
407 2023 563 2070 ὑκναπᾶτῃ
598 2027 696 2072 xpm-e
720 2025 869 2067 χλιαινό-

318 2091 406 2121 μενος
418 2101 429 2119 1

189 2128 358 2174 Κοιμᾶὰθω
371 2131 427 2174 μὲν
444 2129 585 2173 ὂλῦχνος·
603 2128 616 2163 ὅ
632 2126 662 2162 δ’
678 2129 706 2161 ἓν
718 2129 873 2164 κόλποισιν

322 2182 434 2223 ε’κείνης

233 2224 420 2273 ῥιπτασθεὶς
432 2234 687 2282 κείσθωιδεῦτερος
698 2224 871 2277 ἐνὼμίων,

237 2285 310 2333 198.
330 2286 405 2330 Quo
415 2288 512 2321 cerni
518 2289 650 2321 somnia
662 2298 742 2319 vera
751 2287 872 2319 solent.

191 2337 278 2373 Post
301 2337 456 2373 mediam
471 2344 614 2373 noctem
636 2338 772 2373 somnia
790 2349 873 2372 vera

190 2401 264 2424 esse
281 2388 457 2425 dicuntur.
479 2389 614 2424 Seneca
626 2415 635 2433 ,
655 2388 747 2435 apud
767 2401 873 2434 quem

192 2440 620 2487 Andromachaloquitur,
630 2454 742 2486 quum
752 2440 783 2475 ei
793 2453 875 2476 suus

193 2493 332 2529 Hector
343 2519 353 2538 ,
371 2493 431 2540 qui
448 2499 613 2528 moneret
630 2493 840 2541 Astyanacta
857 2506 876 2528 a

192 2545 324 2582 Graecis
333 2572 343 2591 ,
356 2553 396 2581 ut
405 2558 488 2581 eum
496 2546 772 2592 praecipitarent,
785 2558 876 2592 quae-

192 2598 298 2635 situm
315 2598 358 2633 iri
375 2625 385 2642 ‚
410 2599 446 2634 in
463 2598 594 2634 somnis
610 2598 673 2633 sibi
690 2599 876 2645 apparuis-

194 2658 268 2696 set,
291 2651 417 2696 iubens
441 2651 540 2686 illum
563 2650 774 2687 abscondere
789 2677 800 2697 ,
828 2651 878 2686 ita

198 2704 245 2739 ait
260 2705 298 2739 in
315 2704 513 2740 Troadibus
529 2717 538 2740 :

231 2765 319 2792 Putes
331 2765 384 2792 sere
397 2775 450 2793 nox
460 2766 528 2792 alma
540 2766 676 2792 transient
687 2766 751 2792 duas
763 2784 773 2798 ,

957 1236 1113 1269 clarumque
1127 1239 1225 1268 septem
1235 1238 1364 1260 verterant
1372 1232 1452 1259 ⁵121!ae
1461 1233 1564 1267 jugum,

927 1285 975 1321 Et
992 1285 1161 1320 Horatius
1175 1284 1230 1319 lib.
1249 1296 1283 1329 1,
1301 1284 1414 1319 Serm.
1426 1283 1551 1330 Satyra
1563 1293 1604 1317 x:

1090 1363 1121 1370 ...
1135 1345 1226 1371 Vetuit
1240 1345 1286 1370 tali
1298 1353 1339 1369 me
1351 1352 1413 1370 voce
1429 1344 1557 1376 Quirinus
1566 1361 1575 1374 ,

925 1396 975 1421 Pos
977 1400 1037 1420 tme
1039 1394 1065 1420 ‹li
1067 1399 1248 1419 nvmnoclem
1262 1402 1305 1418 sus
1309 1402 1363 1427 ‚qu
1367 1402 1409 1417 um
1424 1393 1523 1418 somnia
1534 1400 1579 1417 ver

928 1445 1023 1479 Vera
1045 1456 1117 1479 esse
1134 1443 1295 1486 somnia,
1323 1455 1400 1488 quae
1421 1449 1498 1488 post
1520 1454 1605 1476 me-

928 1483 1022 1532 diam
1048 1504 1190 1535 noctem
1221 1469 1314 1531 fiuxit
1329 1521 1339 1539 ,
1380 1496 1542 1530 adfirmat
1572 1501 1607 1531 et

930 1549 1156 1594 Theocritus,
1176 1549 1236 1595 qui
1253 1561 1364 1594 quum
1380 1547 1541 1583 dixisset·

928 1605 1041 1642 Νυκτός
1059 1604 1104 1638 ὅτε
1122 1607 1258 1652 τρίτατον
1279 1602 1373 1646 λάχος
1397 1605 1505 1644 ’ἰςαται
1518 1626 1528 1644 ,
1558 1601 1609 1646 ‘'7-

1018 1657 1070 1699 γύς
1086 1653 1115 1689 δ’
1130 1658 1200 1696 ἠὼς.

931 1706 1041 1742 Addit
1055 1706 1158 1752 paulo
1174 1712 1273 1753 post:

930 1761 974 1796 Εὖ
1003 1777 1035 1796 τε
1058 1766 1112 1796 καὶ
1140 1760 1282 1810 ἄτρεκέων
1310 1763 1503 1804 περιμαίνεται
1532 1763 1612 1800 ’ἔθνος

1020 1814 1147 1864 σ’νείρων.
1201 1847 1203 1851 ,
1415 1812 1520 1848 ΟΙΟΈ.

976 1867 1050 1909 204.
1075 1867 1227 1900 Brachia
1248 1867 1345 1900 crede
1366 1868 1462 1900 mari.
1499 1867 1613 1900 Tende

933 1922 1032 1959 mari,
1049 1918 1181 1952 Douzae
1200 1917 1308 1953 codex
1327 1924 1362 1952 et
1380 1917 1612 1952 Barberinia-

933 1984 1000 2005 nus
1010 1997 1019 2014 ,
1036 1970 1095 2016 qui
1110 1982 1174 2016 pro
1186 1969 1279 2004 varia
1288 1970 1435 2004 lectione
1447 1970 1612 2015 habebat,

934 2025 1036 2058 redde
1048 2050 1056 2064 ‚
1078 2023 1184 2070 etiam
1199 2035 1272 2056 non
1290 2022 1390 2057 male.

979 2075 1054 2110 206.
1082 2077 1162 2119 Quae
1176 2088 1343 2120 nunquam
1355 2100 1365 2118 ,
1387 2078 1461 2109 sine
1481 2079 1515 2109 te
1532 2087 1616 2110 sos—

930 2132 1005 2174 pite
1014 2155 1022 2169 ‚
1036 2140 1153 2172 sospes
1163 2131 1237 2162 en't.
1248 2128 1322 2163 Nec
1331 2141 1392 2163 sua
1404 2128 1517 2163 verbis
1529 2127 1616 2164 fides

937 2181 1056 2216 defuit.
1071 2180 1137 2215 Vix
1146 2179 1243 2216 enim
1251 2180 1403 2215 Leandri
1411 2181 1616 2226 corpusjac-

937 2240 1049 2268 tatum
1058 2246 1103 2268 un
1109 2232 1159 2267 dis
1161 2232 1387 2279 ‚scopulisque
1395 2233 1520 2280 illisum
1527 2246 1620 2267 sum-

937 2299 997 2320 ma
1013 2285 1055 2320 de
1073 2292 1169 2320 turre
1184 2284 1337 2330 despexit
1352 2286 1469 2330 Hero,
1490 2298 1620 2331 quum:

940 2340 1235 2395 Δαιδαλέονρὴξασα
1250 2343 1316 2387 ’τε-[ἰ
1331 2343 1461 2380 ςήθεσσι
1482 2345 1616 2383 χιτῶνα,

936 2399 1011 2432 Poe,
998 2393 1088 2431 ἠδὲ-ι
1112 2391 1290 2440 vrsoxoipnuvg
1312 2390 1364 2426 ἄπ’
1387 2391 1527 2431 ἡλιέάτου
1549 2393 1619 2426 xie:

1029 2446 1147 2502 πύργου.

940 2496 1043 2533 Koeffl'd·
1061 2491 1129 2546 iisd,
1146 2498 1279 2539 rmum
1296 2496 1341 2533 ‘'x-⁷
1356 2498 1504 2544 ὅλλυμίνῳ
1515 2513 1620 2546 κοιμι-

1031 2566 1115 2598 >turn
1129 2576 1138 2593 ,

942 2595 976 2640 A,
982 2607 1094 2644 λ)ἡλων
1111 2602 1167 2638 δ’
1152 2605 1296 2639 ιιι-ἄναντα
1312 2609 1365 2639 καὶ
1381 2605 1409 2637 ἕν
1425 2602 1555 2650 πυμάτῳ
1570 2618 1623 2652 περ

1035 2656 1150 2706 ὅ).ε’9[ῳ.
1319 2655 1429 2699 (Mus.
1444 2654 1535 2697 338.)

944 2728 987 2736 —
1000 2710 1122 2754 Sospes
1134 2711 1208 2742 crit.
1233 2708 1323 2749 Ero,
1344 2707 1565 2756 Puteaneus,
1590 2713 1627 2742 et

947 2770 1018 2798 tres
1035 2761 1090 2797 alii
1107 2773 1147 2796 ex
1163 2759 1374 2795 melioribus.
1398 2759 1530 2794 Hssms.
