1884 3112
386 249 684 297 PHYLLIS
717 250 1270 296 DEMOPHOONTI.

1472 253 1539 297 '35

181 347 282 395 Jam
302 343 435 404 mihi,
458 344 547 410 jam
570 342 690 392 dicar
713 341 987 393 consuluisse
1008 344 1131 394 meis.

118 421 209 473 Sed
229 441 374 489 neque
397 419 604 470 consului
629 440 639 469 ε
664 439 746 469 nec
769 432 812 469 te
834 439 931 470 mea
952 421 1074 484 regia
1096 432 1266 484 tanget,

182 501 402 566 Fessaque
424 497 629 547 Bistonia
649 497 847 546 membra
868 496 1034 546 lavabis
1056 517 1181 564 aqua.

1501 524 1546 559 90

119 574 205 626 Illa
223 576 333 625 meis
357 574 497 624 oculis
521 574 688 642 species
713 574 919 622 abeuntis
942 574 1151 634 inhaeret,
1208 582 1211 586 ’

187 654 342 718 Quum
363 664 580 720 premeret
601 662 761 718 portus
781 650 932 700 classis
954 652 1071 702 itura
1092 671 1226 701 meos.

122 734 273 782 Ausus
296 751 343 782 es
366 730 588 798 amplecti,
616 727 820 795 colloque
843 729 1019 779 infusus
1042 731 1229 779 amantis

122 846 296 894 supererit
317 845 426 893 poetis
441 871 451 889 ,
474 845 502 880 si
525 857 566 879 ex
586 843 640 879 his
664 855 804 889 quoque

123 899 238 936 verbis
252 898 399 935 obsceni
411 896 539 943 aliquid
550 903 586 932 et
598 895 753 931 Venerei
768 895 806 930 li-

123 959 201 988 ceat
222 950 416 996 exsculpere
432 975 443 993 ‚
467 955 507 983 ut
528 948 610 983 fecit
633 948 805 994 Mariang.

124 1003 311 1040 Accursius
323 1002 361 1038 in
369 1000 535 1037 Diatribis
549 1000 591 1035 ad
604 1000 661 1034 lib.
670 1010 718 1034 lv.
730 1000 806 1034 Me-

123 1063 210 1091 tam.
225 1057 296 1092 Pro
310 1056 542 1100 spumescant,
559 1056 746 1087 canescant
756 1058 807 1086 est

123 1110 164 1144 in
180 1107 334 1144 editione
348 1106 514 1154 principe.
529 1105 660 1140 Bunm.
677 1104 808 1139 Sensus

127 1160 247 1196 obvius
264 1160 313 1195 :si
327 1159 430 1194 datur
441 1185 451 1203 ,
468 1169 574 1204 quem
587 1169 809 1203 speraveram

127 1213 254 1255 exitus;
271 1212 298 1247 si
314 1211 425 1256 redis,
445 1217 486 1245 ut
501 1209 698 1256 promisisti.

171 1265 225 1300 88.
245 1265 328 1300 Jam
357 1265 457 1298 dtkar
481 1264 690 1307 consulutlrse
717 1264 810 1295 meis.

128 1315 268 1363 Duplex
275 1315 332 1351 hic
338 1328 458 1351 sensus
470 1326 653 1349 occurrere
662 1312 810 1347 videtur.

130 1369 200 1404 Vel
221 1368 318 1404 enim
339 1367 422 1402 dicit
444 1379 452 1401 ε
480 1365 718 1412 praedicabunt
742 1365 813 1399 mei

130 1421 316 1457 consilium
331 1432 390 1454 me
405 1425 544 1453 rectum
559 1417 686 1463 cepisse
702 1431 711 1459 ς
738 1416 812 1460 vel,

131 1476 231 1509 dicat
238 1471 419 1508 Thracum
434 1469 571 1505 utilitati
587 1471 794 1504 consuluisse
803 1495 812 1509 ,

132 1526 240 1561 talem
251 1522 449 1570 accipiendo
458 1549 467 1567 ,
487 1521 547 1568 qui
555 1521 646 1567 ipsos
657 1527 794 1565 regeret
805 1546 814 1563 ,

132 1575 516 1620 maritum-Utrumque
523 1578 670 1617 recte,et
677 1571 719 1606 ad
727 1583 815 1605 rem.

177 1630 232 1678 89.
243 1629 318 1670 Nec
325 1631 360 1662 le
370 1639 447 1661 mea
455 1628 548 1670 'egea
555 1628 684 1668 tanget.
699 1623 816 1669 Vulgo

133 1676 320 1732 qponitur
335 1692 344 1715 ς
359 1691 427 1714 nec
441 1680 535 1722 regia
550 1689 626 1711 mea
642 1675 703 1710 tibi
719 1674 818 1710 cordi

133 1732 213 1771 efit‘.
224 1731 292 1767 Vir
306 1738 427 1768 tamen
445 1729 567 1765 doctus
580 1726 741 1772 (Miscell.
759 1727 818 1761 ob-

134 1799 222 1822 ser-V.
243 1783 325 1819 Vol.
340 1793 402 1827 v1,
419 1789 505 1817 tom.
525 1795 539 1816 1
553 1806 563 1825 ,
591 1794 626 1826 p.
645 1779 727 1828 196)
755 1792 819 1825 per

135 1839 331 1882 Enallagen
349 1833 536 1881 accipiebat
548 1859 558 1878 ‚
587 1845 651 1879 pro
667 1858 676 1876 ,
704 1844 767 1866 nec
782 1835 820 1865 lu

137 1903 245 1926 meam
261 1893 383 1934 tanges
395 1889 539 1932 regiona·
560 1891 595 1920 et
610 1884 731 1931 negari
745 1896 820 1918 ne-

139 1942 217 1991 quit
233 1940 318 1976 illuc
337 1939 453 1986 aliquo
474 1937 583 1972 modo
606 1937 733 1971 ducere
756 1948 819 1970 se·-

140 1993 304 2045 qpenfia,

171 2056 283 2083 roo-ave
290 2053 407 2081 Bistonia
414 2051 529 2077 membra
535 2049 635 2076 lavabis
642 2058 719 2084 aqua.

142 2105 243 2142 Esset
257 2111 377 2139 tamen
390 2101 494 2149 paulo
510 2100 630 2135 durior
643 2099 824 2142 Enallage.

143 2157 307 2192 LBERRP.
327 2173 372 2182 -
407 2155 542 2198 Tangit.
579 2154 724 2195 Tanget,
753 2156 823 2184 tres

142 2207 242 2250 libri;
263 2206 358 2254 quod
374 2205 512 2242 arridet.
534 2205 668 2240 Hmns.
702 2205 828 2246 Tangit

145 2260 316 2296 editiones
330 2259 449 2304 priscae
466 2264 504 2293 et
517 2256 634 2302 scripti
650 2256 721 2290 sere
738 2267 824 2288 om-

145 2326 227 2357 nes,
243 2317 285 2349 ut
299 2317 336 2346 et
349 2310 412 2345 ins.
431 2309 495 2355 Ep.
510 2320 545 2344 v.
561 2309 614 2343 δι.

145 2372 263 2406 nunqu
271 2370 352 2396 miror
362 2378 424 2403 opes
433 2388 442 2400 ,
460 2378 507 2394 nnc
516 2377 558 2394 me
572 2374 619 2393 tua
632 2368 702 2400 regia
712 2368 809 2401 tangit.

147 2420 218 2458 Sed
242 2419 300 2455 hie
321 2431 449 2464 sequor
469 2416 676 2458 Heinsium;
701 2415 829 2450 diffidit

146 2473 329 2518 enimiam
346 2469 476 2517 puella,
489 2476 524 2504 et
535 2468 694 2514 desperat
712 2468 754 2502 de
771 2480 830 2502 re-

151 2524 238 2560 ditu.
252 2524 386 2560 Bunm.

134 2588 136 2590 ’
179 2589 249 2626 90.
263 2578 433 2621 Fessaque
449 2576 610 2608 Bistonia
624 2574 769 2607 membra
783 2574 832 2606 Ia-

153 2631 247 2667 oah's
259 2641 359 2674 aqua.
383 2626 442 2663 Sic
465 2625 607 2672 quidem
630 2638 753 2659 omnes
774 2624 832 2659 le-

153 2688 263 2729 gunt·,
294 2687 330 2716 et
357 2678 492 2715 addunt
514 2683 807 2713 commentatores
822 2701 832 2719 ,

154 2733 381 2780 negationem
395 2744 468 2767 esse
485 2729 748 2776 intelligendam
763 2755 772 2772 ,
797 2735 836 2763 ut

157 2785 201 2822 sit
209 2797 346 2830 sensus,
364 2797 432 2820 nec
441 2782 568 2819 lavabis
578 2781 736 2819 membra
748 2793 836 2826 aqua

871 843 1037 879 Bistonia.
1063 844 1140 891 Ego
1156 857 1240 879 vero
1257 843 1448 891 legendum
1467 858 1554 881 cen—

871 909 949 940 seo,
967 898 1113 932 Fessave
1128 899 1290 932 Bistonia
1305 904 1368 932 etc.
1378 924 1386 938 ,
1405 910 1468 944 per
1484 898 1556 934 dis-

870 948 1064 995 junctivam
1093 949 1298 995 particulam
1316 976 1326 994 ,
1361 962 1432 996 quo
1456 958 1557 996 pacto

872 1001 959 1035 nihil
994 1001 1229 1048 supplendum
1268 1002 1306 1036 in
1344 1002 1557 1048 expositione

872 1053 949 1088 erit.
973 1054 1066 1089 Nam
1083 1054 1298 1099 disjunctivae
1314 1054 1559 1099 negationibus

872 1106 1055 1151 subjectae,
1082 1106 1188 1141 etiam
1208 1106 1290 1152 ipsae
1311 1104 1464 1152 negandi
1487 1106 1559 1141 vim

872 1157 1014 1193 habent.
1029 1159 1191 1193 Μιεηι.
1205 1178 1249 1184 -
1259 1161 1428 1203 Fessaque
1439 1160 1561 1193 Bisto-

875 1215 935 1244 m'a
946 1217 1011 1245 etc.
1028 1210 1243 1255 Periphrasis
1259 1210 1303 1245 ad
1319 1210 1467 1244 modum
1480 1223 1560 1256 poe-

876 1262 941 1296 tica
952 1288 961 1306 ,
981 1269 1016 1296 et
1032 1262 1131 1307 cujus
1147 1275 1267 1298 sensus
1283 1269 1335 1297 est
1351 1275 1359 1297 ε
1373 1262 1562 1297 Thraciam

877 1327 1074 1359 numquam
1099 1314 1236 1349 revises.
1252 1333 1297 1340 —-
1315 1314 1419 1349 Dicta
1443 1321 1562 1349 autem

878 1365 974 1412 regio
1004 1368 1164 1401 Bistonia
1174 1394 1183 1408 ‚
1217 1380 1237 1401 a
1269 1366 1414 1402 Bistone
1447 1367 1533 1402 urbe
1551 1393 1561 1411 ,

880 1431 987 1463 quam
1000 1418 1084 1452 olim
1091 1417 1296 1453 condiderat
1306 1419 1404 1454 Bisto
1414 1446 1424 1464 ,
1437 1419 1565 1454 Martis

879 1477 914 1504 et
934 1469 1110 1504 Callirhoe·
1126 1470 1226 1505 filius.
1244 1470 1307 1505 Est
1324 1483 1464 1516 quoque
1479 1473 1565 1506 Bis-

880 1525 970 1556 ίοηιὶς
985 1517 1095 1566 lacus,
1121 1522 1164 1557 ad
1182 1535 1289 1568 quem
1313 1522 1434 1558 alludit
1449 1550 1458 1567 ,
1482 1536 1565 1558 cum

882 1573 964 1608 dicit
975 1588 984 1616 ;
999 1576 1161 1609 Bistonia
1170 1577 1316 1609 membra
1325 1577 1458 1609 lavabis
1467 1588 1565 1621 aqua.

925 1639 978 1673 91.
1001 1627 1070 1660 Illa
1090 1629 1175 1660 meis
1195 1629 1303 1661 oculis
1325 1633 1390 1661 etc.
1414 1627 1485 1662 Hic
1498 1653 1507 1671 ‚
1531 1634 1567 1661 et

883 1678 942 1722 qui
952 1691 1086 1723 sequun
1092 1685 1149 1712 tur
1159 1691 1277 1713 versus
1287 1705 1296 1723 ‚
1307 1677 1350 1712 ad
1365 1691 1425 1712 102
1435 1691 1544 1724 usque
1556 1706 1565 1722 ‚

883 1729 1005 1765 molles
1027 1730 1075 1766 ita
1100 1729 1216 1765 fluunt
1239 1737 1274 1765 et
1296 1731 1501 1775 numerosi,
1528 1738 1567 1766 ut

884 1795 1006 1816 aurem
1026 1782 1276 1827 jucundissima
1297 1783 1474 1829 voluptate
1490 1810 1499 1826 ,
1533 1790 1568 1817 et

884 1835 1011 1869 affectu
1052 1835 1243 1869 tenerrimo
1274 1835 1433 1870 animum
1463 1835 1567 1869 simul

884 1886 1111 1932 perfundant.
1127 1886 1224 1923 Nihil
1238 1886 1312 1931 hic,
1331 1886 1426 1932 quod
1443 1886 1569 1921 intem-

885 1938 1015 1985 pestive
1032 1939 1182 1974 luxuriet
1197 1952 1205 1974 τ
1222 1939 1340 1973 omnia
1357 1938 1447 1973 dicas
1463 1938 1568 1984 pleno

886 2004 905 2026 e
923 1998 1062 2036 pectore
1079 2003 1234 2025 manare.
1257 2009 1301 2016 —-
1324 1991 1492 2025 Abeuntis
1513 1994 1569 2025 in-

887 2046 1000 2078 hoerct.
1017 2043 1070 2077 Ita
1085 2043 1275 2088 legendum
1292 2042 1356 2089 Ep.
1373 2053 1449 2087 vn,
1468 2043 1528 2077 26:

888 2105 982 2129 AEneas
997 2103 1079 2127 oculis
1094 2112 1194 2135 semper
1209 2103 1342 2136 vigilantis
1358 2103 1479 2128 inlzoeret.

891 2153 939 2188 Et
956 2152 1063 2187 Trist.
1082 2161 1140 2196 ιν,
1160 2162 1226 2196 111,
1248 2165 1305 2200 19,
1324 2165 1365 2186 ex
1381 2151 1504 2187 MSS:

890 2213 1016 2239 vultibus
1029 2213 1071 2237 illa
1085 2213 1137 2237 tuis
1150 2218 1282 2246 tamquam
1292 2213 1423 2245 presentis
1432 2213 1554 2238 inhoeret.

892 2263 1035 2299 Rectius
1057 2262 1164 2296 etiam
1180 2261 1355 2308 legeretur
1368 2288 1377 2305 ,
1405 2263 1469 2295 illa
1489 2264 1574 2296 meis

891 2320 1022 2362 species
1033 2317 1148 2349 oculis.
1160 2315 1293 2349 Hans.
1302 2313 1391 2349 Vell.
1401 2315 1515 2348 Pater.
1523 2324 1555 2347 11
1565 2339 1574 2356 ,

893 2370 946 2415 37.
962 2371 1053 2403 Pene
1066 2370 1172 2401 stulta
1184 2371 1239 2400 est
1250 2368 1481 2401 inhaet'enlium
1494 2378 1576 2400 ocu-

893 2423 939 2455 lis
954 2423 1157 2465 ingeniorum
1171 2422 1386 2454 enumeratio.

950 2474 1003 2520 93.
1036 2473 1207 2507 Amanus.
1240 2472 1387 2505 Amana·
1408 2469 1577 2514 conjece·—

896 2538 986 2566 ram;
1001 2532 1103 2569 atque
1116 2524 1162 2558 ita
1172 2523 1370 2558 chartaceus
1379 2521 1578 2556 Vossianus.

897 2577 1046 2612 Metam.
1078 2586 1117 2610 1x
1132 2601 1142 2619 ,
1170 2576 1235 2610 502
1252 2601 1261 2619 ‚
1290 2582 1331 2609 ut
1355 2572 1578 2609 scribendum

898 2636 983 2676 puto
1001 2642 1008 2663 z

899 2690 1014 2716 Vidisset
1024 2690 1150 2723 lacrymas
1161 2707 1170 2719 ,
1183 2687 1272 2713 vultus
1284 2687 1393 2713 vidisset
1404 2692 1527 2713 amantea.

904 2737 1039 2774 Contra
1053 2738 1144 2772 Fast.
1157 2747 1207 2771 Vl.

986 2792 1081 2817 Vultus
1095 2790 1222 2817 vei-mine
1237 2790 1302 2816 celat
1319 2795 1427 2815 annun.
1439 2790 1544 2815 umus.
