1884 3112
299 240 389 320 444

669 265 722 308 P.
765 263 1002 309 OVIDII
1031 261 1323 308 NASONIS

295 360 409 407 Nam
433 356 612 423 capiunt
626 355 784 410 ¹animis
807 354 1015 422 palmam,
1041 354 1322 422 gaudentque
1344 355 1600 423 triumpho:

297 433 384 482 Seu
407 444 575 499 septem
597 431 751 498 spatiis
775 431 904 480 Circo
928 450 1124 483 meruere
1149 451 1381 491 coronam;

295 512 456 560 Nonne
478 510 620 567 vides,
647 509 788 558 victor
811 521 978 575 quanto
1003 508 1239 557 sublimius
1263 507 1400 557 altum

294 586 484 635 Attollat
506 597 663 653 caput,
690 597 735 634 et
750 585 871 648 vulgi
897 605 941 634 se
964 586 1159 635 venditet
1182 587 1326 634 aurae?
1671 610 1714 646 7⁰

297 662 475 712 Celsave
499 682 635 729 quum
656 681 766 711 caeso
791 662 1024 711 decoratur
1046 675 1168 726 terga
1190 662 1316 711 leone
1330 699 1342 721 ,

297 741 445 804 Quam
469 739 687 797 tumidus,
714 750 969 806 quantoque
994 740 1114 789 venit
1138 739 1392 807 spectabilis
1417 751 1536 798 actu,

298 817 645 882 Compescatque
670 815 815 863 solum
839 835 1054 879 generoso
1079 816 1252 864 concita
1275 814 1411 882 pulsu

295 893 477 957 Ungula
499 894 583 942 sub
602 892 757 960 spoliis
780 894 971 956 graviter
986 894 1215 942 redeuntis
1237 893 1400 959 opimis
1422 909 1434 938 :
1764 958 1766 960 η

358 970 470 1033 Quae
480 969 575 1018 laus
588 970 730 1036 prima
746 971 946 1019 Canum?
963 970 1128 1036 quibus
1140 979 1207 1017 est
1218 968 1398 1016 audacia
1411 986 1625 1036 praeceps,
1674 976 1718 1028 75

301 1046 590 1113 Venandique
613 1064 746 1108 sagax
760 1045 924 1105 virtus,
949 1046 1149 1112 viresque
1168 1045 1393 1112 sequendi.

339 1202 392 1237 58.
409 1203 473 1237 Seu
484 1206 610 1246 septem
619 1204 743 1246 spatha
755 1203 861 1237 Circo.
878 1201 976 1238 Hinc

297 1255 447 1290 emenda
461 1253 636 1297 Gratium,
655 1254 718 1288 sub
733 1253 844 1289 finem
860 1253 976 1303 Cyne-

299 1306 399 1353 getici
411 1333 421 1350 ‚
442 1306 501 1341 ubi
521 1305 711 1352 legendum
727 1315 736 1338 τ

658 1361 707 1386 lue
718 1360 817 1394 vigebit

298 1412 404 1446 Septem
417 1415 490 1435 actus
503 1410 602 1445 spatiis.

297 1459 354 1494 De
371 1458 516 1494 numida
533 1471 624 1504 equo
640 1469 649 1491 ε
667 1472 777 1505 quum
791 1471 889 1495 nunc
898 1459 978 1495 scri-

297 1512 400 1547 batur
421 1538 431 1556 ,
467 1513 606 1546 Centum
636 1516 769 1556 spalitlt.
797 1514 978 1557 Septimum

298 1567 439 1599 orbitam
453 1571 489 1600 et
497 1569 672 1610 septimam
683 1570 788 1600 rotam
799 1565 882 1600 dixit
895 1566 979 1600 Pro—

299 1616 431 1663 pertius
445 1643 454 1660 ,
472 1623 607 1663 septem
625 1616 719 1653 Circi
734 1618 842 1663 spatia
861 1618 979 1662 respi-

299 1669 392 1703 ciens
405 1682 414 1709 ;
430 1673 556 1713 septem
564 1682 665 1715 gyms
679 1669 865 1704 Arnobius.
879 1669 981 1704 Grae-

299 1720 346 1755 cis
354 1725 427 1756 ’ἑπτα
432 1722 564 1766 ›coistis-rot
572 1721 626 1756 vel
634 1730 816 1772 καμπτῆρεῃ
828 1734 980 1766 quorum

303 1773 462 1819 exemplo
484 1773 711 1809 Cassiodorus
725 1800 734 1817 ‚
766 1774 804 1808 in
827 1773 981 1819 descrip-

300 1825 395 1859 tione
409 1824 502 1860 Circi
513 1830 640 1871 septem
651 1830 769 1866 metas,
783 1825 845 1860 etsi
856 1838 981 1871 parum

299 1878 457 1923 proprie,
479 1877 572 1913 dixit.
589 1879 637 1913 H.
651 1896 696 1905 -
711 1880 842 1915 Sensus
860 1877 956 1912 idem
969 1902 980 1921 ‚

301 1942 407 1974 quem
419 1930 455 1967 in
470 1928 683 1977 Cynegetico
693 1930 746 1965 his
755 1929 908 1965 versibus
918 1928 982 1963 de·-

301 1982 432 2017 coravit
447 1982 518 2028 ipse
539 1982 680 2017 Gratius
696 1992 705 2014 :

435 2059 466 2067 ...
485 2042 582 2076 Spatiis
595 2043 680 2076 qualis
691 2042 815 2076 permissa
824 2040 941 2067 Lechaeis

301 2091 468 2116 Thessaliam
475 2091 695 2124 quadrigadeem,
702 2100 780 2124 quam
790 2091 870 2123 gloria
877 2095 982 2123 patrum

301 2139 405 2165 Excitat
412 2158 421 2171 ‚
433 2144 458 2164 et
471 2139 560 2172 prima
572 2147 629 2172 spes
641 2139 779 2164 ambitiosa
788 2148 897 2165 corona.

306 2187 398 2232 Quae
417 2187 446 2222 si
470 2194 717 2233 comparentur
740 2188 834 2223 inter
854 2201 889 2223 se
909 2215 919 2233 ,
947 2195 983 2223 et

303 2240 483 2285 sequentia
502 2253 583 2274 cum
605 2240 644 2274 iis
662 2265 672 2284 ,
708 2252 784 2285 quae
815 2240 858 2274 de
885 2240 982 2284 equis

304 2293 341 2326 in
364 2292 436 2326 fine
456 2286 661 2339 Cynegetici
682 2298 764 2327 sunt
778 2317 788 2335 ,
815 2291 983 2327 eumdem

305 2343 449 2387 genium
460 2356 499 2378 ac
516 2349 695 2378 auctorem
705 2344 835 2378 referre
847 2369 857 2387 ,
875 2355 982 2378 nemo

306 2395 495 2440 negaverit.
512 2395 621 2429 VLl'r.

350 2460 401 2492 72.
443 2448 639 2492 Quantoque
666 2449 762 2481 venit
785 2449 983 2491 spectabilis

306 2503 396 2533 actu.
429 2499 537 2534 MSS.
568 2504 680 2534 actum
711 2513 722 2534 .-
748 2500 823 2545 pari
852 2499 984 2534 mendo

308 2563 411 2594 supra
422 2555 536 2585 c'ateso
546 2564 609 2597 pro
620 2564 723 2586 coeso:
735 2555 787 2586 leo
796 2565 859 2597 pro
870 2554 965 2586 leone
972 2561 983 2583 .·

310 2603 404 2637 unde
429 2603 593 2648 decessit,
626 2604 720 2650 quod
749 2605 806 2639 hic
830 2604 985 2639 accrevit.

308 2655 597 2690 Luculentissima
620 2663 740 2691 autem
765 2656 839 2691 haec
857 2656 984 2690 locutio

309 2713 346 2740 et
365 2719 446 2741 vere
464 2707 641 2743 Gratiana.
661 2707 874 2756 Cynegetico
891 2718 900 2739 ι
910 2711 986 2752 pri-

315 2770 386 2792 mos
394 2760 610 2804 nequidquam
623 2760 810 2805 offenderet
815 2764 923 2795 actus.
940 2760 985 2795 V.

1040 1202 1185 1246 Malim,
1200 1206 1324 1248 quanto
1340 1205 1459 1238 veniat
1471 1214 1483 1237 .·
1499 1201 1554 1240 vel
1564 1227 1574 1247 ,
1597 1206 1721 1248 quanto

1040 1260 1080 1290 ut
1094 1259 1218 1290 veniat.
1236 1257 1369 1303 Hssms.

1086 1308 1136 1354 73.
1164 1309 1423 1353 Compescatque
1438 1308 1556 1342 solum.
1571 1305 1668 1342 Nihil
1683 1306 1720 1341 in

1041 1359 1109 1395 hoc
1131 1370 1236 1394 versu
1257 1359 1428 1395 desidero.
1451 1359 1651 1394 Astericum
1666 1365 1722 1393 ta-

1041 1424 1126 1445 men
1143 1411 1338 1457 appositum
1354 1411 1487 1457 reliqui.
1513 1411 1572 1445 Sic
1587 1417 1622 1445 et
1640 1409 1721 1444 Lu-

1042 1475 1148 1498 canus
1163 1463 1341 1509 eleganter
1357 1458 1441 1501 dixit
1455 1473 1464 1496 2
1486 1464 1606 1497 Undas
1619 1474 1722 1497 com-

1037 1528 1176 1560 pescere
1186 1520 1295 1550 remis.
1307 1514 1420 1551 Gltsn.
1435 1515 1489 1551 lta
1500 1514 1607 1552 MSS.
1620 1520 1657 1548 et
1666 1513 1723 1549 Al·

1043 1571 1279 1612 conpiscatque
1291 1567 1383 1603 Pith.
1401 1568 1662 1612 Compara-atque
1670 1578 1724 1600 so·

1041 1621 1119 1654 lum.
1138 1619 1276 1654 Thuau.
1288 1619 1377 1654 forte
1391 1645 1401 1663 ,
1424 1622 1658 1664 concutiatque
1665 1630 1726 1653 so-

1043 1673 1122 1706 lum.
1145 1671 1279 1706 HEINS.

1089 1724 1139 1769 75.
1153 1724 1233 1765 Qua·
1242 1725 1319 1756 laus
1321 1725 1432 1765 pn'ma
1441 1722 1581 1757 Canum.
1592 1720 1722 1763 Canes,

1041 1775 1235 1819 praesertim
1262 1774 1410 1808 venatici
1433 1799 1443 1817 ,
1487 1773 1647 1808 similiter
1680 1779 1723 1806 ut

1044 1827 1124 1871 equi
1140 1853 1151 1870 ,
1184 1826 1330 1861 animosi
1361 1825 1588 1872 generosique
1614 1830 1698 1859 sunt
1716 1834 1725 1857 ε

1043 1891 1117 1912 non
1125 1878 1252 1921 timidi,
1265 1890 1337 1912 non
1347 1888 1430 1912 cum
1437 1878 1556 1911 surore
1567 1876 1726 1912 audaces.

1044 1929 1631 1974 Gsssu.—Audac1·apmceps.Me1-a
1640 1927 1727 1964 Gra-

1044 1982 1084 2017 tii
1102 1981 1254 2027 phrasis,
1284 1981 1326 2015 de
1346 1994 1431 2016 cane
1457 1980 1611 2028 hyrcano
1635 1992 1643 2015 ε
1663 1981 1732 2014 sed

1038 2044 1187 2078 preceps
1201 2037 1310 2068 virtus
1325 2039 1389 2067 etc.
1411 2032 1572 2067 Pertinet
1595 2030 1662 2066 hoc
1681 2030 1725 2066 ad

1018 2104 1022 2111 ,
1045 2098 1154 2131 genus
1170 2085 1371 2119 bellicosum
1386 2110 1396 2128 ,
1421 2096 1532 2128 quum
1547 2087 1649 2119 vomt
1662 2096 1726 2117 ex-

1044 2141 1148 2171 tmmo
1168 2138 1221 2180 (ut
1241 2136 1288 2171 ibi
1309 2136 1416 2178 canit)
1433 2147 1583 2180 pra-ceps
1602 2136 1727 2169 discti-

1044 2192 1131 2225 mine
1145 2189 1291 2223 Mavors.
1306 2187 1363 2222 Ad
1379 2200 1514 2232 sagaces
1525 2211 1536 2231 ,
1548 2185 1653 2232 *quod
1668 2199 1726 2221 se-
1775 2231 1779 2235 ,

1045 2241 1163 2286 quitur
1188 2250 1197 2271 ε
1230 2241 1447 2284 Venandt‘que
1471 2251 1586 2282 sagae:
1608 2241 1727 2272 vinus.

1047 2292 1185 2337 Quibus
1197 2295 1320 2326 natum
1334 2303 1444 2335 sagax
1456 2297 1492 2325 et
1507 2292 1646 2325 selentia
1660 2302 1726 2324 na-

1044 2348 1092 2379 tis
1113 2344 1154 2378 ab
1172 2342 1298 2378 eodem
1315 2342 1516 2377 attribuitur
1532 2342 1570 2376 in
1589 2339 1725 2388 Cyneg.

1046 2395 1209 2430 Tertium
1221 2407 1329 2440 genus
1340 2394 1472 2429 faciunt
1485 2394 1541 2428 illa
1553 2402 1562 2425 Ξ
1573 2397 1726 2438 viresque

1045 2450 1207 2493 sequendi
1223 2460 1236 2491 ‚·
1277 2447 1320 2482 de
1352 2459 1422 2492 quo
1447 2447 1485 2481 in
1513 2445 1647 2492 Cyneg.
1682 2443 1726 2479 ad

1047 2514 1078 2535 v.
1100 2513 1165 2534 200
1185 2499 1318 2534 videsis.
1338 2498 1394 2533 De
1418 2498 1526 2533 tribus
1546 2497 1599 2532 his
1622 2509 1727 2542 gene·

1046 2552 1140 2587 ribus
1157 2563 1266 2596 quum
1278 2551 1326 2585 ita
1344 2549 1502 2585 distincte
1514 2548 1570 2583 hic
1582 2554 1703 2593 agatur
1714 2572 1724 2590 ,

1048 2604 1123 2648 quis
1131 2611 1308 2638 auctorem
1316 2615 1388 2652 non
1398 2600 1550 2647 agnoseit
1561 2600 1576 2634 ?
1586 2600 1722 2643 Nempe

1046 2656 1161 2701 ipsum
1184 2654 1372 2696 Gratium;
1397 2653 1456 2699 qui
1479 2652 1611 2698 primus
1633 2651 1726 2684 inter

1046 2708 1188 2741 Latinos
1205 2706 1328 2751 triplex
1343 2719 1471 2741 canum
1492 2717 1601 2751 genus
1619 2700 1726 2738 insti-

1051 2759 1127 2794 tuit.
1152 2760 1257 2795 Vu'r.
