1884 3112
659 249 1174 298 HALIEU‘rmoN.
1538 250 1626 308 443

196 341 412 407 Agmina,
438 351 483 390 et
500 339 694 391 adversis
716 343 852 392 infert
873 363 952 393 sua
973 356 1157 412 pectora
1178 341 1278 392 telis
1299 361 1309 390 :

201 421 399 487 Quoque
421 420 568 479 venit,
593 419 735 470 fidens
758 422 899 486 magis
921 434 966 472 et
988 421 1211 471 sublatior
1233 420 1382 482 ardet,

203 498 530 565 Concussitque
552 510 697 557 toros,
723 511 768 548 et
788 499 960 548 viribus
983 499 1156 548 addidit
1175 500 1311 558 iram3
1593 513 1635 547 55

202 575 438 635 Prodidit,
463 587 596 643 atque
621 595 703 626 suo
724 589 937 644 properat
955 576 1043 626 sibi
1066 578 1231 626 robore
1254 576 1404 626 letum.

268 653 434 703 Foedus
456 654 648 703 Lucanis
670 654 949 721 provolvitur
973 656 1119 703 Ursus
1144 655 1200 703 ab
1225 655 1386 714 antris,

203 731 332 796 Quid
354 731 442 780 nisi
463 731 644 799 pondus
668 732 806 790 iners,
832 731 1093 800 stolidaeque
1113 732 1279 781 ferocia
1301 733 1497 782 mentis?

202 809 347 858 Actus
367 810 492 877 Aper
514 810 620 859 setis
644 810 755 858 iram
779 810 1014 859 denuntiat
1035 810 1168 859 hirtis
1186 848 1199 869 ,

201 887 264 936 Et
282 887 374 936 ruit
397 888 596 955 oppositi
619 888 768 937 nitens
788 888 837 936 in
859 888 1043 938 vulnera
1065 888 1199 947 ferri3
1592 901 1637 934 60

202 965 389 1015 Pressus
409 977 456 1016 et
476 966 639 1015 emisso
663 966 858 1015 moritur
879 986 962 1034 per
984 966 1151 1015 viscera
1171 965 1275 1014 telo.

201 1042 357 1093 Altera
378 1063 483 1111 pars
506 1043 649 1094 fidens
669 1044 887 1111 pedibus,
914 1045 990 1093 dat
1013 1055 1137 1107 terga
1160 1044 1387 1110 sequenti,

201 1121 268 1169 Ut
288 1122 439 1188 pavidi
461 1125 678 1189 Lepores,
704 1133 757 1170 ut
776 1121 900 1171 fulvo
924 1134 1100 1186 tergore
1125 1123 1298 1180 Damae,

205 1199 268 1248 Et
288 1211 422 1267 capto
443 1199 621 1264 fugiens
647 1201 816 1249 Cervus
839 1201 935 1250 sine
957 1200 1045 1250 fine
1066 1200 1239 1249 timore.

203 1275 311 1344 Ipsa
333 1277 462 1345 sequi
484 1288 646 1326 natura
667 1277 818 1337 docet,
841 1277 910 1327 vel
936 1278 1138 1327 cominus
1160 1278 1236 1326 ire.
1259 1282 1282 1302 *
1593 1289 1638 1323 65

271 1354 360 1404 Hic
383 1374 628 1419 generosus
650 1355 798 1404 honos
812 1394 824 1415 ,
851 1367 896 1406 et
919 1355 1061 1419 gloria
1083 1354 1225 1421 major
1248 1355 1512 1420 Equorum;

206 1488 335 1520 conus3
357 1483 395 1512 et
409 1478 500 1519 leo,
517 1490 630 1523 quum
644 1477 688 1513 de
711 1478 784 1513 aliis
799 1478 892 1512 infra

206 1528 290 1564 seris
299 1536 396 1575 agat,
411 1529 504 1576 legit.
517 1530 691 1577 Ego‘vero
700 1557 709 1575 ,
723 1531 891 1577 quoniam

205 1580 336 1628 syllaba
358 1583 398 1616 -le
421 1582 535 1618 brevis
562 1590 614 1618 est
634 1609 645 1628 ‚
682 1590 718 1618 et
748 1595 891 1624 carmen

205 1630 399 1678 claudicat,
432 1647 453 1669 a
478 1635 656 1670 veteribus
680 1629 892 1672 editionibus

206 1697 335 1730 parum
348 1685 518 1722 recedens
527 1713 537 1731 ,
549 1687 648 1734 lego:
661 1689 894 1733 Impiger-ecce

205 1740 280 1775 leo
293 1745 360 1774 etc.
385 1741 576 1775 Venantum
588 1748 708 1776 autem
721 1741 893 1776 emenda—

205 1790 256 1826 v'it
275 1790 374 1826 idem
397 1790 593 1828 ciaet-,onus
609 1819 618 1837 ,
646 1804 758 1839 quum
790 1801 893 1829 antea

206 1843 299 1878 male
313 1843 492 1890 legeretur
504 1870 514 1888 ‚
539 1846 714 1880 Venatem.
734 1845 840 1881 Cror.

251 1896 306 1940 54.
325 1898 462 1941 Quoque
473 1901 577 1931 venit.
591 1897 723 1933 Sensus
734 1897 893 1933 videtur:

208 1960 280 1993 quo
301 1947 463 1994 proprius
482 1948 598 1993 venit,
621 1949 676 1984 vel
698 1962 769 1995 quo
784 1950 893 1995 magis

207 1999 426 2035 vulneratur.
441 1999 556 2036 GESN.

254 2054 309 2088 55.
337 2054 454 2088 Toros.
479 2052 522 2088 ld
536 2060 588 2088 est
607 2059 723 2100 partes
739 2053 894 2100 corporis

209 2117 381 2141 carnosas.
401 2105 513 2140 luxu.

255 2157 310 2192 56.
341 2159 509 2192 Prodidit.
541 2156 688 2192 Manem
703 2184 713 2201 ‚
739 2161 893 2202 proruit,

210 2210 240 2244 si
259 2209 370 2245 active
396 2210 612 2255 acciperetur
628 2223 636 2244 ι
659 2212 766 2244 simul
781 2222 896 2244 omnes

202 2263 305 2308 sams
314 2266 478 2307 promunt
489 2275 543 2303 se,
562 2261 708 2296 Terent.
726 2262 835 2296 IDEM.
852 2279 898 2289 —-

213 2315 353 2350 Thuan.
365 2316 530 2350 Ptodedit
537 2327 602 2360 pro
605 2316 767 2359 pmdidit.
783 2314 878 2361 Lego
887 2325 896 2347 :

211 2375 401 2409 eumn-sinque
412 2380 482 2400 toros
490 2394 498 2407 ‚
511 2380 538 2400 et
553 2374 654 2400 viribus
666 2373 758 2407 adjicit
770 2375 851 2406 iram,

212 2423 350 2457 Pro-tigno.

213 2476 258 2509 Τὸ
271 2475 440 2519 Pmdigus
457 2487 476 2509 a
491 2474 568 2509 viro
590 2472 779 2508 clarissimo
794 2473 870 2508 viro
883 2500 893 2518 ,

211 2526 308 2561 Jano
324 2526 435 2561 Vlitio
448 2553 458 2571 ‚
475 2527 548 2572 jam
561 2532 768 2572 occupatum
783 2525 894 2560 video.

214 2579 349 2614 Htms.
364 2578 441 2625 Ego
454 2579 606 2625 legerem
616 2605 625 2622 ,
642 2580 808 2620 proeium,-
822 2577 891 2612 vid.

213 2631 258 2666 ad
274 2631 402 2666 librum
419 2642 457 2666 lx
470 2658 479 2675 ,
494 2632 641 2667 Metam.
658 2631 744 2679 649;
763 2633 899 2666 addidit

213 2697 299 2718 vero
326 2696 401 2718 non
425 2684 649 2720 mutandum.
673 2683 733 2718 Sic
750 2683 806 2718 lib.
824 2694 870 2718 111
884 2710 894 2728 ,

214 2736 366 2770 hletam.
382 2736 467 2771 306:

213 2791 336 2824 Savium,
349 2791 509 2827 flammaeque
518 2791 616 2824 minus,
629 2791 716 2818 minus
726 2791 834 2819 addidit
843 2791 895 2819 ita.

995 1477 1053 1512 58.
1077 1478 1219 1510 Femcia
1234 1477 1365 1510 mentis.
1380 1475 1497 1509 Menti
1501 1472 1641 1519 reponit

960 1528 1083 1563 Aldus.
1101 1526 1207 1562 Cror.

1001 1583 1054 1628 59.
1078 1580 1193 1615 Actus
1204 1593 1294 1626 aper.
1318 1578 1430 1614 Actus
1442 1583 1480 1613 et
1485 1590 1553 1623 per
1561 1580 1643 1613 retis

957 1632 1067 1668 MSS.
1083 1636 1117 1668 τὸ
1125 1645 1225 1677 agere
1238 1632 1286 1666 ita
1296 1632 1423 1677 passim
1436 1631 1537 1677 ponit
1549 1629 1643 1665 Gra-

957 1685 1025 1719 tiu's
1042 1696 1051 1718 ε
1069 1699 1086 1714 κ
1114 1686 1291 1732 Glympt‘ce
1306 1687 1340 1718 lc
1356 1686 1454 1718 silas}
1469 1686 1542 1727 egit
1555 1689 1619 1717 etc.
1631 1709 1641 1726 ,

957 1739 1168 1783 stimulisque
1178 1739 1376 1782 potentibus
1391 1739 1466 1771 acti
1482 1735 1643 1781 Infurias

958 1794 1087 1825 vetlem
1107 1803 1220 1825 canes.
1234 1805 1251 1820 ν»
1271 1791 1380 1824 Vn'r.

1000 1844 1056 1878 60.
1079 1845 1131 1878 Et
1146 1847 1224 1878 ruit.
1249 1841 1358 1876 MSS.
1381 1854 1419 1876 se
1434 1843 1510 1875 mil.
1530 1839 1641 1874 IDEM.

959 1897 1002 1930 Se
1024 1899 1112 1936 ruit,
1140 1895 1280 1929 Thuan.
1305 1894 1412 1928 Forte
1431 1905 1440 1927 t
1458 1895 1543 1927 iram
1564 1893 1642 1926 dum

958 1952 1096 1982 nuntiat
1117 1947 1186 1992 (vel
1197 1945 1362 1988 concitat)
1378 1947 1477 1980 hirtis
1486 1972 1494 1986 ,
1516 1957 1554 1979 sc
1567 1946 1642 1978 rut‘t.

960 2000 1161 2046 Eleganter.
1190 1999 1248 2034 Sic
1268 2002 1381 2033 omnia
1396 2010 1491 2032 ruere
1504 2023 1514 2041 ,
1541 1996 1642 2031 Ger-

959 2054 1117 2088 manicas
1135 2078 1144 2096 ,
1183 2052 1398 2099 Fragmento
1428 2048 1643 2096 Prognosti-

959 2117 1095 2141 corum.

1004 2157 1059 2192 61.
1081 2158 1228 2191 Emissa.
1240 2156 1346 2191 Forte
1360 2182 1370 2201 ,
1387 2158 1546 2191 immisso.
1564 2154 1614 2189 H.

1004 2209 1057 2252 64.
1080 2210 1132 2243 Et
1151 2213 1253 2253 capto
1265 2208 1407 2253 fugiens
1431 2220 1546 2243 cervus
1569 2210 1644 2242 sine

947 2263 1024 2307 fine
1035 2264 1161 2296 timore.
1182 2260 1296 2308 Capto
1306 2289 1314 2303 ‚
1338 2260 1373 2295 id
1386 2267 1437 2296 est
1452 2266 1621 2305 concepto
1632 2285 1641 2303 ,

961 2322 1000 2350 ut
1017 2315 1120 2361 paulo
1135 2322 1236 2361 post3
1262 2328 1341 2350 nam
1359 2317 1501 2359 capiunt
1518 2315 1643 2347 animis

955 2370 1117 2412 palmam.
1135 2367 1249 2403 Gnsiv.
1275 2367 1428 2413 Reposui
1442 2393 1451 2410 ‚
1480 2369 1581 2400 caulo
1596 2367 1644 2401 te'-

960 2433 1050 2454 more
1069 2430 1079 2451 :
1101 2419 1194 2465 quod
1212 2419 1337 2465 passim
1355 2419 1392 2453 in
1405 2416 1643 2453 vetustissimis

962 2472 1083 2508 Ovidii
1108 2472 1282 2508 codicibus
1307 2485 1373 2518 pro
1395 2475 1518 2512 caulo,
1541 2474 1643 2515 capto

960 2525 1063 2561 scribi
1077 2524 1395 2560 animadverterim.
1414 2525 1548 2559 lems.

1005 2579 1059 2613 65.
1074 2579 1091 2595 *
1102 2580 1183 2623 Ipsa
1192 2582 1294 2623 sequi.
1310 2577 1478 2613 Abundat
1489 2576 1546 2611 hic
1562 2588 1643 2611 ver-

961 2644 1018 2666 sus
1032 2658 1041 2675 ,
1062 2631 1166 2677 paulo
1184 2638 1264 2665 ante
1283 2643 1347 2665 suo
1364 2631 1441 2665 loco
1458 2629 1597 2676 positus.

1005 2683 1058 2718 66.
1080 2685 1151 2718 IIe‘c
1173 2695 1364 2727 generosus.
1396 2683 1490 2718 Puto
1513 2681 1642 2727 legen-

963 2736 1069 2780 dum,
1088 2737 1204 2778 Ht'nc;
1225 2743 1260 2770 et
1276 2747 1341 2781 pro
1357 2737 1462 2779 Nam,
1481 2732 1640 2780 sequenti

961 2801 1087 2833 versu,
1111 2789 1202 2824 Jam.
1225 2788 1358 2824 Hnms.
