1884 3112
485 249 782 294 PHAEDRA
815 251 1248 298 HIPPOLYTO.
1533 259 1587 303 8¹

233 339 381 405 Quem
402 339 540 404 fugit,
566 353 612 391 et
630 341 760 391 factis
785 342 962 393 abdicat
979 342 1054 394 ille
1079 345 1183 393 suis.

168 418 284 477 Nec,
309 418 414 485 quia
438 418 646 486 privigno
669 420 818 469 videar
841 421 1010 470 coitura
1024 440 1209 471 noverea
1223 458 1235 481 ‚

231 495 491 546 Terruerint
513 497 684 545 animos
707 497 888 546 nomina
903 517 1019 546 ¹vana
1043 509 1158 546 tuos.

1536 515 1596 549 130

170 571 262 620 Ista
281 583 407 621 vetus
429 573 592 640 pietas,
615 592 708 624 aevo
734 573 950 622 moritura
974 573 1126 621 futuro
1141 610 1155 633 ‚

237 650 420 700 Rustica
443 651 636 701 Saturno
659 670 794 714 regna
815 662 1011 708 tenente,
1036 649 1134 698 fuit.

168 728 349 796 Jupiter
371 747 465 778 esse
487 729 612 795 pium
635 728 810 787 statuit,
837 728 1136 795 quodcunque
1156 728 1352 794 juvaret3

235 807 298 856 Et
317 805 383 856 fas
407 825 536 856 omne
558 806 664 856 facit
685 806 818 856 fratre
841 806 999 855 marita
1021 825 1162 855 soror.

171 935 247 972 hec
261 934 382 982 putida
393 962 403 980 ‚
421 947 488 971 nec
501 935 595 982 ipso,
616 948 686 982 quo
701 936 854 982 rapitur,

172 988 282 1024 animi
306 987 463 1023 tumultu
484 987 677 1024 excusanda
691 1015 700 1033 ,
727 988 769 1023 ab
799 988 858 1023 illa

172 1040 325 1076 Phaedra
340 1053 447 1086 quam
464 1040 502 1075 in
515 1054 658 1076 scenam
671 1040 857 1087 Euripides

173 1092 352 1140 primum,
381 1100 417 1128 et
435 1092 571 1128 Seneca
587 1093 714 1128 deinde
733 1101 859 1140 protu-

172 1145 293 1181 lerunt
313 1145 321 1179 !
346 1144 416 1180 Vix
431 1145 527 1180 enim
541 1172 551 1190 ,
573 1145 666 1191 apud
680 1146 834 1192 priorem
846 1173 857 1192 ,

175 1197 262 1242 350,
285 1210 358 1244 sqq.
377 1204 413 1232 et
427 1196 487 1232 diu
503 1198 726 1244 multumque
748 1212 767 1234 a
789 1199 861 1234 fida

174 1250 312 1286 nutrice
322 1249 514 1295 sollicitata,
524 1250 665 1286 fatalem
674 1264 756 1297 erga
767 1251 862 1297 Hip-

176 1302 339 1351 polytum
371 1314 531 1337 amorem
562 1303 701 1338 fatetur.
742 1302 862 1338 Audet

177 1354 323 1402 quidem
335 1381 345 1399 ‚
367 1361 403 1389 et
416 1354 481 1401 ipsi
493 1354 654 1401 privigno
666 1381 676 1399 ,
694 1354 786 1401 apud
803 1354 864 1390 Se-

176 1420 303 1443 necam
314 1433 324 1451 ,
339 1407 460 1449 sateri;
474 1406 535 1442 sed
551 1414 681 1452 quanta
690 1420 864 1443 verecun—

179 1459 255 1501 dia;
276 1466 426 1505 quanto,
441 1466 481 1494 ut
491 1458 540 1494 ita
549 1458 679 1503 dicam,
696 1459 749 1494 sui
759 1459 864 1505 ipsius

177 1510 313 1558 pudore
323 1537 334 1555 ,
351 1510 586 1558 Hippolytum
603 1511 675 1546 adit
689 1537 698 1555 ,
717 1511 866 1556 alloqui-

178 1570 306 1610 turque
323 1563 330 1598 !
356 1562 470 1598 Locus
482 1588 492 1608 ,
522 1563 568 1597 ex'
586 1569 684 1609 parte
715 1562 837 1598 saltem
852 1590 863 1608 ,

177 1613 398 1658 afferendus3
415 1615 481 1650 602
491 1641 502 1659 ,
512 1627 586 1661 sqq.
599 1613 799 1661 conspecto
810 1616 865 1651 vix

185 1680 293 1714 quem
308 1666 447 1703 furebat
461 1679 469 1702 :

276 1745 309 1754 ,..
320 1726 376 1753 Ort
387 1727 479 1761 ceptis
488 1727 627 1752 transitum
637 1726 724 1752 verbis
738 1733 840 1761 negant.

243 1777 292 1802 Vin
309 1784 402 1810 mgna
415 1785 506 1802 vocem
519 1775 601 1801 mittit
610 1795 620 1808 ,
632 1781 658 1801 nt
672 1776 756 1810 major
769 1782 850 1811 umet.>

244 1826 301 1852 Vos
313 1829 406 1857 tentor,
418 1833 508 1851 omnes
521 1825 634 1857 Calites,
644 1825 705 1858 hoc,
717 1825 788 1859 quod
795 1814 866 1858 volo,

243 1874 292 1901 Me
305 1874 385 1900 noue.
409 1876 412 1879 “
513 1862 518 1868 ⁸

180 1925 267 1961 Hlpp.
292 1924 441 1950 Animusne
447 1923 672 1958 cupiens-liquid,
681 1923 754 1949 effari
761 1925 871 1958 nequit?

181 1973 368 2000 Pkoedmcm
376 1973 446 1998 leves
452 1973 611 2008 loquuntur:
624 1973 741 2007 ingentes
752 1979 867 2007 stupent.

183 2022 271 2058 Hipp.
293 2022 434 2049 Committe
443 2014 519 2047 euru
535 2022 643 2047 nuribus
651 2041 659 2053 ,
672 2028 764 2053 mater,
776 2022 852 2047 meis.

183 2071 280 2099 Phaed.
293 2071 390 2098 Macris
402 2071 544 2105 superb-un
552 2076 592 2097 ent
601 2079 695 2097 nomen
702 2091 711 2103 ,
721 2077 747 2096 et
757 2072 869 2097 nimium

350 2126 461 2155 rotem

240 2169 363 2197 ,Καίτοι
376 2169 506 2195 humiliu-
514 2179 609 2196 nomen
620 2170 728 2196 affectus
745 2171 828 2196 decet.

251 2220 299 2246 Mn
309 2219 353 2245 vnl
363 2227 477 2246 sororem
484 2238 493 2251 ,
507 2219 657 2254 Hippolyte
666 2239 675 2253 ‚
696 2221 739 2246 vel
746 2220 871 2246 famulam

299 2276 364 2294 voe·
375 2277 385 2301 ς
551 2267 553 2270 “

251 2317 443 2352 Fumat-mque
460 2319 556 2351 potius.

187 2366 236 2402 Et
256 2379 336 2412 quae
360 2374 558 2411 sequuntur
570 2393 580 2411 ,
610 2367 758 2403 mirabili
784 2367 873 2403 adeo

189 2425 263 2454 arte
280 2419 318 2453 in
335 2417 458 2453 drama
472 2419 632 2465 gallicum
648 2420 833 2455 translata!

186 2488 274 2523 Ht'pp.
299 2487 399 2512 Amore
411 2495 504 2521 nempe
522 2486 617 2512 'rheni
632 2493 703 2513 casto
715 2487 792 2512 suria.

187 2535 283 2562 tlaoed.
296 2535 446 2570 Hippolyte
457 2554 466 2567 ,
483 2536 520 2560 sie
532 2542 570 2560 est
585 2544 592 2561 z
605 2536 700 2561 Thesei
712 2537 802 2561 vultu»
817 2545 875 2562 nmo

253 2585 319 2611 nlo·
332 2585 432 2619 priores
442 2604 451 2616 ‚
469 2593 535 2619 quos
547 2585 608 2611 tulit
622 2585 753 2619 quondam
764 2594 829 2619 puer
842 2595 849 2612 τ

252 2633 347 2667 Quum
357 2634 443 2667 primu
456 2641 535 2667 purus
551 2633 630 2658 barba
639 2634 751 2667 signaret
762 2642 838 2667 genu
849 2654 860 2666 ‚

254 2682 423 2717 amnique
434 2691 527 2708 caecum
538 2682 643 2709 ono-aii
657 2683 724 2708 vidit
736 2682 859 2717 domum

255 2731 296 2757 Bt
312 2732 388 2765 bugu
402 2741 484 2758 curva
501 2731 545 2758 fil·
559 2732 663 2765 coflegit
676 2733 727 2759 via.

258 2781 327 2814 Quin
346 2787 403 2807 tum
422 2781 467 2807 ille
483 2781 576 2809 fulsit!
596 2788 646 2808 etc.

326 2839 371 2883 I.

971 936 1041 970 128.
1065 937 1141 970 Ille.
1157 934 1305 970 Mallem
1319 938 1404 980 ljose.
1422 936 1556 974 lems.

970 1000 1042 1035 ¹²9·
1053 988 1134 1028 Nec,
1149 990 1386 1032 quiaprimjgno
1396 995 1459 1023 etc.
1475 989 1608 1025 Miran-

923 1038 968 1074 da
983 1052 1066 1074 sane
1083 1039 1271 1084 conclusio,
1285 1047 1320 1075 et
1336 1040 1442 1087 digna
1451 1053 1528 1087 quae
1540 1043 1608 1078 tale.

923 1092 1106 1128 exordium
1128 1095 1422 1139 consequeretur!
1446 1096 1522 1131 Nec
1544 1109 1609 1143 ego

924 1145 1153 1192 longius,quae
1161 1153 1370 1192 sequuntur,
1379 1147 1612 1195 interpretam

927 1198 978 1233 dis
985 1199 1201 1234 immorabor
1209 1211 1217 1234 :
1225 1198 1292 1234 hoe
1303 1212 1417 1234 unum
1427 1200 1611 1237 observare

925 1250 1005 1285 satis
1020 1250 1103 1294 erit,
1121 1249 1309 1285 Phaedram
1327 1264 1370 1286 eo
1387 1264 1503 1298 usque⁴
1517 1254 1613 1288 insa-

927 1302 1003 1336 nire
1015 1328 1024 1346 ,
1043 1309 1082 1336 ut
1098 1314 1172 1336 non
1185 1302 1457 1350 animadvertat,
1473 1305 1612 1340 nullum

929 1367 1002 1389 esse
1020 1367 1061 1389 ex
1077 1354 1130 1390 his
1146 1368 1223 1401 quae
1246 1357 1348 1392 affert
1371 1359 1585 1404 argumentis
1602 1387 1612 1405 ,

930 1407 1025 1454 quod
1048 1421 1123 1442 non
1146 1417 1279 1444 castum
1292 1436 1303 1455 ‚
1329 1410 1496 1456 piumque
1519 1412 1612 1447 ado-

928 1459 1118 1495 lescentem
1139 1473 1296 1507 asperare
1311 1489 1320 1507 ‚
1339 1468 1493 1508 terrere,
1522 1463 1613 1499 alie—

930 1523 1015 1546 nare
1036 1510 1170 1548 debeat.
1458 1524 1461 1525 ⁷

978 1563 1049 1598 130.
1073 1566 1267 1599 Terruerint
1278 1569 1410 1602 animos
1425 1575 1491 1603 etc.
1516 1568 1614 1604 Ani--

930 1628 1017 1656 mum
1033 1620 1124 1651 tuum
1135 1643 1144 1658 ,
1167 1617 1343 1654 Junianus
1359 1619 1531 1655 codex.-
1541 1623 1616 1657 No·-

930 1671 1023 1702 mina
1038 1682 1139 1703 vana.
1153 1669 1310 1716 Privigni
1320 1671 1388 1707 scil.
1400 1679 1436 1707 et
1445 1686 1615 1708 novercae,

932 1720 990 1756 Sic
1007 1721 1099 1767 apud
1113 1721 1244 1757 Lucan.
1268 1734 1283 1756 1
1300 1749 1310 1768 ,
1341 1724 1429 1769 313,
1460 1725 1521 1760 sed
1550 1725 1616 1760 alio

930 1787 1035 1809 sensu·
1043 1787 1051 1809 Ζ

1145 1835 1175 1843 ...
1189 1818 1302 1844 Nomina
1318 1828 1383 1853 vqna
1394 1839 1402 1851 ,
1422 1821 1544 1848 Catones.

981 1867 1052 1902 131.
1076 1869 1151 1902 Ista
1168 1866 1404 1913 veluspe’eldm
1419 1883 1498 1916 hoeuo
1514 1875 1618 1905 mori--

928 1919 1144 1964 lurasutum.
1170 1919 1211 1954 Id
1230 1928 1299 1965 est,
1318 1928 1482 1967 argentea
1499 1929 1616 1968 aetate,

934 1984 1012 2017 quae
1034 1985 1176 2007 auream
1199 1973 1296 2007 brevi
1318 1974 1529 2019 subsequuta
1557 1986 1618 2012 est.

935 2024 983 2059 Et
1015 2038 1055 2059 ea
1089 2038 1229 2070 quoque
1261 2025 1441 2063 Juvenalis
1479 2029 1617 2075 opinio;

935 2076 1008 2112 Sat.
1024 2087 1085 2121 lv,
1109 2091 1144 2121 ι,
1166 2079 1215 2112 15.
1389 2079 1391 2083 ’

936 2133 1018 2159 Credo
1028 2132 1181 2166 pudicitiam
1190 2153 1200 2166 ‚
1216 2135 1327 2159 saturno
1338 2142 1413 2167 rege,
1429 2141 1555 2162 moratam

935 2179 967 2203 ln
982 2178 1065 2203 zen-is.

940 2223 1052 2269 Cujus
1064 2223 1206 2270 vestigia
1213 2222 1339 2269 fhrsan
1362 2226 1527 2263 exstifisse
1549 2242 1620 2264 cre-

939 2276 990 2311 dit
1007 2283 1126 2311 tamen
1139 2301 1150 2319 ,

1134 2329 1168 2354 Et
1181 2329 1230 2354 sub
1242 2329 1323 2363 Jove3
1337 2332 1382 2356 sed
1393 2331 1460 2358 Jove
1472 2333 1589 2359 n'ondum

937 2370 1059 2396 Bau-bato.

988 2431 1000 2450 1
1006 2416 1058 2450 32.
1066 2417 1211 2450 Rustica
1218 2418 1361 2452 Saturno
1367 2431 1471 2463 regna
1478 2423 1622 2456 tenente.

942 2470 1051 2505 Refer
1059 2472 1187 2504 ναι-[ἴω
1199 2469 1242 2504 ad
1254 2483 1357 2515 mgna
1371 2485 1448 2517 quae
1464 2479 1548 2507 tunc
1563 2474 1624 2509 Sa-

941 2530 1066 2557 turnus
1086 2524 1225 2556 tenebat
1238 2534 1249 2564 ;
1274 2535 1348 2557 non
1373 2524 1417 2558 ad
1434 2528 1599 2568 pietatem
1611 2554 1622 2573 ,

941 2581 981 2609 ut
995 2574 1069 2608 sine
1083 2586 1187 2608 sensu
1205 2573 1358 2619 quidam.

990 2625 1060 2669 134.
1083 2628 1202 2660 Fratre
1217 2630 1341 2660 marita
1353 2639 1454 2662 soror.
1469 2627 1626 2675 Siigten—

941 2678 1075 2713 horstio
1092 2678 1276 2714 videbatur
1288 2679 1477 2726 legendum
1487 2682 1626 2726 ‚st-alm·

942 2733 1056 2765 amica
1073 2743 1174 2765 soror.
1188 2731 1321 2767 HEINS.
1337 2732 1546 2767 Insolentior
1560 2735 1629 2770 sci-

943 2781 1023 2818 licet
1041 2783 1104 2829 ipsi
1126 2783 1310 2821 videbatur
1332 2788 1545 2822 constructio
1563 2800 1570 2822 :
1590 2796 1628 2822 ut

1387 2847 1414 2889 6
