1884 3112
1437 252 1615 271 mmmmm

237 420 679 494 HIPPOLY
695 420 796 490 TI
843 418 974 490 AD
1023 415 1547 488 PHAEDRAM

710 611 1061 650 RESPONSIO.

181 954 504 1033 'NIIRABAIQ
532 974 643 1041 quid
665 973 821 1023 crebra
844 973 933 1022 sibi
957 973 1152 1040 suspiria
1173 971 1357 1031 vellent,

250 1052 447 1118 Fixaque
467 1050 716 1100 luminibus
739 1050 910 1099 lumina
932 1069 1048 1118 saepe
1071 1050 1208 1108 meis;

186 1130 248 1179 Et
265 1128 442 1178 blandae
465 1129 654 1177 nimium
675 1147 826 1188 voces,
853 1147 1040 1195 quaeque
1061 1147 1140 1177 ora
1163 1127 1334 1177 silentis

253 1209 431 1257 Mutato
455 1207 588 1256 toties
612 1208 740 1270 signa
764 1205 913 1255 colore
938 1206 1117 1254 dabant.

187 1288 281 1336 Nec
303 1297 505 1354 poteram
526 1304 639 1335 verae
666 1284 854 1334 similem
875 1283 987 1331 mihi
1007 1282 1174 1345 fingere
1196 1300 1391 1339 causam,
1598 1294 1619 1328 5
1645 1291 1647 1293 ’

256 1366 350 1414 Cur
373 1365 562 1428 gemitus
583 1363 710 1412 nullo
734 1362 837 1413 laesa
862 1361 1014 1410 dolore
1039 1361 1178 1409 dares.

116 1487 133 1497 .
190 1445 291 1492 Jam
311 1443 425 1502 scio,
451 1442 665 1492 tendebas
689 1460 832 1490 casses
853 1440 965 1488 mihi
984 1459 994 1487 :
1016 1438 1183 1501 detegit
1207 1436 1309 1486 illos

257 1520 400 1587 Impia
422 1518 634 1582 sacrilega
655 1518 784 1566 litera
808 1518 972 1584 scripta
992 1529 1140 1565 manu.

191 1599 294 1647 Non
318 1597 401 1646 tibi
423 1596 612 1646 laedendi
635 1595 855 1654 studium,
881 1595 1154 1660 dignumque
1176 1611 1364 1642 noverca

254 1674 514 1737 Ingenium,
539 1674 738 1741 quamvis
761 1691 950 1737 magnus
974 1671 1140 1721 ademit
1162 1661 1299 1720 amor.
1583 1696 1621 1718 ιω

191 1753 415 1816 Privignis
439 1752 534 1802 aliae
557 1753 747 1802 miscent
770 1752 946 1801 aconita
965 1768 1191 1799 novercae:

256 1831 329 1878 Tu
351 1849 442 1888 me,
470 1849 602 1897 quam
625 1829 775 1897 possis
799 1829 979 1887 laedere,
1005 1828 1133 1895 pejus
1157 1845 1289 1875 amas.

140 1966 151 1976 ν
192 1908 418 1973 Perlegis?
441 1929 497 1959 an
519 1909 676 1977 primis
701 1921 743 1958 te
766 1907 934 1971 frangit
956 1905 1146 1974 epistola
1168 1904 1337 1962 verbis,

257 1985 436 2036 Tollere
459 2006 560 2035 cum
584 1998 689 2034 voto
715 2005 839 2052 spem
865 2004 1043 2052 quoque
1065 1985 1158 2032 visa
1182 1983 1291 2031 tuo?

196 2063 404 2128 Perlege3
429 2064 508 2114 sed
531 2064 688 2122 timeo,
713 2083 770 2112 ne
795 2063 988 2112 scribam
1010 2061 1191 2111 mollius
1216 2078 1368 2127 aequ0,
1590 2071 1629 2106 15*

260 2145 322 2192 Et
345 2143 491 2192 desint
515 2143 663 2192 animo
687 2162 744 2191 ne
767 2161 864 2190 mea
885 2141 1020 2190 verba
1045 2159 1140 2188 su0.

198 2223 291 2270 Nec
313 2221 636 2289 rescripsissem
654 2241 664 2269 ε
682 2220 759 2270 sed
773 2258 786 2280 ,
810 2231 863 2269 ut
885 2238 932 2269 es
957 2219 1051 2267 sine
1074 2228 1243 2275 mente,
1262 2233 1484 2273 veremur,

264 2300 334 2348 Ne
360 2299 444 2348 tibi
468 2310 518 2348 tu
542 2299 662 2347 dicas
681 2319 692 2348 ε
712 2298 936 2347 Vicimus!
962 2295 1037 2344 ille
1060 2306 1188 2344 tacet.

199 2378 262 2425 Ut
285 2375 371 2424 tibi
394 2376 479 2424 sim
499 2374 664 2432 facilis,
689 2394 793 2432 nec,
821 2394 921 2441 quae
944 2374 1085 2441 petis,
1111 2373 1208 2440 ipse
1233 2389 1455 2428 recusem,

264 2453 498 2520 Turpiter,
523 2465 570 2502 et
590 2450 719 2500 nullo
738 2452 854 2500 victa
876 2452 1070 2519 pudore,
1092 2469 1239 2513 rogas.
1590 2470 1634 2494 πο

205 2532 345 2597 Quod
367 2530 500 2580 simul
523 2543 575 2580 ut
596 2530 705 2594 legi,
731 2529 786 2580 de
808 2530 936 2580 Divis
962 2541 1164 2596 questus,
1191 2539 1236 2577 et
1258 2527 1379 2593 ipso,

267 2611 317 2659 Si
336 2622 440 2659 tuus
464 2621 533 2658 est
554 2628 770 2676 proavus,
794 2628 926 2676 quem
947 2607 1087 2675 pudet
1112 2626 1227 2665 esse,
1252 2607 1379 2655 Jove.

202 2687 381 2755 Jupiter
395 2725 407 2746 ,
430 2686 517 2736 hoc
540 2686 782 2754 probrum,
808 2686 922 2746 dixi,
945 2686 1211 2752 stirpisque,
1237 2695 1453 2751 tuumque

274 2764 564 2824 Dissimulas,
590 2777 636 2814 et
657 2764 801 2814 adhuc
823 2764 1020 2815 crederis
1035 2783 1128 2813 esse
1149 2763 1300 2812 Deus!
