1884 3112
325 294 403 341 182

781 295 1132 340 FPISTOLA
1164 299 1256 342 IX.

383 386 486 432 Non
509 385 736 433 hominum
760 386 948 451 pingues
966 388 1079 437 caede
1098 399 1297 437 tacentur
1313 389 1463 457 equae?
1681 421 1727 455 9⁰

318 462 663 529 Prodigiumque
684 461 866 528 triplex,
890 466 1074 514 arment-i
1098 466 1217 515 dives
1240 467 1382 526 Iberi,

385 540 629 605 Geryones,
658 541 854 606 quamvis
876 541 923 589 in
948 542 1091 591 trihus
1113 563 1230 593 unus
1254 546 1375 594 erat?

316 618 456 682 Inque
480 636 606 665 canes
631 617 814 667 totidem
839 630 995 668 trunco
1018 621 1215 684 digestus
1237 622 1293 670 ab
1316 641 1409 671 uno

385 694 623 752 CerberoS‚
648 695 875 762 implicitis
897 717 1037 760 angue
1059 699 1254 748 minante
1274 700 1440 748 comis?

319 771 517 837 Quaeque
543 772 819 821 redundabat
841 773 1030 823 fecundo
1053 766 1230 825 vulnere
1250 796 1433 844 *serpens
1591 815 1593 819 .
1684 791 1728 838 9⁵

380 847 576 906 Fertilis,
599 860 643 896 et
666 849 836 898 damnis
861 851 980 901 dives
1003 853 1057 900 ab
1083 853 1179 920 ipsa
1202 853 1324 902 suis?

320 924 498 990 Quique
521 924 636 982 inter
658 925 898 994 laevumque
921 928 1057 987 latus,
1082 928 1325 995 laevumque
1351 929 1584 988 lacertum,

383 1001 608 1064 Praegrave
623 1008 883 1069 -comPressa
903 1003 1025 1054 fauce
1049 1005 1260 1072 pependit
1285 1007 1434 1053 onus?

318 1077 379 1124 Et
399 1077 510 1126 male
533 1077 745 1127 confisum
768 1079 979 1145 pedibus,
1004 1081 1231 1149 formaque
1254 1082 1510 1140 bimembri,

383 1154 567 1202 Pulsum
589 1155 853 1204 Thessalicis
877 1175 1031 1219 agmen
1055 1169 1254 1224 equestre
1276 1158 1425 1223 jugis?

1670 1176 1730 1204 100

320 1231 425 1279 Haec
450 1243 498 1279 tu
521 1232 705 1281 Sidonio
730 1245 858 1299 potes
879 1234 1119 1298 insignitus
1143 1235 1305 1283 amictu

385 1309 540 1357 Dicere
558 1310 576 1357 Ρ
598 1329 689 1358 non
712 1310 835 1359 cultu
857 1310 1007 1375 lingua
1029 1323 1199 1360 retenta
1220 1311 1353 1360 silet?

322 1386 378 1434 Se
403 1405 579 1452 quoque
602 1388 808 1454 Nympha
831 1389 919 1438 tuis
943 1390 1114 1438 ornavit
1135 1390 1332 1439 Iardanis
1355 1390 1513 1448 armis„

321 1509 394 1545 Ubi
420 1510 509 1544 male
540 1509 681 1555 quidam
716 1510 841 1556 legunt*
857 1512 994 1556 fotibus

319 1575 482 1607 suspensa
503 1565 672 1606 superbis,
705 1576 790 1608 quos
819 1563 875 1599 hic
898 1564 993 1599 locus

321 1614 456 1649 refellit.
473 1614 605 1649 Hnms.
811 1650 816 1657 ,

291 1700 295 1703 Δ
353 1668 406 1712 95.
413 1667 647 1700 Redundabal.
654 1666 852 1702 Puteaneus
859 1680 877 1702 a
884 1681 993 1703 manu

321 1718 432 1764 prima
442 1744 451 1760 ,
468 1720 622 1752 elalabat
636 1729 648 1759 ,⁰
669 1718 757 1753 sorte
773 1731 837 1764 pro
855 1722 994 1754 resulta-

324 1775 392 1805 bat.
404 1771 537 1805 HEINS.
551 1769 622 1804 Sed
637 1771 846 1805 redundabat
858 1771 995 1817 elegans

323 1832 359 1859 et
378 1825 525 1870 probum
538 1850 546 1866 ,
570 1823 773 1869 metaphora
794 1836 812 1857 a
836 1823 995 1858 fiuctibus

325 1877 515 1921 desumpta.
532 1875 604 1910 Cic.
616 1888 680 1921 pro
698 1876 868 1919 Murena,
885 1888 913 1909 c.
930 1876 972 1924 39
986 1887 994 1909 :

324 1930 394 1963 Sed
404 1930 485 1972 quid
493 1927 724 1972 landemfiet?
743 1930 780 1961 si
789 1929 864 1961 boec
877 1929 996 1971 elapsa

324 1982 366 2014 de
387 1984 538 2016 manibus
552 1983 691 2021 nostr-115,
717 1982 753 2013 in
768 1992 841 2014 eum
855 1991 992 2018 annum,

324 2034 386 2076 qui
400 2033 632 2075 consequitur,
654 2031 869 2064 redundarint
880 2031 898 2065 P
922 2028 994 2063 Ubi

326 2097 357 2116 v.
381 2081 574 2116 Camerarii
597 2089 718 2123 notas;
749 2088 783 2116 et
802 2082 849 2116 ita
873 2081 997 2127 passim

323 2134 447 2180 optimi
461 2134 597 2179 quique.
618 2134 748 2169 BURM.

369 2186 422 2233 96.
444 2188 580 2220 Femm
593 2213 602 2226 ,
631 2190 669 2220 et
686 2188 819 2220 damnis
842 2187 934 2220 dives
954 2186 998 2217 ab

326 2242 402 2282 ipsa
431 2242 510 2272 suis.
550 2238 671 2282 Quam
708 2237 891 2283 magnifice
925 2237 998 2271 haec

265 2330 267 2332 ‚
333 2291 457 2325 Horat.
474 2301 531 2334 lv,
550 2290 676 2334 Od.·4‚
694 2304 723 2325 v.
743 2291 804 2335 57!

391 2350 471 2375 Duris
481 2355 509 2374 ut
519 2350 570 2375 ilex
580 2355 652 2375 tonsa
662 2351 818 2383 bipennibus

392 2400 481 2432 Nigrae
490 2399 569 2424 serati
579 2399 677 2424 frondis
688 2400 713 2423 in
724 2399 819 2432 A'gido
829 2419 837 2430 ,

424 2449 474 2473 Per
484 2448 576 2473 damna
583 2467 592 2479 ,
605 2457 651 2482 per
660 2450 738 2473 caedes
750 2468 757 2479 ‚
771 2449 803 2473 ab
814 2449 869 2481 ipso

425 2497 502 2523 Ducit
513 2506 573 2530 ⁰1⁶⁵
585 2517 594 2529 ,
610 2498 776 2532 animumque
790 2498 866 2523 ferro.

373 2562 425 2596 97.
445 2551 570 2594 Quique
587 2553 678 2584 inter
691 2553 867 2595 Iaevumque
886 2552 976 2583 lalus
986 2576 995 2591 ,

327 2603 503 2646 loevumque
518 2604 686 2636 lacertum.
710 2602 768 2636 Sic
778 2609 875 2636 vetus
887 2602 996 2636 lectio.

331 2652 446 2695 Atque
457 2653 491 2686 in
504 2653 555 2687 his
567 2654 719 2688 versibus
730 2654 843 2688 Antaei
854 2660 889 2687 et
903 2654 998 2687 Her-

330 2703 412 2737 culis
433 2703 522 2738 lucta
547 2705 588 2738 ab
615 2705 743 2740 Ovidio
774 2705 975 2739 describitur
987 2719 995 2745 ;

327 2761 366 2788 ut
378 2755 549 2789 sublatum
562 2756 646 2790 laevo
662 2757 800 2791 brachio
810 2783 819 2800 ,
835 2757 996 2790 Antaeum

330 2807 497 2841 Hercules
514 2809 678 2841 sustineat
689 2834 698 2851 ,
720 2821 764 2841 ne
782 2814 895 2841 mater
911 2808 998 2842 vires

1056 1513 1317 1555 subministret;
1342 1512 1463 1548 dextra
1480 1518 1598 1548 autem
1622 1524 1732 1547 manu

1055 1565 1170 1599 fauces
1176 1565 1411 1610 comprimens
1416 1577 1499 1599 eum
1506 1570 1608 1600 necet
1618 1576 1626 1598 :
1634 1563 1734 1598 aliter

1056 1616 1092 1650 id
1104 1629 1292 1661 compressa
1296 1616 1405 1660 fauce
1415 1644 1424 1658 ,
1447 1616 1581 1650 nullam
1595 1615 1640 1650 ad
1654 1627 1733 1650 rem

1057 1667 1314 1703 accommodari
1334 1668 1472 1713 poterit.
1495 1667 1589 1702 Sunt
1613 1673 1732 1701 tamen

1059 1720 1118 1764 qui
1141 1719 1184 1754 de
1208 1720 1373 1754 Nemeaeo
1393 1719 1494 1754 leone
1511 1719 1568 1753 hic
1583 1718 1637 1764 agi
1654 1730 1735 1752 cre-

1059 1771 1156 1815 dant,
1172 1784 1210 1806 ac
1218 1773 1429 1816 dextrumque
1439 1773 1600 1805 lacertum
1607 1769 1733 1815 legant.

1060 1820 1735 1858 Nauem.—Herculaneusliberhabet

1059 1875 1272 1919 dextrumque
1287 1877 1378 1908 latus
1391 1875 1604 1918 dextrumque
1623 1874 1734 1906 Iacer-

1059 1929 1152 1969 lum,·
1185 1932 1220 1960 et
1250 1926 1298 1959 ita
1330 1925 1496 1960 Antaeum
1525 1935 1664 1969 quoque
1691 1923 1734 1957 ab

1061 1977 1214 2012 Hercule
1235 1990 1473 2023 compressum
1498 1976 1599 2010 docet
1618 1987 1734 2010 num-

1064 2042 1154 2073 mus,
1169 2042 1274 2075 quem
1283 2029 1482 2064 Gronovius
1491 2029 1527 2062 in
1538 2027 1650 2062 Diatr.
1659 2027 1735 2062 Sta·
1754 2038 1756 2041 ·

1061 2082 1154 2115 tiana
1166 2107 1175 2125 ‚
1194 2095 1223 2116 c.
1244 2092 1335 2125 xxv,
1357 2080 1493 2115 exhibet
1504 2106 1514 2124 ,
1531 2079 1590 2114 ubi
1605 2078 1735 2125 pendet

1061 2132 1206 2168 Antaeus
1217 2131 1431 2178 co'mpressus
1440 2131 1560 2166 dextra
1571 2143 1680 2165 manu
1691 2130 1735 2165 ad

1062 2184 1222 2218 dextrum
1253 2185 1340 2219 latus
1373 2183 1543 2218 Herculis.
1575 2183 1734 2227 Utraque

1062 2249 1171 2271 manu
1187 2236 1412 2271 constrictum
1424 2263 1434 2280 ,
1458 2242 1580 2270 ventre
1604 2233 1735 2280 pectori

1063 2289 1225 2323 Herculis
1235 2288 1394 2331 admoto,
1412 2287 1550 2322 exhibet
1557 2288 1600 2320 de
1626 2285 1736 2321 Wilde

1062 2343 1099 2376 in
1117 2342 1231 2388 Signis
1242 2368 1252 2385 ‚
1273 2354 1348 2387 pag.
1364 2341 1404 2387 37
1421 2354 1430 2381 ;
1453 2339 1500 2373 ita
1516 2345 1555 2373 ut
1569 2338 1688 2373 Poetae
1700 2342 1736 2370 et

1063 2395 1201 2429 fictores
1213 2392 1429 2428 variaverint.
1443 2392 1573 2426 Bmtm.

1106 2460 1159 2493 99.
1176 2448 1226 2479 Et
1240 2448 1328 2480 male
1344 2446 1501 2490 confisum
1511 2443 1654 2487 pedibus
1671 2446 1734 2474 etc.

1066 2497 1327 2532 Centaurorum
1348 2495 1588 2541 pernicitatem
1606 2491 1736 2527 intelli-

1063 2550 1129 2595 git,
1153 2563 1239 2594 quos
1252 2561 1371 2594 agmen
1389 2551 1539 2592 equestre
1558 2543 1736 2590 ingeniose

1062 2609 1170 2637 vocat.

1110 2653 1181 2687 103.
1209 2654 1252 2686 Se
1270 2665 1394 2697 quaque
1410 2657 1473 2685 etc.
1504 2648 1598 2683 Cave
1618 2645 1735 2681 audias

1061 2711 1215 2739 vetustos
1226 2703 1358 2739 codices
1370 2730 1380 2746 ,
1393 2702 1456 2747 qui
1474 2702 1625 2735 oneravit
1637 2697 1734 2732 exhi-

1061 2757 1164 2790 bent:
1181 2755 1431 2800 praestantiores
1447 2759 1538 2788 stant
1550 2764 1613 2797 pro
1628 2750 1734 2786 altera

1062 2808 1218 2842 lectione.
1237 2808 1368 2842 Hssms.
1382 2804 1472 2840 Mihi
1483 2806 1614 2840 ornavit
1622 2802 1669 2837 ita
1684 2814 1733 2837 sa-
