1884 3112
535 909 976 967 EPISTOLAE
1039 912 1516 971 UNDECIMAE

767 1057 1291 1102 ARGUMENTUM.

829 1173 842 1195 K

340 1268 343 1271 ,
373 1211 517 1251 Canace
544 1219 582 1252 et
599 1213 794 1253 Macareus
810 1242 822 1264 ,
845 1213 948 1253 AEoli
969 1222 1170 1255 ventorum
1191 1215 1291 1270 regis
1313 1214 1400 1265 filii,
1433 1229 1552 1269 quum
1574 1216 1735 1256 nefando

316 1282 435 1321 amori
455 1282 606 1335 turpius
635 1283 901 1335 indulsissent,
940 1283 1060 1323 filium
1084 1284 1230 1324 Canace
1251 1285 1399 1338 peperit
1414 1314 1428 1336 ,
1449 1299 1564 1338 quem
1577 1314 1591 1336 ,
1616 1300 1735 1338 quum

318 1366 339 1390 e
366 1353 492 1407 regia,
508 1353 668 1393 nutricis
690 1368 765 1408 ope
780 1382 793 1404 ,
819 1354 1027 1404 emitteret,
1053 1362 1099 1394 ut
1121 1354 1214 1394 clam
1238 1354 1426 1405 aleretur,
1446 1355 1574 1411 vagitu
1600 1369 1672 1395 suo
1696 1348 1736 1395 se

316 1422 508 1475 prodidit3
540 1431 579 1462 et
592 1422 758 1464 filiorum
782 1423 920 1463 scelere
934 1424 1110 1465 incensus
1132 1433 1239 1479 pater
1255 1425 1434 1464 infantem
1453 1423 1606 1465 canibus
1627 1425 1739 1480 jussit

317 1493 474 1546 exponi,
496 1501 535 1534 et
552 1493 718 1549 gladium
739 1493 896 1534 Canacae
921 1495 1043 1546 misit,
1068 1480 1147 1548 quo
1177 1510 1249 1549 pro
1280 1495 1424 1535 meritis
1447 1503 1629 1536 uteretur.
1660 1494 1738 1535 Sed

315 1563 536 1615 priusquam
551 1564 736 1604 mor-latur
748 1594 760 1614 ,
773 1565 948 1604 Macareo
962 1593 974 1615 ,
991 1566 1059 1618 qui
1077 1567 1150 1619 jam
1168 1566 1208 1604 in
1229 1565 1411 1619 templum
1431 1565 1621 1619 Apollinis
1638 1564 1740 1606 Del-

315 1631 419 1685 phici
434 1633 656 1689 confugerat
665 1663 677 1684 ,
689 1648 794 1674 casus
809 1648 900 1674 suos
914 1633 983 1674 hac
997 1634 1168 1688 Epistola
1182 1642 1327 1683 narrat;
1346 1642 1532 1689 rogatque
1550 1642 1596 1674 ut
1608 1634 1736 1674 matris

317 1702 429 1741 simul
445 1711 483 1742 et
502 1703 611 1757 pueri
625 1704 769 1744 cineres
786 1703 938 1759 colligat
953 1734 964 1754 ‚
983 1713 1021 1744 et
1043 1704 1169 1744 eadem
1191 1719 1287 1744 urna
1308 1712 1416 1744 curet
1433 1703 1734 1757 componendos.

371 1772 533 1812 Vidend.
550 1771 733 1826 Apollod.
745 1784 776 1823 1',
797 1789 818 1827 7
834 1788 844 1821 ;
861 1774 1002 1830 Hygia.
1017 1773 1105 1813 Fab.
1123 1773 1325 1822 238-242;
1344 1772 1589 1827 Aristophan.
1603 1772 1734 1812 Schol.

317 1842 364 1881 ad
386 1841 544 1892 Nubes,
581 1842 706 1896 1374ς
733 1844 781 1883 ad
810 1844 943 1883 Ranas
955 1874 968 1893 ‚
992 1844 1096 1898 874;
1128 1852 1166 1884 et
1196 1846 1411 1900 Fragment.
1432 1843 1610 1899 Euripid.
1633 1842 1734 1897 apud

318 1912 473 1955 Bames.
489 1943 502 1965 ,
527 1929 565 1968 p.
591 1914 686 1964 444.
707 1915 781 1955 Ed:
806 1914 1021 1971 Cantabrig.
1050 1913 1168 1971 1694.
