1884 3112
289 374 426 478 AD
504 376 872 450 LIVIAM
944 379 1532 468 AUGUSTAM‚

866 541 944 576 DE

383 670 676 729 MORTE
729 672 990 730 DRUSI
1034 673 1455 743 NERole,

655 820 657 825 .
718 785 1137 857 F1L11EJUS„

637 919 1168 983 CONsoLATlo.

197 1121 354 1195 VlsA
375 1145 455 1196 diu
476 1145 603 1207 felix,
627 1158 768 1198 mater
786 1148 923 1198 modo
951 1149 1069 1199 dicta
1090 1151 1354 1209 Neronum;

260 1224 377 1279 Jam„
386 1224 473 1274 tibi
495 1224 729 1275 dimidium
751 1227 947 1277 nominis
970 1228 1105 1295 hujus
1128 1229 1287 1279 abest:
1338 1243 1340 1249 ’

197 1301 300 1351 Jam
320 1300 432 1366 legis
453 1302 505 1350 in
523 1303 723 1353 Drusum
744 1304 1021 1365 miserabile,
1044 1307 1191 1365 Livia,
1217 1324 1423 1356 carmen:

266 1380 442 1439 Unum,
469 1380 548 1448 qui
568 1381 689 1439 ,dicat
709 1383 798 1449 jam
823 1384 932 1443 tibi,
957 1396 1122 1443 mater,
1145 1383 1299 1434 habes.

199 1457 294 1508 Nec
316 1469 394 1508 tua
416 1471 459 1509 te
481 1460 624 1526 pietas
647 1461 862 1512 distendit
883 1482 1030 1512 amore
1055 1463 1247 1512 duorum
1265 1483 1279 1512 ε
1608 1473 1629 1507 5

264 1536 358 1585 Nec
379 1537 532 1604 posito
556 1537 623 1587 fili
639 1533 850 1600 nomine,
876 1540 1005 1599 dicis3
1036 1541 1183 1590 Uter?

197 1613 260 1663 Et
278 1613 515 1682 quisquam
537 1615 659 1680 leges
680 1618 813 1667 audet
836 1619 921 1667 tibi
946 1618 1088 1668 dicere
1110 1618 1281 1668 flendi?

259 1693 322 1742 Et
343 1693 581 1762 quisquam
604 1695 804 1746 lacrimas
829 1709 1048 1764 temperat
1071 1716 1147 1746 ore
1172 1708 1271 1745 tuas
1285 1696 1312 1744 ἐ’
1339 1722 1342 1729 ·

196 1771 287 1821 Hei
308 1767 441 1822 mihi!
468 1793 600 1841 quam
623 1774 750 1824 facile
776 1771 865 1834 est,
890 1774 1090 1842 quamvis
1112 1774 1187 1824 hic
1204 1772 1396 1837 contigit
1419 1791 1571 1822 omnes
1583 1786 1599 1830 ,’

258 1850 459 1902 Alterius
482 1852 607 1914 luctu
630 1853 768 1902 fortia
788 1854 926 1902 verba
948 1853 1097 1920 loqui!
1591 1876 1633 1899 10

243 1997 258 2018 1
264 2009 272 2018 .
294 1983 414 2019 Mater
417 1984 516 2019 modo
525 1985 621 2020 dicta
628 1985 805 2021 Ncmnum.
813 1985 880 2020 Ti-

196 2035 286 2072 berii
300 2034 371 2071 scil.
395 2042 432 2071 et
447 2035 579 2080 Drusi,
599 2049 692 2082 quos·
713 2051 754 2073 ex
774 2038 883 2084 priori

196 2087 349 2135 conjuge
363 2087 513 2124 Tiberio
524 2089 669 2126 Nerone
686 2089 789 2125 Livia.
799 2103 883 2126 sus·-

196 2147 353 2186 ceperat.

241 2192 322 2237 3-4.
337 2193 538 2229 Μὶῐεναόιῒι·
546 2206 690 2229 carmen.
706 2193 883 2229 Admise-

196 2243 388 2280 ricordiam
402 2245 699 2281 commovendam
712 2246 883 2293 composi-

197 2302 285 2332 tum.
298 2296 359 2333 Sic
369 2297 463 2344 apud
474 2298 597 2345 virgil.
610 2298 805 2334 Philomela
815 2303 882 2335 mi-

194 2351 341 2384 semh'le
351 2363 486 2386 carmen
495 2353 699 2395 integralae—
704 2351 813 2387 Unum
824 2354 887 2397 qui

193 2402 293 2436 dicat
305 2407 371 2437 etc.
392 2401 424 2437 E
440 2401 577 2438 duobus
598 2402 676 2439 filiis
689 2416 775 2438 unus
792 2411 880 2440 tan-

191 2459 271 2488 tum
295 2461 472 2500 superest,
497 2455 557 2501 qui
580 2454 673 2490 dulci
698 2462 733 2491 te
758 2456 879 2492 matris

191 2505 339 2541 nomine
357 2505 563 2553 compellet!
583 2507 686 2542 Idem
702 2508 796 2554 quod
811 2522 879 2544 su—

191 2570 271 2605 pra:
279 2559 362 2593 Jam
370 2561 438 2594 tibi
441 2561 615 2595 dimidium
622 2564 767 2596 nomimlc
777 2561 879 2607 hujus

194 2609 346 2655 (matris)
356 2613 479 2654 abes-t,-
494 2618 529 2647 et
543 2611 588 2648 ad
598 2612 791 2649 Ovidianos
804 2626 878 2649 mo-

194 2661 258 2697 dos
274 2669 310 2697 et
325 2659 422 2709 quasi
438 2671 546 2699 nutus
562 2665 758 2712 aptissimus
773 2679 878 2712 sane,

198 2714 258 2761 qui
267 2714 354 2760 haec,
364 2715 474 2751 sinon
483 2715 631 2753 Ovidius
641 2717 725 2764 ipse,
734 2718 878 2765 scripsit.

244 2767 322 2812 7-8.
344 2769 396 2803 Et
406 2772 578 2815 que‘squam
593 2773 685 2817 leges
696 2772 802 2808 audet
815 2773 885 2809 tibi

943 1986 1055 2019 dicere
1064 1974 1192 2028 fle'ndts
1202 1983 1295 2028 Quis
1312 1982 1468 2019 intanto
1483 1987 1626 2027 tamque

947 2035 1040 2081 justo
1056 2035 1177 2070 dolore
1187 2061 1196 2079 ‚
1203 2037 1322 2081 flendi
1330 2035 1478 2070 modum
1499 2041 1559 2069 aut
1578 2035 1632 2067 Ie·-

944 2101 1006 2133 ges
1030 2087 1156 2123 audeat
1178 2087 1239 2123 tibi
1260 2087 1472 2133 praeci'pere?
1490 2084 1631 2139 Eodem

947 2140 1056 2175 animi
1073 2141 1200 2175 affectu
1226 2140 1353 2174 Horat.
1374 2139 1418 2174 ad
1435 2138 1559 2185 Virgil.
1584 2137 1627 2172 de
1670 2139 1672 2141 ’

947 2199 1062 2227 morte
1075 2191 1261 2237 Quinctilii
1271 2191 1371 2235 Vari,
1384 2191 1476 2235 lib.1‚
1489 2189 1558 2227 Od.
1571 2191 1629 2234 24:

979 2253 1047 2286 Quis
1058 2253 1187 2278 desiderio
1198 2254 1232 2278 sit
1245 2253 1330 2287 pudor
1340 2257 1385 2278 aut
1395 2252 1490 2278 modus

978 2303 1045 2327 Tam
1057 2302 1111 2327 cni
1123 2301 1238 2335 cepitis?

945 2370 991 2377 —
1000 2349 1166 2386 Notanda
1181 2350 1219 2385 in
1232 2349 1394 2396 sequenti
1409 2349 1539 2385 locutio
1555 2350 1630 2386 haec

944 2406 1105 2438 lacrimas
1119 2416 1176 2438 σιτ
1190 2407 1372 2448 temperare
1382 2430 1391 2445 ‚
1406 2402 1503 2448 quod
1517 2401 1634 2446 idem„

945 2468 984 2491 ac
1001 2454 1116 2490 verbis
1130 2455 1368 2490 consolatoriis
1385 2454 1545 2489 dolorem
1558 2454 1628 2489 ali-

944 2508 1043 2552 cujus
1053 2507 1276 2543 imminuere.
1287 2507 1383 2543 Hinc
1391 2520 1474 2543 sane
1482 2507 1633 2551 Statius„

945 2560 1029 2596 silv.
1043 2559 1132 2595 libro
1145 2571 1168 2598 v
1180 2587 1191 2606 ,
1211 2559 1331 2596 Carm.
1345 2571 1369 2595 v
1381 2587 1392 2605 ,
1410 2560 1474 2595 60:

1209 2638 1241 2646 ...
1260 2621 1314 2654 Qui
1328 2620 1413 2646 dicere
1425 2621 1510 2653 legem

943 2669 1062 2696 Fletibus
1070 2689 1078 2701 ‚
1093 2676 1138 2695 ont
1151 2670 1214 2696 fines
1229 2670 1308 2696 nudet
1320 2678 1426 2695 censere
1437 2669 1552 2696 dolendi.

987 2735 1090 2770 9-ιο.
1112 2723 1189 2757 Hei
1203 2722 1309 2758 mffii!
1321 2736 1419 2769 quam
1426 2723 1540 2769 facile
1559 2728 1632 2767 est,

942 2775 1097 2812 Alterius
1123 2778 1221 2812 Iuclu
1244 2775 1363 2822 sortia
1393 2778 1498 2813 verba
1526 2776 1639 2822 loqui!
