1884 3112
1143 265 1640 286 mmmmm

323 412 473 484 CL.
547 411 628 482 v.
706 388 987 482 RICH.
1062 409 1541 482 BENTLEII

900 554 967 590 IN

513 674 576 730 P.
629 673 918 731 OVIDII
971 671 1342 729 NASONIS

399 818 903 882 *EPISTOLAS
964 819 1421 868 HEROIDUM

516 965 991 1003 EMENDATIONES
1024 964 1295 1002 INEDITAE.
1311 962 1331 982 *

805 1321 990 1375 EPIST.
1023 1321 1051 1357 1.

213 1475 259 1511 V,
275 1483 306 1505 2.
339 1450 431 1508 Ur.
450 1471 540 1516 lege
555 1478 603 1507 tu.
620 1471 673 1507 Ita
688 1471 829 1508 Brinek.
845 1471 938 1519 apud
955 1472 1114 1519 Lehnep.

273 1537 305 1573 3.
335 1535 468 1572 Danais
481 1534 590 1570 invisa
605 1533 735 1581 puellis.
758 1536 848 1569 Olim
863 1537 974 1571 voluit
986 1534 1096 1571 denos
1113 1535 1246 1571 obsessa
1263 1547 1328 1582 per
1342 1547 1461 1571 annos.

273 1597 306 1633 6.
338 1596 483 1632 Insanis.
502 1594 660 1639 lucanis,
685 1597 745 1630 vel
756 1594 894 1641 AEgaeis.

256 1656 306 1692 13.
341 1656 535 1692 Violentus.
550 1675 596 1684 —
612 1655 844 1691 Glomeratos.

254 1718 304 1753 15.
336 1716 393 1753 Ab
410 1717 576 1753 Hectore.
592 1734 637 1742 -
653 1715 822 1751 Vulnere.

259 1775 309 1811 16.
342 1775 507 1811 Timoris.
523 1795 567 1803 —
582 1773 740 1820 Doloris,
759 1767 896 1810 ut'Ms.
914 1774 1016 1830 Vosff.

253 1851 307 1884 ²7·
339 1837 524 1886 Nympha.
536 1856 582 1864 —
596 1837 743 1883 Nuptae,
765 1844 805 1872 ut
820 1837 865 1872 N.
881 1836 930 1871 H.
946 1834 981 1854 **
998 1843 1033 1872 at
1049 1833 1183 1882 sponsssae
1197 1836 1287 1874 cod.
1302 1837 1560 1873 Dunelmensis.

254 1899 307 1933 28.
340 1897 578 1934 Victa-Troia
593 1898 672 1932 sata.
690 1916 731 1925 --
752 1897 913 1943 Quisque
928 1897 1031 1932 sortia
1045 1898 1144 1948 sacta.

251 1958 305 1994 31.
338 1958 467 2004 Atque.
482 1976 527 1985 —
542 1957 696 2004 Jamque
712 1955 788 1992 cod.
804 1956 851 1991 D.
1106 1952 1107 1955 ¹

251 2019 305 2064 4ο.
337 2017 442 2054 Dolo.
457 2035 502 2045 —-
518 2017 632 2053 Metu.

250 2080 304 2126 47.
337 2078 482 2114 Vestris.
498 2095 543 2105 -—·
558 2077 722 2112 Lacertis.
739 2076 863 2112 Graiis.
883 2076 939 2113 Cf.
962 2077 1111 2113 Remed.
1124 2077 1206 2114 Am.
1218 2078 1272 2114 66.

250 2127 303 2184 48.
337 2138 446 2185 Quod
462 2138 536 2174 suit.
551 2156 596 2164 -
612 2136 695 2182 Qua
710 2136 816 2172 stetit.

250 2201 302 2235 52.
337 2198 466 2234 Incola.
487 2200 576 2233 olim
594 2198 731 2245 integra
748 2210 756 2232 :
768 2201 893 2242 postea
910 2196 1031 2233 accola.
1053 2208 1135 2232 cum
1151 2196 1195 2233 N.
1213 2196 1261 2232 H.

249 2260 303 2295 65.
336 2259 435 2295 Veri.
451 2277 495 2286 —-
510 2258 639 2294 Vestri.
661 2258 715 2293 Cs.
731 2258 836 2293 Trist.
854 2269 899 2292 111
913 2284 923 2302 ,
942 2257 1039 2304 Eleg.
1055 2257 1076 2292 3
1087 2283 1097 2303 ,
1119 2257 1172 2293 25.

247 2320 301 2356 66.
334 2319 595 2355 Habitas-abes.
611 2337 655 2346 -
672 2318 838 2363 Habites,
859 2331 947 2365 agas.

249 2380 303 2415 82.
336 2380 540 2415 Immensas.
553 2397 598 2406 ·-—
611 2378 750 2414 Invisas.

248 2451 305 2486 9¹·
338 2437 479 2473 Dirum.
495 2456 539 2466 --
555 2437 690 2473 Dicam.

249 2498 302 2545 95.
336 2498 455 2532 Actor.
472 2497 530 2532 Sic
547 2497 627 2532 MS.
642 2496 688 2533 D.
710 2509 782 2532 100.
801 2497 931 2535 Invitis.
946 2516 991 2525 ·-
1005 2497 1149 2545 Ignaris.

231 2558 304 2591 105.
336 2556 464 2592 Armis.
481 2575 525 2584 —
541 2556 653 2592 Annis
665 2583 675 2602 ‚
692 2563 733 2592 ut
746 2557 790 2593 V.

238 2680 255 2696 ὅ
271 2681 403 2705 nummo
413 2688 428 2705 e
438 2679 553 2713 mrgine
563 2679 627 2706 edi«.
640 2680 681 2705 vel
692 2680 834 2705 Burmanni
843 2699 851 2711 ,
862 2680 905 2706 vel
915 2680 1004 2706 Nicol.
1017 2680 1131 2706 Heinsii.
1144 2680 1225 2706 Liber
1236 2685 1345 2715 uterque
1357 2686 1475 2708 servatur
1489 2681 1515 2708 iu
1526 2681 1626 2709 Musae..

206 2724 365 2750 Britannico.
390 2724 516 2751 Classical
525 2725 657 2758 Journal,
674 2724 739 2751 NN.
757 2733 868 2751 xxxvn
878 2745 887 2757 ‚
899 2732 924 2750 et
938 2733 1062 2752 xxxvux
1071 2745 1079 2757 ,
1099 2733 1132 2751 u.
1145 2734 1175 2752 n.
1188 2733 1302 2752 cccxxx.

247 2770 280 2787 θ*
298 2769 347 2795 Per
359 2769 460 2795 literam
472 2770 496 2796 V
504 2788 514 2802 ,
525 2769 638 2804 intellige
650 2774 750 2796 textum
761 2769 897 2805 vulgatum
906 2781 916 2804 ,-
927 2776 952 2796 et
962 2779 1007 2805 per
1019 2771 1056 2797 N.
1069 2771 1104 2797 Η.
1116 2790 1125 2802 ,
1139 2771 1279 2797 Nicolaum
1293 2771 1443 2797 Uolusium.
