1884 3112
317 268 401 313 292

744 254 1092 298 EPISTOLA
1131 255 1273 301 XVI.

313 345 480 407 Magna
503 343 680 410 quidem
704 344 756 392 de
783 357 823 393 te
847 364 998 393 rumor
1020 345 1236 411 praeconia
1258 345 1387 404 fecit‚·

377 417 596 486 Nullaque
622 420 673 468 de
697 419 805 469 facie
828 422 973 470 nescia
991 433 1104 470 terra
1122 433 1197 480 tua
1214 434 1300 476 est,

1660 437 1720 483 140

315 500 408 548 Nec
431 498 515 546 tibi
536 517 615 563 par
638 516 825 563 usquam
849 498 1048 565 Phrygiae
1062 536 1074 556 ‚
1100 518 1180 547 nec
1202 498 1308 547 solis
1331 499 1386 547 ab
1409 511 1509 548 ortu

377 576 499 623 Inter
517 574 731 623 formosas
755 574 888 624 altera
911 594 1071 624 nomen
1093 575 1240 625 habet.

317 651 470 700 Credis
495 663 539 699 et
560 650 646 699 hoc
670 651 838 700 nobis?
860 652 1004 702 minor
1027 664 1093 700 est
1116 664 1190 701 tua
1215 651 1353 715 gloria
1371 672 1501 702 vero:

376 730 593 794 Famaque
618 729 671 776 (le
694 728 835 776 forma
859 747 980 794 paene
1004 727 1195 790 maligna
1217 738 1292 777 tua
1312 740 1391 777 est.

311 805 418 854 Plus
438 805 511 853 hic
532 805 729 862 invenio,
758 823 888 870 quam
913 805 1033 870 quod
1054 805 1315 870 promiserat
1336 804 1412 853 illa
1432 824 1443 853 ε

1658 819 1720 864 145

376 884 437 930 Et
458 894 534 930 tua
554 882 735 930 materia
757 880 897 944 gloria
918 882 1031 929 victa
1055 900 1135 929 sua
1153 893 1231 929 est.

313 962 434 1021 Ergo
458 958 564 1005 arsit
586 958 743 1006 merito
759 995 770 1016 ‚
798 958 876 1023 qui
899 969 1079 1005 noverat
1102 957 1266 1016 omnia,
1292 957 1515 1006 Theseus:

378 1035 549 1082 Etvisa
572 1053 617 1082 es
641 1045 763 1081 tanto
787 1033 920 1095 digna
941 1033 1095 1099 rapina
1113 1034 1236 1081 viro:

311 1112 441 1159 More
464 1121 548 1157 tuae
569 1109 711 1171 gentis
734 1108 875 1158 nitida
899 1108 1002 1156 dum
1024 1108 1142 1156 nuda
1163 1107 1362 1174 palaestra

375 1186 535 1243 Ludis,
562 1196 606 1233 et
628 1204 674 1233 es
696 1185 828 1233 nudis
853 1185 1012 1233 femina
1029 1184 1165 1232 mixta
1183 1184 1299 1232 viris.

1658 1200 1721 1235 150

316 1262 455 1326 Quod
477 1261 647 1328 rapuit,
671 1260 804 1308 laudo
826 1280 836 1308 :
860 1261 1023 1319 miror,
1048 1260 1168 1326 quod
1188 1260 1380 1308 reddidit
1398 1280 1591 1328 unquam
1609 1281 1622 1320 ;

376 1340 486 1387 Tam
507 1338 629 1386 bona
651 1348 903 1386 constanter
923 1337 1070 1404 praeda
1094 1338 1279 1386 tenenda
1301 1338 1398 1386 fuit.

312 1458 446 1491 temere
456 1451 532 1485 loco
541 1462 702 1484 moveam
710 1476 719 1494 ,
730 1449 874 1491 minime
885 1449 986 1495 igna-

312 1517 372 1538 rus
393 1502 570 1548 elegantiae
591 1501 759 1536 studiosos
782 1508 936 1536 auctores
949 1504 986 1535 ia

312 1568 395 1590 cum
417 1567 497 1589 casu
522 1561 644 1599 quarto
669 1554 871 1598 frequenter
893 1565 985 1587 con—

312 1606 476 1651 junxisse,
487 1604 563 1639 loeo
574 1604 667 1639 sexti.
682 1604 847 1649 Exempla
862 1604 985 1649 passim

314 1657 424 1692 obvia.
446 1657 578 1691 Hnms.

361 1721 374 1741 1
380 1709 431 1751 41.
450 1708 521 1742 Nec
532 1709 598 1741 tibi
602 1718 672 1750 par
680 1719 816 1751 usquam
825 1707 985 1752 Phrygia.

315 1757 431 1804 Lego,
445 1759 610 1803 Phtygt'a‚
627 1757 694 1792 hoc
707 1765 758 1792 est
773 1757 810 1791 in
825 1757 985 1804 Phrygia.

316 1810 411 1844 Ante
422 1836 431 1850 ‚
457 1810 634 1855 Phrygiam
662 1809 847 1854 legebatur.
878 1807 986 1852 Quod

315 1861 570 1907 imperitissime
601 1859 757 1894 defendit
786 1859 829 1893 ad
863 1859 987 1894 Silium

317 1912 538 1957 Dausquejus
550 1937 560 1955 ‚
577 1923 610 1956 p.
622 1911 697 1945 231.
721 1911 865 1955 Usquam
880 1913 989 1957 Phry-

312 1967 379 2009 gt'oe
392 1963 556 2008 Naugerii
571 1962 770 2006 conjectura
783 1968 843 1996 est.
855 1961 925 1996 Sed
937 1962 990 1995 vix

317 2014 502 2061 persuadet
512 2040 522 2059 ,
543 2027 678 2060 usquam
693 2015 860 2060 Pbrygioe,
878 2020 918 2048 ut
932 2026 991 2047 us-

318 2081 416 2112 quam
442 2069 585 2101 locorum
597 2093 606 2107 ,
633 2065 754 2100 Latine
783 2078 879 2110 posse
903 2064 968 2099 dici
981 2078 990 2099 :

318 2120 409 2154 forte
426 2118 531 2152 etiam
551 2116 674 2151 melius
686 2143 695 2160 ‚
707 2119 814 2160 pn'mo
828 2130 890 2151 nec
909 2118 991 2150 solis

319 2171 363 2204 ab
372 2173 454 2204 ortu.
461 2169 591 2204 HEINS.
601 2168 768 2202 Francius
780 2168 990 2212 conjecerat:

322 2223 395 2256 Par
412 2224 504 2254 omni
522 2224 557 2254 iu
572 2221 738 2265 Pbrygt'a5
758 2231 821 2264 ego
833 2245 842 2262 ,
858 2231 992 2263 usquam

323 2273 470 2318 Phrygia
481 2297 490 2314 ,
508 2277 599 2305 recte
615 2270 681 2316 legi
697 2270 752 2306 hic
768 2277 852 2315 puto
866 2285 874 2312 ς
892 2270 994 2304 debet

324 2323 421 2357 enim
435 2322 629 2367 praepositio
643 2335 667 2355 a
679 2321 789 2366 repeti
809 2334 827 2355 a
845 2333 994 2366 sequen-

323 2374 566 2417 tibus.34BURM.
574 2390 617 2398 -·
624 2374 695 2407 Nec
712 2375 776 2406 tibi
782 2386 852 2417 par
859 2385 995 2417 usquam

327 2428 478 2472 Phlygioe
487 2452 496 2467 ‚
514 2437 576 2458 nec
589 2427 673 2458 solis
682 2427 725 2458 ab
741 2428 813 2458 otiu
829 2431 891 2459 etc*
915 2424 996 2458 Non

327 2489 468 2522 possum
479 2476 564 2520 quin
574 2475 797 2521 lepidissimos
807 2475 875 2510 huc
885 2474 997 2509 Theo-

328 2528 405 2562 criti
414 2540 530 2561 versus
540 2526 748 2571 adseram,ex
759 2527 880 2578 Idyllio
889 2536 995 2569 xvnl,

329 2592 415 2613 vers.
429 2579 471 2613 25
483 2578 589 2623 ,quod
596 2580 730 2613 Helena
739 2580 998 2623 Epithalamium

332 2630 531 2665 inscribitur
543 2643 551 2665 :

330 2680 407 2720 Ἀὼς
429 2683 600 2719 ἀντέλλουσι
621 2685 707 2718 καλόν
733 2683 861 2728 διέφαινε
883 2684 1001 2730 πςρέςω-

410 2749 473 2773 *mv
486 2759 496 2776 ,

1049 1452 1159 1485 niz-ux
1174 1455 1226 1494 νὺξ
1249 1452 1301 1486 ἅτε
1315 1476 1325 1495 ,
1350 1453 1447 1487 λευκᾶν
1467 1455 1547 1502 i‘oep„
1573 1457 1723 1498 χειμῶνος

1137 1512 1261 1542 aneuz-05⁰

1043 1545 1129 1588 φΩδὲ·
1151 1559 1203 1589 καὶ
1225 1555 1243 1589 οἱ
1264 1548 1497 1604 χρυσέαιΕλίνα
1521 1554 1679 1603 διεγαίνει)
1691 1559 1720 1591 ἓν

1136 1606 1210 1649 ἁμῖν
1222 1631 1232 1648 ‚

1049 1657 1155 1705 Ilce'zpot
1166 1681 1175 1699 ,
1192 1657 1318 1700 μεγάλοι.
1330 1673 1356 1691 κ.
1372 1674 1398 1692 τ.
1414 1662 1440 1691 λ.

1097 1707 1166 1754 143.
1194 1708 1308 1740 Credzlr
1327 1712 1363 1741 et
1382 1710 1445 1741 boc
1463 1710 1559 1742 nobis
1570 1711 1590 1745 ?
1608 1709 1722 1755 Magis

1051 1757 1180 1791 arridet
1189 1783 1198 1801 ,
1211 1758 1303 1803 quod
1316 1772 1356 1792 ex
1366 1759 1536 1794 veteribus
1547 1759 1720 1795 codicibus

1052 1808 1225 1850 adfertur3
1242 1812 1338 1844 crede
1353 1812 1418 1844 sed
1428 1811 1492 1844 boc
1503 1813 1608 1844 nobis.
1624 1811 1728 1846 ΒΑΝ(

1053 1859 1185 1894 ΗΕΙΝε.
1198 1861 1301 1895 Nunc
1316 1860 1432 1895 denuo
1445 1868 1603 1896 veterum
1615 1862 1722 1896 libro-

1052 1923 1133 1944 rum
1153 1924 1256 1956 opem
1277 1911 1503 1957 advocemus,
1521 1914 1580 1958 qui
1597 1915 1639 1948 ab
1655 1913 1731 1949 hod

1055 1974 1157 1996 versu
1183 1961 1299 1996 denuo
1322 1963 1420 1998 nobis
1440 1964 1573 1999 adsunt.
1607 1967 1723 2000 Credis

1053 2017 1088 2047 et
1101 2015 1171 2047 hoec
1185 2020 1254 2048 tres
1269 2015 1392 2059 scripti.
1407 2014 1587 2050 Barberin.
1607 2018 1722 2052 Credis

1053 2066 1186 2098 adhaec.
1196 2065 1289 2111 Lego
1299 2092 1309 2108 ,
1321 2067 1418 2100 mode
1431 2068 1574 2101 sedboc.
1587 2068 1721 2103 HEINS.

1101 2117 1170 2159 145.
1179 2118 1262 2150 Plus
1270 2119 1326 2150 hic
1334 2120 1471 2151 ι’πνειιίο.
1482 2120 1643 2160 Inveniat,
1654 2118 1722 2154 Co-

1055 2166 1123 2201 dex*
1132 2166 1307 2202 Leidensis
1317 2183 1325 2209 ;
1338 2169 1440 2211 sorte,
1450 2172 1601 2204 invenias
1610 2183 1620 2204 :
1630 2177 1723 2205 amat

1056 2219 1154 2252 enim
1164 2219 1290 2254 Noster
1303 2219 1451 2254 secunda
1463 2233 1609 2265 persona
1618 2220 1723 2266 loqui.

1057 2270 1139 2304 Vid.
1148 2270 1226 2304 insr.
1238 2284 1250 2304 1
1258 2272 1307 2315 74.
1318 2272 1520 2314 Promz'sen't,
1535 2273 1641 2307 etiam
1654 2279 1724 2308 tres

1057 2320 1145 2356 libri.
1163 2321 1272 2356 lnam.

1106 2373 1176 2420 149.
1199 2373 1293 2406 More
1310 2377 1374 2406 tua·
1392 2377 1503 2417 gentis
1524 2376 1633 2408 nitida
1651 2376 1729 2408 dum

1060 2426 1150 2458 nuda
1155 2426 1318 2471 palaestra
1334 2426 1448 2459 ludts.
1469 2427 1613 2460 Madida
1627 2425 1727 2460 Seri-

1060 2475 1144 2509 verii
1157 2501 1166 2519 ,
1186 2488 1261 2520 quae
1285 2482 1335 2510 est
1358 2476 1486 2521 glossa;
1504 2476 1563 2511 sed
1587 2477 1729 2510 nitidam

1062 2526 1198 2571 proprie
1215 2526 1317 2570 dixit,
1341 2527 1421 2572 quia
1443 2526 1625 2562 luctatores
1641 2526 1727 2560 ‘oleo

1062 2578 1228 2612 nitebant.
1244 2578 1301 2612 lib.
1313 2590 1337 2613 v
1347 2604 1357 2622 ,
1375 2578 1464 2613 Fast.
1480 2579 1542 2625 667
1557 2591 1566 2613 :

1062 2633 1132 2657 Laete
1141 2634 1203 2667 lyroe
1212 2633 1300 2666 pulsu,
1313 2633 1399 2657 nitida
1410 2642 1511 2666 quoque
1520 2633 1574 2657 late
1585 2633 1709 2666 palestra.

1066 2681 1112 2715 Et
1129 2682 1250 2715 Horat.
1262 2692 1308 2723 11,
1324 2681 1392 2716 Od.
1411 2693 1468 2715 12:
1485 2682 1727 2724 M‘ttdaspuek

1064 2735 1135 2774 las,
1154 2739 1251 2768 vocat
1266 2732 1341 2767 oleo
1357 2732 1517 2776 perfusas.
1533 2731 1665 2767 Euam.-
