1884 3112
599 242 883 288 OENONE
911 241 1171 287 PARIDI.
1527 256 1607 303 107

191 381 194 385 .
247 336 439 404 Despice
458 355 715 404 :purpureo
738 355 838 386 sum
859 335 1000 400 magis
1017 345 1119 403 apta
1136 345 1248 383 toro.

183 415 411 483 Denique,
434 426 558 464 tutus
582 434 707 464 amor
726 433 853 465 meus
874 425 942 464 est
965 413 1052 464 tibi
1072 411 1227 463 :nulla
1247 424 1463 480 parantur

245 493 390 554 Bella,
415 513 496 544 nec
519 493 700 544 ultrices
724 493 902 543 advehit
922 492 1047 542 unda
1064 503 1195 541 rates.
1564 516 1609 551 90

181 571 400 639 Tyndaris
422 571 593 621 infestis
616 570 803 634 fugitiva
823 569 1074 637 reposcitur
1096 569 1254 618 armis:

247 647 344 696 Hac
366 648 487 697 venit
507 647 556 696 in
578 646 797 696 thalamos
820 645 923 695 dote
945 646 1140 713 superba
1162 657 1278 694 tuos.

181 726 295 792 Quae
317 726 356 776 si
376 726 434 774 sit
457 725 624 775 Danais
646 723 872 774 reddenda
885 761 898 782 ‚
922 722 991 772 vel
1016 724 1213 771 Hectora
1232 722 1414 770 fratrem
1429 760 1440 780 ‚

242 802 327 853 Vel
349 818 448 853 cum
471 802 715 870 Deiphobo
735 800 1058 869 Polydamanta
1078 819 1202 863 roga.

178 881 304 947 Quid
325 881 468 946 gravis
491 881 716 939 Antenor,
738 879 942 928 Priamus
965 878 1076 946 quid
1095 889 1271 927 censeat
1288 878 1405 944 ipse,
1565 893 1610 938 95

244 957 462 1016 Consule3
484 958 585 1025 quis
604 969 709 1007 aetas
730 955 868 1021 longa
884 956 1095 1020 magistra
1111 955 1212 1005 fuit.

175 1036 325 1102 Turpe
347 1034 673 1092 rudimentum,
696 1034 852 1102 patriae
875 1053 1135 1101 praeponere
1158 1044 1343 1100 raptam.

241 1113 385 1163 Causa
405 1112 615 1181 pudenda
638 1125 715 1162 tua
738 1124 828 1171 est;
849 1112 968 1178 justa
990 1112 1059 1160 vir
1082 1132 1201 1161 arma
1223 1122 1386 1159 movet.

173 1191 267 1241 Nec
290 1191 397 1250 tibi,
422 1192 460 1240 si
484 1192 651 1258 sapias,
676 1190 812 1239 fidam
831 1190 1044 1258 promitte
1062 1193 1313 1247 Lacaenam,

173 1306 227 1342 sis.
247 1306 382 1342 Hnms.
403 1307 500 1352 Soepe
502 1306 683 1352 jacebam,
701 1305 785 1340 alios
801 1304 854 1340 le-

175 1371 256 1406 gere
271 1358 415 1394 notabat
431 1358 565 1394 Douza.

217 1410 272 1459 89.
294 1412 400 1446 Tutus
411 1422 510 1446 amor
516 1423 610 1446 meus
620 1414 677 1445 est
689 1413 760 1445 libi.
777 1410 852 1454 Sic,

174 1469 211 1498 et
219 1469 322 1498 recte
326 1461 493 1508 quidem,
509 1462 665 1498 distinxit
675 1463 855 1498 Puteanus

173 1521 209 1550 et
225 1513 281 1550 alii
295 1513 449 1562 quidam,
478 1515 574 1550 Male
589 1514 756 1585 Heinsius
775 1514 855 1550 scri-

171 1566 332 1603 bendum
346 1567 515 1614 putabat:

185 1628 306 1663 nniqu
325 1633 482 1654 mmmm·
498 1635 573 1653 mus
592 1631 642 1653 ent.
658 1625 729 1653 Mihi
747 1627 821 1652 nulla

267 1682 394 1712 par-ntur
403 1682 454 1703 otu.

169 1727 246 1763 Nec
256 1725 394 1763 solitam
401 1720 559 1763 hictanti
570 1724 652 1770 viri,
668 1731 704 1760 et
719 1725 851 1771 optime

169 1778 214 1814 de
225 1779 366 1815 Nasone
377 1785 500 1815 nostro
510 1785 564 1814 tot
575 1778 613 1813 in
624 1777 706 1814 locis
719 1778 850 1823 meriti,

140 1862 145 1865 .
167 1830 346 1867 solertiam
361 1843 520 1879 agnosco.

213 1898 266 1933 9¹·
292 1884 436 1930 Infestis
448 1886 635 1930 reposcitur
644 1886 756 1918 anne's.
775 1883 853 1920 Ne-

169 1948 251 1972 reus
262 1936 307 1972 ad
318 1936 450 1982 Paria„
458 1936 550 1984 apud
562 1937 652 1971 Hor.
661 1947 688 1979 1,
702 1935 773 1972 Od.
788 1938 827 1971 15
842 1949 850 1970 :

188 2015 190 2018 ι
374 2014 405 2023 ...
418 1998 492 2024 Mn!-
502 1997 578 2023 dueis
587 1997 631 2023 nvi
642 1997 749 2022 domum
757 2016 767 2028 ,

236 2047 324 2081 Quam
335 2046 419 2073 mulso
428 2052 530 2081 repetet
539 2047 638 2072 Gracia
651 2046 743 2072 milito.

170 2114 216 2123 —
227 2096 371 2142 Infestis
384 2099 510 2139 annin
539 2096 722 2142 plusquam
737 2098 852 2131 inimi-

170 2151 244 2191 αἰη-
266 2160 344 2195 que
357 2148 448 2184 mala
460 2161 580 2185 secum
593 2149 750 2193 infirmas.

214 2214 270 2248 9²·
281 2201 361 2236 Hac
370 2202 458 2237 dote.
469 2199 609 2236 Bellum
620 2200 681 2236 tihi
693 2213 756 2246 pro
768 2200 849 2236 dote

171 2253 284 2288 affert.
309 2251 386 2297 Sic,
410 2259 446 2288 at
468 2252 583 2288 multo
606 2252 851 2289 vehementius

170 2304 269 2340 furiis
294 2316 436 2340 accensa
459 2305 559 2340 Juno
578 2331 588 2349 ‚
630 2305 674 2340 de
705 2305 850 2341 Lavinia

170 2357 296 2392 AEneae
312 2355 538 2404 desponsata:
552 2357 637 2392 AEn.
648 2369 703 2393 vn
714 2385 724 2402 ‚
741 2358 827 2394 318:

168 2418 298 2451 Sanguine
310 2418 426 2451 Troiano
437 2423 464 2443 et
476 2418 578 2444 Rutulo
591 2418 728 2449 dolabere,
742 2418 832 2452 νὶῐεος

167 2467 202 2493 Et
213 2467 321 2493 Bellon·
333 2472 419 2492 mmet
430 2471 456 2492 te
467 2467 584 2501 prouida-
595 2468 601 2491 !

209 2516 264 2564 93.
289 2518 357 2552 Vel
366 2517 518 2551 Hectora
523 2516 672 2562 stall-em
685 2543 694 2558 ‚
713 2519 775 2552 vel
785 2524 850 2553 etc.

170 2567 306 2604 Confer
325 2568 596 2604 celeberrimum
616 2569 769 2605 Homeri
787 2570 849 2605 lo-

168 2632 270 2665 cum,
289 2620 386 2656 Iliad.
407 2621 466 2665 H,
484 2621 567 2665 3483
584 2621 644 2656 ubi

182 2679 302 2708 Antenor
312 2686 399 2706 censu
409 2681 470 2706 beni
482 2681 619 2715 precidere
631 2690 752 2715 caus-nu
771 2683 847 2709 tion.

168 2728 353 2765 reddendo
367 2730 494 2766 scilicet
506 2730 682 2765 Helenam
692 2758 703 2775 ,
717 2738 752 2766 et
766 2744 851 2777 quas

167 2794 287 2818 secum
306 2794 389 2828 opes
403 2782 596 2818 advexerat.
620 2782 690 2818 Cui
706 2783 850 2829 quidem

918 1302 1063 1339 consilio
1076 1302 1215 1338 sortiter
1228 1309 1402 1350 repugnat
1418 1301 1536 1346 Paris,
1553 1309 1588 1337 et
1598 1329 1608 1347 ,

1031 1382 1062 1390 ...
1074 1364 1115 1390 Ut
1127 1364 1216 1390 salvus
1231 1369 1335 1397 regnet,
1348 1364 1473 1398 vivatque
1483 1363 1575 1389 beatus
1582 1382 1591 1395 ‚

920 1414 984 1447 engi
996 1422 1072 1448 posse
1084 1419 1170 1446 negat.
1221 1414 1300 1439 Hon.
1317 1421 1339 1439 1.
1352 1414 1403 1447 Ep.
1416 1421 1459 1444 11,
1474 1420 1513 1439 ιο.

962 1465 1017 1512 95.
1039 1464 1132 1507 Quid
1138 1466 1252 1507 gravis
1263 1462 1429 1503 Antenor,
1447 1464 1615 1497 Priamus·

918 1517 1003 1562 quid
1017 1517 1166 1551 suadeo!
1180 1518 1263 1560 ipse.
1290 1516 1440 1550 censeat
1450 1541 1459 1556 ‚
1483 1514 1606 1548 Lova-

919 1568 1058 1604 niensis.
1070 1568 1129 1604 sic
1139 1568 1178 1603 in
1186 1567 1341 1614 Epistola
1350 1567 1512 1611 Helenae,
1526 1580 1544 1601 2
1552 1580 1565 1601 1
1574 1580 1587 1600 1
1594 1592 1604 1610 ‚

917 1627 1017 1656 vetus
1030 1620 1160 1657 codex:

917 1680 991 1713 Quid
1000 1681 1119 1707 Priamus
1128 1681 1161 1707 de
1168 1690 1221 1713 ine,
1229 1681 1327 1707 Priami
1335 1681 1401 1716 qnid
1411 1687 1518 1707 camme
1526 1682 1611 1708 uxor?

918 1729 1131 1777 Recepimus
1160 1729 1252 1766 hanc
1283 1730 1574 1766 emendationem
1592 1757 1601 1774 ‚

917 1795 1025 1828 quam
1045 1782 1156 1829 poscit
1176 1783 1326 1830 verbum
1346 1786 1494 1818 consule.
1515 1785 1607 1818 Con-

915 1837 1075 1871 sulebant
1083 1835 1193 1880 enim,
1209 1835 1270 1881 qui
1283 1836 1476 1871 sententias
1497 1848 1604 1881 roga-

917 1888 1003 1924 bant
1018 1902 1027 1931 ;
1043 1891 1245 1930 censebant,
1266 1889 1326 1934 qui
1339 1888 1510 1924 dicebant.
1534 1889 1583 1923 H.

958 1942 1012 1989 98.
1038 1943 1152 1976 Causa
1161 1942 1324 1986 pudenda
1341 1945 1402 1975 lua
1422 1945 1485 1975 est.
1517 1941 1601 1975 Non

914 1993 962 2028 ita
979 2000 1098 2029 tamen
1113 1995 1275 2038 pudenda
1287 2020 1296 2034 ‚
1324 2005 1436 2038 quum
1461 2005 1502 2027 ex
1528 1993 1603 2038 ipso

916 2045 1067 2080 Homer.
1083 2045 1160 2081 loco
1172 2071 1182 2088 ‚
1202 2045 1242 2080 Il.
1258 2045 1295 2080 H
1306 2072 1315 2089 ,
1334 2045 1398 2079 362
1410 2072 1420 2089 ‚
1442 2051 1580 2080 constet
1591 2071 1602 2089 ,

915 2098 1094 2133 Helenam
1132 2097 1276 2144 quidem
1308 2097 1475 2133 Paridem
1507 2097 1601 2133 reti-

914 2154 1029 2189 nuisse
1045 2168 1054 2196 ;
1069 2153 1137 2190 'sed
1159 2166 1243 2200 opes
1262 2153 1353 2188 illius
1366 2179 1376 2197 ,
1402 2152 1602 2188 domesticis

914 2208 1105 2243 cumulatas
1133 2208 1255 2254 opibus
1272 2233 1283 2251 ‚
1305 2220 1343 2245 se
1367 2207 1481 2254 Argos
1507 2206 1602 2241 ultro

913 2260 1146 2296 remissurum
1159 2260 1355 2307 promisisse
1369 2273 1377 2295 z

1069 2340 1077 2347 .
1088 2341 1095 2348 .
1106 2340 1114 2348 .
1129 2320 1263 2349 Γυναῖκα
1278 2317 1333 2358 μὲν
1350 2315 1399 2349 οὐκ
1415 2313 1576 2348 ἀποδώσω.

934 2369 1089 2411 Κτήμοετα
1114 2364 1145 2401 δ’
1173 2363 1240 2402 ἔπ’
1263 2366 1383 2410 ἆγὲμην
1412 2366 1446 2409 ἐξ
1467 2359 1598 2414 Ἀργεος

1005 2421 1144 2468 ἡμέτερον
1157 2422 1200 2454 ‹M›
1212 2443 1222 2462 ‚

933 2471 1026 2507 noh?
1054 2472 1141 2506 ἕθέλω
1172 2473 1296 2515 δόμεναι
1310 2495 1319 2513 ,
1347 2474 1401 2505 καὶ
1421 2468 1463 2505 ἔτ’
1493 2471 1602 2504 ἴικοθιν

1001 2521 1067 2558 ἄλλ’
1088 2525 1242 2559 hiarbae.

957 2589 1010 2624 99.
1033 2576 1107 2610 Nec
1122 2577 1200 2616 tibi,
1223 2577 1260 2609 si
1273 2577 1392 2619 sapias
1406 2580 1471 2610 etc.
1492 2575 1599 2609 Sicu-

905 2631 1007 2673 pias,
1033 2626 1199 2673 quidam;
1224 2626 1286 2662 sed
1307 2629 1344 2661 si
1357 2630 1495 2672 sapias,
1519 2626 1600 2661 libri

912 2680 1169 2726 praestantiores
1184 2694 1194 2722 ;
1224 2691 1302 2725 quae
1333 2679 1436 2715 lectio
1458 2679 1535 2726 plus
1564 2687 1600 2714 et

911 2733 1036 2768 melius
1063 2732 1106 2767 ad
1128 2745 1271 2768 sensum
1292 2732 1383 2768 facit.
1409 2750 1455 2760 ·-
1475 2734 1597 2767 Ft'dam

905 2789 1065 2831 pmmitte
1078 2786 1270 2828 lacunam,
1288 2787 1371 2830 Quae
1383 2792 1447 2822 etc.
1461 2785 1490 2820 A
1506 2797 1599 2831 prae-
