1884 3112
1272 235 1573 252 ΜἈΜΜΜἊΛΜΑᾸΎ

502 394 1013 469 EPISTOLA
1080 396 1211 468 XI.

430 817 764 874 CANACE
811 818 1292 877 MACAREO.*

154 985 227 1055 SI
249 1023 336 1073 qua
359 1017 505 1055 tamen
528 1007 651 1056 caecis
673 1008 889 1058 errabunt
912 1010 1079 1077 scripta
1099 1010 1272 1071 lituris,

218 1081 403 1132 Oblitus
427 1103 452 1133 a
475 1083 664 1133 dominae
689 1086 804 1136 caede
826 1085 1007 1136 libellus
1031 1089 1127 1138 erit.

151 1161 320 1209 Dextra
342 1172 463 1210 tenet
485 1161 722 1222 calamum3
747 1164 951 1214 strictum
974 1177 1096 1217 tenet
1118 1165 1254 1217 altera
1275 1167 1461 1227 ferrum,

218 1238 281 1286 Et
299 1237 415 1304 jacet
435 1238 484 1287 in
508 1240 675 1303 gremio
701 1241 853 1290 chart'a
873 1241 1023 1292 soluta
1045 1262 1160 1292 meo.

153 1316 260 1365 Haec
283 1328 351 1365 est
370 1315 575 1367 AEolidos
598 1318 726 1368 fratri
748 1320 985 1370 scribentis
1009 1322 1156 1386 imago
1175 1342 1186 1381 ;
1565 1340 1585 1374 5

152 1467 169 1483 ⁸
177 1465 260 1492 AEolis
271 1467 392 1500 AEolidae,
402 1477 482 1502 quum
491 1478 544 1495 non
554 1469 631 1495 lubet
643 1470 699 1504 ips·
706 1490 715 1503 ,
725 1471 836 1497 salutem

197 1515 298 1547 Mittit,
308 1521 335 1541 et
343 1522 443 1542 nrm-¹2
451 1517 532 1543 verba
540 1523 628 1544 notata
637 1528 726 1545 mauu.

154 1563 282 1600 Priscae
291 1564 475 1611 editiones,
482 1579 565 1602 cum
577 1567 758 1615 Excerptis
767 1570 837 1605 Pu-

154 1617 262 1662 teani,
273 1624 310 1654 et
317 1617 396 1654 libri
406 1631 448 1654 ex
457 1619 585 1655 nostris
597 1621 715 1666 multi,
727 1622 775 1656 ita
782 1635 836 1657 or-

153 1666 301 1704 «liuntur
306 1669 753 1720 hancEpistolam‚vulgatis
761 1687 838 1710 auc-

153 1721 294 1767 florem,
303 1722 366 1758 sed
378 1723 635 1770 interpolatoris
645 1726 818 1762 beneficio
829 1739 838 1762 ε

153 1787 239 1810 nam
262 1788 366 1811 versu
393 1784 519 1824 quarto
546 1777 651 1824 hujus
673 1778 839 1825 Epistolae

153 1841 219 1874 pro
240 1830 361 1864 charta
382 1832 514 1872 soluta,
534 1831 698 1866 nonnulli
717 1836 840 1867 notata

155 1879 274 1916 denuo
288 1880 471 1927 exhibent3
499 1883 624 1930 quibus
646 1883 674 1919 si
695 1884 841 1919 auscul-

155 1939 283 1978 tamus,
298 1936 452 1978 notanda
459 1935 588 1972 rectius
597 1937 745 1971 omnino
755 1937 821 1972 erit
831 1950 839 1973 :

154 1986 218 2022 sed
235 1989 350 2023 soluta
362 1987 454 2024 bene
475 2001 512 2024 se
535 1988 640 2024 habet
651 2015 660 2033 ,
684 1996 724 2024 ut
749 1989 842 2035 apud

157 2038 369 2075 Juvenalem
380 2067 390 2085 ,
407 2040 480 2076 sat.
497 2052 586 2085 1111,
611 2055 623 2075 1
634 2041 683 2076 16.
707 2041 842 2077 Hizms.

204 2104 232 2125 1.
246 2091 288 2126 Si
297 2105 364 2138 qua
379 2096 492 2127 lamen
510 2095 610 2127 coecis
624 2099 688 2127 etc.
703 2092 843 2127 Verba-

160 2141 224 2176 tim
230 2143 318 2188 sere,
327 2157 368 2179 ex
374 2143 439 2180 illis
449 2145 611 2191 Propert.
619 2156 671 2190 iv,
682 2144 735 2180 El.
743 2155 803 2188 111,
812 2144 844 2181 3:

159 2202 187 2228 Si
196 2211 249 2237 qun
259 2209 347 2229 umen
359 2204 407 2230 tibi
421 2205 522 2230 lecturo
533 2213 592 2238 pars
603 2204 685 2230 oblita
695 2204 793 2236 deerit,

193 2253 259 2277 Eae
268 2253 317 2278 erit
327 2262 343 2278 ι
352 2253 467 2278 herimi-
476 2253 545 2280 sactn
556 2253 636 2279 litura
646 2254 720 2279 meis.

162 2300 234 2336 sed
243 2301 333 2336 inest
346 2301 534 2348 abruptum
547 2302 676 2349 aliquid
686 2329 695 2346 ‚
714 2303 847 2339 incom-

161 2354 314 2400 positum
320 2360 356 2389 et
362 2353 603 2389 inordinatum
610 2355 648 2388 in
656 2354 844 2401 ovidiana,

162 2405 257 2452 quod
276 2406 436 2440 animum
461 2405 646 2442 scribendo
662 2408 848 2452 perturba-

163 2466 239 2494 tum
256 2459 345 2494 mire
361 2459 484 2506 arguit.
497 2459 578 2494 Hoc
591 2467 710 2495 tamen
723 2459 770 2494 ita
785 2473 848 2507 pa-

162 2525 245 2547 rum
257 2511 505 2547 intellexerunt
515 2511 658 2558 quidam
672 2512 849 2559 interpre-

163 2571 216 2600 tes
228 2591 238 2609 ,
262 2570 303 2599 ut
326 2558 445 2599 deesse
461 2577 534 2599 non
551 2563 637 2600 nihil
655 2564 850 2601 exordienti

164 2616 329 2664 Epistolae
346 2623 469 2652 nasute
489 2618 784 2664 praesumpserint.
805 2637 851 2646 —

165 2669 355 2713 Praeterea,
367 2669 506 2704 nullum
514 2669 571 2705 hic
581 2671 742 2715 verbum,
756 2670 851 2717 quod

165 2733 240 2756 non
259 2721 501 2756 adnotandum
525 2722 684 2758 videatur
699 2735 708 2758 ε
724 2723 753 2759 si
773 2735 851 2769 quae

166 2780 280 2820 partes
291 2801 300 2819 ,
317 2787 423 2820 quam
442 2775 546 2811 mitto
563 2775 624 2811 tibi
635 2802 644 2820 ,
663 2775 826 2822 Epistolae
839 2801 849 2820 ‚

900 1466 1072 1506 errabunt,
1089 1477 1163 1499 non
1175 1478 1279 1500 suum
1295 1464 1460 1501 ordinem
1470 1480 1588 1502 serva—

900 1515 1004 1560 huni,
1012 1529 1080 1552 nec
1090 1517 1136 1552 ita
1146 1518 1243 1553 facile
1255 1518 1430 1564 legentur,
1445 1528 1590 1566 propter

901 1582 1010 1604 coecas
1036 1572 1159 1604 lituras
1171 1597 1181 1611 ‚
1209 1584 1349 1606 causam
1376 1573 1504 1608 senties
1521 1586 1530 1608 z
1545 1575 1591 1607 lt·-

902 1624 1012 1656 bellus
1026 1624 1152 1657 oblitus
1169 1623 1236 1658 erit
1250 1650 1260 1667 ,
1280 1624 1427 1659 soedatus
1442 1651 1451 1669 ‚
1475 1638 1591 1660 macu-

901 1673 991 1709 latus
1005 1701 1015 1719 ,
1041 1688 1060 1710 a
1087 1675 1240 1710 dominae
1267 1678 1381 1720 coede5
1406 1677 1486 1723 quia
1513 1691 1591 1724 quae

902 1726 1033 1771 scribit,
1047 1727 1155 1762 vitam
1166 1728 1271 1763 simul
1282 1735 1318 1763 et
1331 1741 1419 1775 opus
1429 1729 1592 1764 absolvet.

948 1779 980 1813 3.
997 1780 1132 1814 Dextra
1150 1784 1245 1815 lene!
1257 1783 1425 1816 calamum
1441 1789 1505 1817 etc..
1518 1781 1592 1817 Vi-

906 1830 1024 1867 dimus
1038 1833 1112 1878 jam
1128 1833 1165 1868 in
1185 1833 1329 1868 Didone
1341 1861 1351 1878 ,
1373 1835 1455 1869 186:

939 1887 1084 1912 Scribimus
1095 1898 1103 1921 ;
1118 1893 1143 1913 et
1153 1889 1250 1921 gremio
1263 1888 1373 1914 Troicus
1387 1889 1456 1913 ensis
1469 1890 1550 1914 adest.

907 1936 961 1970 Ita
984 1935 1038 1970 sui
1063 1949 1204 1982 semper
1223 1936 1342 1972 similis
1359 1936 1530 1981 Ovidius,
1558 1945 1596 1972 ut

907 1988 1035 2023 merito
1050 1988 1093 2023 de
1110 1989 1275 2034 operibus
1288 1989 1380 2024 dicas
1394 2015 1403 2033 ‚
1417 1989 1511 2035 quod
1522 1989 1593 2035 ipse

908 2039 952 2076 de
967 2040 1103 2076 Doride
1121 2047 1156 2075 et
1173 2041 1281 2076 natis:

1073 2118 1102 2126 ...
1122 2101 1213 2126 Facies
1224 2110 1277 2126 non
1296 2101 1418 2127 omnibu»
1432 2111 1483 2126 una
1494 2121 1503 2133 ,

1256 2149 1381 2175 Munn-
1397 2157 1423 2175 11
1434 2169 1443 2181 ‚
1458 2150 1498 2175 ιδ.

956 2201 986 2233 5.
993 2200 1078 2233 Hoec
1083 2202 1139 2234 est
1143 2199 1599 2244 AEolt‘dosftatn'scn’benlis

910 2254 1032 2295 imago.
1061 2251 1204 2286 Servius
1233 2250 1277 2285 ad
1306 2250 1449 2286 AEneid.
1470 2262 1504 2295 1,
1535 2253 1575 2297 75
1587 2277 1596 2294 ‚

912 2303 1030 2338 scribit
1054 2303 1262 2338 Macareum
1280 2309 1316 2338 et
1337 2301 1504 2338 Canacen
1523 2316 1598 2338 non

912 2355 1018 2400 hujus
1030 2355 1139 2400 AEoli,
1153 2355 1214 2402 qui
1226 2361 1415 2390 ventorum
1424 2369 1484 2390 rex
1495 2356 1598 2391 fuisse

913 2408 1130 2455 perhibetur,
1140 2407 1201 2443 sed
1215 2407 1356 2443 alterius
1368 2407 1477 2451 AEuli,
1494 2407 1600 2442 Etru-

914 2461 974 2496 riae
998 2461 1087 2507 regis
1099 2487 1108 2505 ‚
1142 2460 1230 2495 filios
1260 2460 1375 2496 fuisse.
1404 2459 1476 2495 Sed
1509 2460 1601 2496 hane

915 2513 1027 2549 Servii
1057 2512 1263 2559 opinionem
1293 2525 1400 2559 quam
1427 2511 1525 2547 facile
1561 2512 1599 2547 in

914 2565 979 2600 hac
990 2565 1145 2612 Epistola
1161 2564 1310 2601 Ovidius
1324 2565 1460 2600 evincat
1470 2590 1479 2609 ,
1491 2577 1599 2599 nemo

915 2631 990 2653 non
1006 2617 1111 2653 videt.
1131 2617 1278 2666 Hygia„
1295 2627 1487 2652 ccxxxvm
1499 2618 1601 2652 :AEo-

914 2673 969 2706 lus
993 2668 1151 2706 Canacen
1162 2698 1172 2712 ‚
1196 2674 1336 2716 pmpler
1346 2673 1510 2704 Incestum
1527 2681 1600 2703 cum

906 2723 1020 2768 fratre
1059 2724 1222 2760 Macareo
1255 2724 1458 2766 admissum,
1495 2725 1602 2756 inten-

908 2776 1010 2821 secz't.
1036 2775 1140 2811 Ctor.

908 2149 965 2175 Nec
977 2149 1081 2175 diversa
1093 2155 1188 2174 tamen.
