1884 3112
340 307 421 363 146

772 308 1121 353 EPISTOLA
1156 312 1276 356 VII.

395 398 523 447 Unde
546 398 648 454 tibi,
677 415 770 463 quae
795 410 835 445 te
860 399 922 445 sic
945 410 1075 456 amet,
1102 419 1214 448 uxor
1236 402 1349 450 erit?

330 477 465 532 Uror,
491 486 541 522 ut
563 474 742 521 inducto
767 486 916 522 ceratae
939 474 1103 523 sulfure
1128 476 1274 524 taedae:

395 554 459 599 Ut
481 552 554 617 pia
575 550 756 599 fumosis
780 550 927 600 addita
949 564 1046 600 tura
1063 552 1185 601 focis.

331 630 490 678 AEneas
516 628 650 677 oeulis
673 647 842 695 semper
864 628 1085 691 vigilantis
1106 630 1316 679 inhaeret:
1689 650 1731 684 25

392 706 659 770 AEneamque
681 704 824 752 animo
848 724 1024 772 noxque
1050 706 1230 773 diesque
1255 707 1401 755 refert.

328 780 406 829 Ille
431 781 606 846 quidem
627 781 737 830 male
762 793 932 844 gratus,
958 794 1002 830 et
1025 782 1079 830 ad
1103 802 1198 831 mea
1220 801 1400 832 munera
1422 785 1607 844 surdus;

390 859 448 905 Et
472 878 560 924 quo
575 896 587 916 ,
613 859 650 906 si
671 878 762 906 non
786 859 868 908 sim
893 859 1047 918 stulta,
1076 879 1217 909 carere
1242 861 1397 909 velim:

325 936 428 982 Non
447 946 589 983 tamen
613 936 812 993 AEneam,
841 930 1036 1001 quamvis
1058 936 1168 985 male
1190 938 1372 1000 cogitat,
1398 939 1494 997 odi;
1682 994 1684 996 ,

391 1009 477 1057 Sed
503 1025 663 1076 queror
684 1010 890 1068 infidum,
918 1023 1157 1079 questaque
1182 1014 1308 1080 pejus
1331 1033 1442 1063 amo.
1689 1031 1736 1063 30·

326 1086 478 1143 Parce,
504 1087 679 1144 Venus,
703 1087 857 1144 nurui;
884 1087 1128 1155 durumque
1153 1089 1410 1156 amplectere
1431 1090 1632 1149 fratrem,

324 1246 381 1281 Sic
395 1245 485 1291 apud
497 1245 685 1280 Phaedrum
696 1272 705 1289 ,
722 1246 778 1281 lib.
795 1257 808 1279 1
819 1273 828 1290 ,
840 1247 923 1281 Fab.
941 1261 953 1281 1
964 1261 975 1281 1
987 1259 996 1281 ε

322 1295 439 1342 stlajus
460 1310 502 1331 ne
523 1300 640 1332 veniat
659 1300 782 1332 malum
794 1325 802 1339 ‚
839 1311 901 1343 pro
918 1312 996 1332 eve-

322 1353 413 1389 nial,
443 1361 625 1394 perperam
648 1362 744 1384 nunc
760 1349 894 1395 legitur.
923 1349 995 1384 Liv.

322 1412 438 1444 xxnl,
460 1401 503 1435 28
529 1414 537 1436 z
567 1402 633 1436 Cui
650 1405 690 1435 ut
710 1405 822 1435 omnia
838 1414 996 1445 prospere

321 1456 498 1487 eveum-nt.
516 1453 570 1487 Ita
581 1453 696 1498 scripti
709 1465 716 1487 :
732 1452 809 1486 vide
824 1452 889 1487 illic
901 1453 997 1488 Gro-

322 1505 476 1540 novium.
503 1506 625 1539 Omnia
649 1508 867 1548 subveniant,
887 1505 997 1538 Men-

322 1557 436 1594 telian.
460 1557 592 1591 Hltms.
613 1574 658 1582 —
677 1558 750 1591 Nec
776 1561 810 1590 te
830 1560 890 1589 lua
905 1560 995 1589 vota.

321 1611 440 1649 Facta,
454 1608 556 1643 multi
571 1608 703 1642 codices
721 1620 728 1642 :
744 1607 884 1652 quidam
886 1609 995 1652 ficta:

320 1661 410 1695 sorte
425 1687 434 1703 ,
449 1673 512 1696 nec
525 1665 558 1695 le
571 1662 723 1705 tibificta
732 1664 905 1694 morentur.

364 1713 417 1747 23.
440 1713 534 1753 Uror,
558 1716 598 1745 ul
619 1713 754 1746 inducto
776 1715 899 1744 cerata·
917 1711 996 1743 sul-

309 1764 392 1808 fure
407 1766 504 1798 tede
516 1790 525 1804 ,
550 1765 659 1806 ulpia
674 1769 738 1797 etc.
766 1763 848 1808 Non
872 1761 995 1795 Hein-

318 1815 409 1850 sium
434 1814 537 1849 laudo
547 1841 559 1858 ‚
583 1814 642 1859 qui
669 1820 787 1848 tamen
813 1812 995 1858 saepissime

319 1866 511 1901 laudandus
524 1892 534 1910 ,
552 1876 662 1911 quum
673 1865 740 1899 hos
756 1877 874 1899 versus
889 1878 912 1898 a
927 1866 998 1898 vul-

318 1921 409 1961 gatis
422 1920 516 1952 libris
535 1917 662 1952 merito
675 1919 854 1950 exulantes
869 1915 906 1949 in
922 1922 998 1950 tex-

322 1975 399 2003 tum
413 1969 552 2014 recipit,
571 1967 726 2013 quamvis
738 1980 782 2001 ex
797 1970 999 2001 auctoritate

322 2023 515 2064 optimatum
527 2023 797 2055 membranarum.
811 2019 893 2054 Non
904 2018 997 2063 quod

322 2074 532 2116 inelegantes
546 2072 699 2117 judicem
713 2097 723 2114 ,
741 2071 796 2105 vel
810 2070 928 2105 Ovidii
943 2073 999 2103 in-

322 2126 442 2168 dignos
457 2134 470 2165 ;
497 2123 602 2167 eredo
629 2129 770 2157 econtra
799 2135 879 2156 vere
910 2121 999 2156 Ovi-

323 2175 444 2209 dianos
454 2188 525 2209 esse
539 2188 547 2215 ;
565 2173 624 2209 sed
640 2173 706 2207 vid.
722 2186 797 2218 quae
812 2173 855 2208 ad
868 2186 954 2207 vers.
971 2186 998 2206 1.

322 2226 426 2270 hujus
444 2226 605 2271 Epistolae
620 2224 860 2259 adnotandum
871 2224 997 2258 censui.

365 2280 417 2311 25.
432 2279 561 2313 AEneas
573 2279 680 2311 oculis
689 2289 821 2320 semper
827 2278 1000 2319 vigilantis·

267 2354 271 2359 «
321 2330 482 2370 inhoeret5
501 2330 705 2372 AEneamque
715 2331 826 2362 animo
840 2333 903 2361 etc.
915 2326 1001 2359 Vir-

326 2379 406 2425 gilio
417 2393 566 2424 semper,
580 2379 640 2414 sed
652 2380 802 2424 passibus
813 2378 927 2412 minus
938 2378 1001 2411 ini-

326 2432 400 2476 quis
409 2458 418 2475 ,
436 2431 492 2465 hic
502 2432 606 2466 instat
616 2430 772 2466 Ovidius.
784 2430 866 2464 AEn.
878 2441 916 2464 lv
925 2455 935 2472 ,
957 2429 977 2462 3
989 2454 1000 2472 ,

324 2496 397 2527 sqq.
416 2482 503 2517 Ibid.
520 2483 577 2516 83:

324 2551 412 2575 Multa
425 2550 476 2575 viri
489 2550 574 2574 virtus
593 2550 678 2574 auimo
690 2568 697 2579 ‚
720 2549 872 2582 multusque
889 2552 1004 2572 recursat

326 2599 415 2622 Gentis
426 2598 507 2624 honos
520 2607 526 2623 :
540 2599 635 2623 haerent
647 2597 718 2622 infixi
731 2602 833 2630 pectore
846 2596 933 2621 vultus
942 2614 952 2627 ‚

327 2646 462 2678 Verbaque
472 2656 481 2678 ς
500 2655 547 2671 neo
568 2646 695 2679 placidam
716 2645 838 2670 membri·
860 2645 904 2669 dat
925 2653 988 2669 eum

428 2694 550 2727 quietem.

329 2759 359 2766 ...
378 2742 459 2766 Illum
470 2742 560 2766 absens
573 2743 703 2767 absentem
717 2743 842 2777 auditque
854 2742 986 2775 videtque.

374 2799 425 2832 26.
441 2800 643 2843 AEneamque
653 2802 773 2832 animo.
790 2801 923 2833 AEncan
932 2802 1004 2832 ani-

1059 1261 1112 1282 mo
1125 1275 1134 1292 ‚
1158 1249 1317 1285 meliores
1342 1263 1350 1285 t
1374 1257 1409 1286 et
1429 1250 1477 1285 sic
1492 1250 1614 1286 Graeco
1629 1263 1728 1286 more

1035 1311 1037 1315 ’
1060 1300 1165 1333 etiam
1180 1300 1288 1343 infra,
1311 1314 1349 1335 ac
1371 1302 1495 1346 passim
1512 1303 1590 1338 alibi
1604 1303 1640 1337 in
1657 1315 1730 1348 op-

1060 1351 1150 1385 timis
1165 1351 1258 1386 libris
1274 1352 1441 1386 scribitur.
1454 1353 1585 1388 Hnms.
1603 1364 1642 1388 11.
1652 1353 1727 1388 Art.

1060 1402 1141 1436 Am.
1155 1403 1239 1447 348:

1090 1458 1217 1482 Exhibeat
1228 1458 1316 1483 vultus
1329 1467 1432 1492 noxque
1443 1458 1551 1492 diesque
1560 1464 1629 1485 tuos.

1060 1506 1131 1540 Ubi
1147 1506 1275 1549 nescio,
1287 1519 1350 1541 cur
1358 1520 1399 1541 ex
1409 1519 1481 1541 uno
1490 1507 1620 1552 codice,
1632 1510 1731 1543 exhi-

1060 1559 1163 1591 beant
1171 1557 1267 1591 malit
1276 1557 1566 1604 Heinsius,quum
1572 1558 1628 1594 hie
1636 1559 1731 1595 locus

1059 1608 1232 1653 vulgatam
1246 1609 1427 1644 manifeste
1439 1616 1587 1644 tueatur.
1601 1610 1732 1645 Bunm.

1104 1673 1156 1704 27.
1175 1660 1307 1694 Surdus.
1330 1662 1460 1695 ,Tardus
1472 1662 1601 1696 Moreti
1612 1688 1621 1705 ,
1633 1662 1731 1696 Has-

1059 1710 1186 1745 niensis
1198 1718 1233 1745 et
1243 1711 1432 1755 Leidensis,
1443 1712 1537 1757 quod
1550 1713 1732 1758 proprium

1059 1761 1095 1795 in
1110 1774 1227 1796 amore
1236 1762 1350 1808 frigidi
1362 1769 1398 1796 et
1411 1764 1581 1798 cessantis.
1597 1763 1732 1798 Eadem

1060 1813 1203 1848 varietas
1214 1813 1304 1859 apud
1315 1814 1419 1859 Prop.
1429 1826 1457 1857 1,
1471 1814 1567 1860 Eleg.
1577 1825 1661 1858 v111,
1671 1816 1710 1857 41
1722 1825 1732 1847 t

1060 1873 1125 1896 Sunt
1137 1872 1315 1904 igiturMusoe,
1323 1882 1407 1906 neque
1416 1873 1512 1898 munti
1524 1872 1731 1906 surdus-Apono.

1104 1933 1157 1967 29.
1171 1922 1327 1963 Quamvis
1335 1923 1422 1955 male
1432 1924 1572 1965 cogitat,
1587 1922 1654 1956 odi.
1665 1921 1734 1956 Pli-

1061 1970 1157 2014 nius,
1170 1972 1249 2007 Nat.
1265 1972 1356 2006 Hist.
1370 1982 1465 2006 xvur
1475 1997 1485 2015 ,
1503 1986 1532 2007 c.
1548 1974 1568 2006 5
1584 1973 1734 2006 :fibrtaezc-

1061 2026 1141 2057 simi
1155 2027 1224 2057 ve'n'
1239 2028 1278 2058 et
1299 2026 1423 2058 milites
1446 2026 1671 2058 strenuis-nimi
1687 2037 1734 2057 ex

1061 2077 1216 2118 agn‘colzk
1226 2079 1422 2116 nascuntur,
1436 2079 1630 2120 minimeque
1644 2077 1733 2123 malt·

1062 2130 1273 2170 cogitantes5
1301 2126 1368 2162 hoc
1383 2133 1434 2162 est
1445 2127 1592 2161 minime
1613 2125 1732 2160 dolosi.

1064 2178 1190 2212 Hausit
1208 2192 1248 2213 ex
1276 2177 1412 2214 Catone
1424 2205 1434 2223 ,
1464 2179 1523 2225 qui
1550 2178 1650 2213 initio
1665 2178 1732 2213 Rei

1065 2230 1226 2273 Rusticae,
1237 2230 1280 2264 de
1295 2231 1461 2277 Agricolis
1474 2231 1734 2266 :Maxime-male

1064 2285 1251 2325 cogitantes
1264 2288 1345 2317 sunt
1354 2310 1363 2324 ‚
1387 2287 1447 2328 qui
1455 2287 1492 2318 in
1505 2297 1545 2318 eo
1556 2285 1668 2317 studio
1676 2293 1733 2317 -oc-

1063 2336 1181 2376 cupali
1194 2339 1282 2368 sunt.

1109 2384 1163 2418 30.
1178 2387 1365 2430 Questaque
1368 2387 1469 2430 pejus
1478 2384 1735 2420 amo.·Vidimus

1066 2436 1138 2481 jam
1153 2436 1190 2470 in
1205 2436 1362 2470 Phaedrae
1375 2437 1482 2481 Epist.
1497 2437 1539 2470 ad
1555 2435 1662 2479 Hipp.
1673 2434 1734 2469 26:

1100 2496 1164 2527 Quae
1178 2495 1248 2520 venit
1258 2501 1346 2520 exacto
1356 2501 1469 2527 tempore
1481 2513 1489 2525 ,
1499 2496 1574 2528 pejus
1585 2498 1670 2518 amat.

1110 2543 1129 2576 3
1136 2557 1161 2576 1.
1178 2545 1299 2582 Parce,
1332 2545 1443 2577 Venus
1451 2570 1458 2583 ‚
1480 2544 1584 2589 nurui.
1611 2540 1737 2583 Consu-

1064 2598 1154 2639 gz‘um
1173 2595 1268 2629 enim
1288 2597 1451 2633 vocabat,
1471 2599 1505 2627 et
1520 2594 1652 2636 culpam
1669 2590 1737 2625 hoc

1068 2646 1211 2680 nomine
1221 2648 1435 2690 prete-gebal.
1448 2645 1564 2679 Nurus
1575 2655 1658 2688 ergo
1669 2643 1738 2675 Ve-

1068 2698 1161 2732 neris
1173 2724 1182 2740 ,
1204 2710 1279 2742 quae
1296 2698 1419 2731 AEneae
1431 2708 1573 2730 uxorem
1590 2707 1625 2729 se
1647 2705 1738 2739 prae-

1069 2749 1202 2784 dicabat
1214 2763 1222 2790 ;
1249 2756 1288 2782 ut
1304 2746 1479 2793 quondam
1501 2745 1631 2781 Creusa
1646 2757 1654 2779 :
1735 2790 1740 2795 ι

1067 2809 1206 2840 Dardanis,
1214 2813 1239 2833 et
1247 2807 1523 2833 div-›Venerismwust
1554 2807 1623 2832 AEn-
1634 2812 1670 2836 11,
1677 2807 1734 2839 787.
