1884 3112
334 211 420 269 304

762 214 1114 261 EPLSTOLA
1148 215 1287 262 XVI.

330 305 426 362 lbis.
444 304 685 354 Dardanias
708 304 863 368 ingens
886 305 1036 369 regina
1058 325 1138 372 per
1157 306 1289 354 urbes
1309 323 1320 353 :

391 382 540 447 Teque
559 399 714 447 novam
728 381 883 429 >credet
905 377 1062 443 vulgus
1086 380 1233 430 adesse
1257 381 1412 430 Deam:

329 458 514 524 Quaque
537 457 646 506 feres
671 475 864 520 gressus,
889 450 1128 506 adolebunt
1151 458 1349 507 cinnama
1369 457 1568 518 flammae,

394 537 597 600 Caesaque
622 534 903 597 sanguineam
925 530 1098 583 victima
1120 533 1302 600 planget
1321 534 1505 584 humum
1525 555 1535 584 :

328 612 457 660 Dona
478 622 601 677 pater
622 609 887 676 fratresque,
915 621 959 658 et
981 629 1079 658 cum
1104 605 1312 672 genitrice
1336 629 1529 669 sororeS,

1665 625 1729 661 335

388 687 632 753 Iliadesque
656 706 828 745 omnes,
853 697 1031 752 totaque
1055 684 1414 751 Troja,<dabunt.

327 765 414 814 Hei
433 764 563 812 mihi!
587 781 688 829 pars
709 782 733 811 a
755 781 823 810 me
846 762 918 811 vix
942 762 1101 810 dicitur
1118 762 1208 810 ulla
1230 763 1395 813 futuri:

391 840 525 889 Plura
545 840 657 889 feres
672 876 684 897 ,
711 858 841 905 quam
865 858 960 905 quae
982 838 1108 886 litera
1124 850 1275 886 nostra
1295 839 1439 888 refert.

325 919 416 966 Nec
440 928 488 965 tu
509 927 634 983 rapta
657 915 783 973 time,
808 934 863 964 ne
887 933 971 963 nos
993 914 1084 963 fera
1102 913 1220 962 bella
1242 928 1502 982 sequantur,

391 993 594 1043 Concitet
615 1003 660 1040 et
680 992 792 1040 vires
820 991 985 1040 Graecia
1005 1009 1162 1053 magna
1184 1010 1297 1040 suas.

1663 1007 1728 1055 340

325 1072 415 1119 Tot
433 1070 557 1136 prius
580 1067 780 1116 abductis
793 1103 805 1124 ,
829 1085 974 1132 ecquae
996 1067 1181 1133 repetita
1202 1085 1283 1134 per
1305 1087 1422 1117 arma
1444 1070 1543 1119 est?

392 1146 531 1195 Crede
552 1144 662 1193 mihi
686 1163 696 1191 :
721 1161 856 1191 vanos
878 1161 946 1191 res
969 1142 1105 1191 habet
1123 1144 1207 1191 ista
1229 1157 1383 1194 metus.

325 1222 513 1273 Nomine
536 1230 746 1287 ceperunt
767 1217 1005 1284 Aquilonis
1027 1219 1295 1268 Erechthida
1315 1221 1505 1271 Thraces
1523 1240 1534 1270 :

391 1302 450 1348 Et
473 1310 568 1348 tuta
590 1317 615 1346 a
637 1295 756 1345 bello
779 1296 978 1344 Bistonis
1003 1314 1079 1343 ora
1101 1295 1199 1343 fuit.

326 1375 515 1425 Phasida
534 1392 683 1441 puppe
706 1390 821 1420 nova
838 1371 955 1420 vexit
977 1372 1205 1435 Pagasaeus
1227 1373 1357 1420 Iason
1381 1390 1394 1431 ;

326 1530 362 1559 et
378 1523 532 1558 Gronov.
540 1519 681 1564 faciunt
693 1529 782 1551 unus
796 1515 992 1550 Beruensis.

370 1575 444 1609 332.
473 1575 581 1617 Teque
605 1583 721 1607 novam
744 1570 857 1603 credet
876 1570 994 1613 vulgus

326 1629 445 1660 adesse
468 1626 587 1659 Deam.
619 1623 726 1656 Hunc
744 1620 882 1654 titulum
896 1631 994 1653 sum-

326 1690 401 1713 sere
419 1674 576 1721 quaedam
596 1673 717 1707 eximia
740 1671 888 1705 vanitate
905 1683 993 1704 mu—

326 1729 426 1763 lieres
441 1741 450 1762 :
467 1728 513 1761 ita
532 1724 716 1769 Cleopatra
738 1725 800 1758 Θεὰ
818 1723 943 1768 νεωτέρα
958 1728 994 1755 et

326 1786 413 1821 καινὴ
429 1779 467 1813 in
482 1777 656 1818 nummis,
648 1790 654 1797 ·
684 1781 721 1809 et
742 1773 831 1819 apud
848 1773 994 1808 Plutar—

327 1831 474 1867 chumin
482 1829 550 1864 vita
561 1827 718 1879 Antonii,
729 1823 791 1864 ἴσις
802 1827 863 1859 νεά.
871 1825 993 1858 Exem-

327 1884 384 1928 plo
390 1893 557 1917 nimirum
569 1874 740 1914 Dearum:
749 1878 795 1911 ita
804 1876 899 1911 enim
910 1877 993 1910 Pro-

325 1935 462 1980 serpina
476 1936 523 1973 νέη
542 1936 632 1974 Δήω,
652 1930 694 1964 de
711 1941 778 1974 qua
794 1928 860 1963 vid.
877 1927 992 1973 Span-

327 1987 420 2021 hem.
442 1985 484 2019 ad
506 1983 590 2018 Call.
615 1983 723 2028 Hym.
741 1981 779 2015 in
807 1979 926 2014 Cerer.
943 1990 966 2013 v
977 2005 988 2023 ,

329 2039 412 2080 ι33;
430 2037 490 2071 uhi
500 2036 562 2070 alia
576 2033 729 2078 exempla
738 2032 841 2066 habes
854 2031 895 2065 de
909 2031 990 2065 Im-

324 2095 524 2134 peratorum
538 2085 697 2120 uxoribus
718 2097 726 2119 ε
749 2091 784 2118 et
803 2084 850 2118 ita
865 2083 989 2128 passim

323 2143 402 2175 noui
411 2142 485 2174 Dei
495 2146 530 2173 et
544 2140 626 2172 Deoe
640 2142 836 2171 occurrunt.

366 2192 440 2234 334.
456 2193 600 2234 Planget
608 2191 745 2223 humum.
763 2189 891 2230 Tinget,
904 2187 989 2221 Mo-

324 2244 390 2278 reti
402 2250 436 2277 et
448 2242 517 2276 duo
528 2241 591 2275 alii.
604 2239 684 2273 Vid.
693 2239 799 2285 Epist.
817 2250 840 2272 x
851 2265 860 2282 ,
871 2252 902 2273 v.
917 2238 988 2273 106.

367 2295 441 2337 340.
464 2295 592 2327 Gracia
616 2303 744 2335 magna.
772 2292 861 2325 Tota
887 2289 986 2324 Gro-

323 2346 416 2380 novii
428 2371 437 2389 ,
454 2342 639 2378 Bernensis
652 2368 661 2386 ,
684 2349 718 2375 et
738 2342 890 2386 quinque
905 2341 985 2382 31ἰί,

322 2401 442 2432 masta
452 2423 460 2438 ,
491 2395 585 2430 idem
612 2392 779 2428 Gronovii
807 2405 870 2438 pro
894 2393 987 2427 varia

321 2448 467 2484 lectione
484 2461 492 2481 :
508 2453 600 2481 certe
615 2445 698 2479 illud
713 2457 835 2488 magna
848 2456 986 2488 suspec-

322 2509 398 2536 tum
411 2507 462 2535 est
479 2513 487 2534 z
503 2511 578 2544 quae
588 2510 652 2532 vox
666 2504 701 2532 et
714 2508 795 2531 cum
806 2499 925 2530 moesla
935 2502 987 2529 est

322 2553 484 2595 confusa,
511 2551 567 2585 lib.
592 2562 625 2594 1,
644 2549 724 2583 Am.
749 2559 793 2591 x,
822 2546 873 2580 33.
899 2546 985 2580 Tota

322 2605 469 2649 placeret
478 2602 597 2649 magis,
609 2601 673 2635 nisi
684 2599 902 2645 praecessisset
912 2610 984 2631 mo-

322 2656 380 2699 do,
391 2660 522 2700 lotaque
538 2656 571 2688 T
565 2654 647 2697 roja.
660 2652 718 2686 An
733 2652 863 2685 Graecz‘a
873 2652 984 2685 mota?

321 2707 447 2743 Buam.
472 2724 515 2732 —
534 2704 624 2739 Mihi
645 2715 718 2739 uon
733 2701 885 2748 displicet
900 2700 983 2736 vul-

1660 1386 1725 1432 345

1059 1523 1177 1561 gatum
1188 1527 1331 1561 magum·
1349 1515 1506 1562 sequitur
1518 1516 1615 1551 enim
1622 1517 1706 1553 353:

1056 1571 1113 1596 Nec
1119 1571 1203 1596 minor
1210 1577 1248 1596 est
1258 1571 1338 1602 Asiae,
1348 1580 1426 1605 qnam
1435 1572 1724 1605 vestraecopintemuJa.

1099 1618 1173 1660 34ι.
1194 1620 1264 1653 Dic
1287 1632 1357 1663 qua·
1380 1623 1522 1663 repetita
1540 1633 1607 1664 per
1628 1630 1725 1655 arma

1056 1673 1111 1702 est
1121 1670 1141 1703 ,Ρ
1165 1671 1282 1714 Ecqua
1306 1674 1374 1711 est,
1399 1670 1534 1706 volebat
1550 1671 1581 1705 F
1580 1671 1727 1706 raucius.

1057 1721 1108 1754 Et
1121 1733 1189 1764 quoe
1199 1724 1270 1761 est,
1285 1721 1480 1755 Bernensis.
1495 1723 1722 1765 Quenames1',

1057 1771 1266 1805 Bersmanni
1280 1771 1386 1806 editio
1402 1784 1410 1806 :
1423 1785 1557 1816 omnes,
1573 1779 1611 1807 ut
1624 1780 1723 1818 puto,

1056 1822 1182 1857 frustra
1198 1835 1206 1857 ς
1225 1835 1307 1856 nam
1323 1823 1422 1857 unice
1435 1822 1564 1858 arridet
1583 1823 1724 1869 elegan-

1056 1874 1184 1908 tissima
1207 1874 1308 1909 lectio
1330 1874 1454 1909 codicis
1472 1875 1610 1909 alterius
1624 1873 1722 1910 Ber-

1055 1926 1170 1960 nensis
1189 1939 1197 1960 :
1216 1927 1285 1960 Dt'c
1303 1939 1372 1971 quae
1395 1929 1536 1970 repema
1544 1939 1612 1970 per
1627 1939 1722 1960 arma

1053 1979 1134 2012 est?
1162 1977 1266 2012 Varie
1283 1977 1378 2012 enim
1393 1977 1450 2012 illo
1465 1977 1631 2012 vocabulo
1652 1979 1723 2012 Dic

1053 2035 1200 2063 utuntur
1209 2036 1342 2074 poetae;
1359 2035 1418 2063 aut
1434 2029 1472 2062 in
1484 2029 1722 2074 exprobratio-

1053 2081 1152 2115 nibus
1163 2106 1173 2124 ,
1190 2080 1234 2115 de
1250 2093 1318 2125 quo
1331 2079 1399 2114 vid.
1409 2079 1564 2115 Broukh.
1575 2080 1618 2114 ad
1629 2081 1721 2115 Pro—

1052 2138 1140 2176 pert.
1155 2141 1194 2166 1v
1206 2157 1216 2175 ,
1240 2142 1306 2175 111,
1322 2131 1388 2174 23;
1416 2137 1452 2165 et
1466 2142 1505 2167 Iv
1517 2158 1526 2175 ,
1549 2141 1636 2173 VIII,
1659 2145 1718 2176 ¹75

1052 2190 1111 2217 aut
1136 2183 1170 2218 in
1202 2181 1349 2228 superba
1380 2182 1597 2217 adlocutione
1620 2195 1628 2217 :
1649 2180 1719 2217 vidss

1051 2234 1149 2269 Serv.
1159 2234 1203 2269 ad
1214 2235 1310 2280 Virg.
1321 2245 1388 2279 VII,
1401 2234 1484 2268 AEn.
1494 2235 1582 2279 546.
1573 2246 1582 2255 ·
1597 2234 1721 2280 praeci-

1050 2299 1137 2331 puus
1163 2298 1245 2321 vero
1272 2287 1347 2331 ejus
1373 2298 1453 2321 usus
1482 2286 1519 2319 in
1543 2297 1717 2330 provoca*

1050 2338 1146 2372 tione
1155 2364 1164 2382 ,
1179 2338 1273 2382 quasi
1284 2344 1323 2372 ut
1336 2338 1497 2382 probaret
1508 2343 1542 2370 et
1555 2335 1718 2382 exemplis

1050 2390 1250 2424 adfirmaret
1261 2389 1387 2434 aliquid
1398 2389 1453 2424 ille
1465 2401 1546 2424 cum
1561 2401 1630 2433 quo
1644 2388 1716 2433 agi-

1049 2455 1136 2477 mus.
1152 2443 1280 2477 Bunu.

1091 2495 1165 2538 343
1186 2493 1392 2528 Erechthida
1412 2498 1475 2526 etc.
1503 2490 1688 2538 Orithyam
1701 2515 1713 2532 ,

1049 2545 1236 2580 Erechthei
1257 2545 1363 2578 filiam
1381 2569 1390 2587 ‚
1421 2543 1571 2578 Thraces
1588 2568 1598 2586 ‚
1625 2541 1711 2576 duce

1047 2596 1161 2631 Borea
1171 2623 1180 2641 ‚
1208 2602 1408 2642 rapuerunt.

1090 2651 1163 2693 344.
1184 2651 1234 2683 Et
1247 2653 1330 2683 luta.
1351 2647 1496 2682 Francio
1509 2645 1644 2680 mollius
1658 2644 1713 2680 vi-

1046 2700 1209 2745 debatur,
1232 2705 1306 2735 tula
1326 2702 1390 2735 sed
1404 2713 1428 2734 a
1444 2701 1538 2734 bello.
