1884 3112
298 304 386 347 230

746 284 1111 347 EPISTOLA
1147 302 1270 348 ΧΠ.

359 378 560 443 Attinet?
578 393 782 455 ingentes
805 394 997 460 parturit
1017 394 1082 442 ira
1098 395 1252 443 minas.

296 471 401 534 Quo
422 470 531 518 feret
553 471 639 527 ira,
662 489 831 536 sequar.
853 470 974 518 Facti
991 470 1174 520 fortasse
1195 470 1368 538 pigebit
1383 509 1457 520 .....
1477 473 1497 521 ?

359 550 418 595 Et
441 548 563 613 piget
582 547 720 595 infido
744 547 1015 597 consuluisse
1036 549 1144 597 viro.

1645 576 1708 599 2¹0

294 625 467 673 Viderit
487 626 570 674 ista
594 626 734 683 Deus,
763 626 838 692 qui
861 645 978 674 nunc
996 645 1092 675 mea
1111 638 1292 693 pectora
1313 622 1481 675 versat:

358 702 518 751 Nescio
544 703 650 769 quid
676 715 790 752 certe
808 722 931 752 mens
954 723 1048 753 mea
1068 705 1207 770 majus
1231 704 1333 767 agit.
1351 709 1376 733 *

291 849 333 883 tis
347 875 357 892 ,
387 849 492 883 verba
519 849 704 894 praecidere
714 876 724 893 ‚
747 848 855 883 modo
881 849 968 884 nihil

290 900 374 935 inde
388 913 508 935 sensus
530 900 732 936 detrimenti
754 902 873 946 capiat.
909 902 967 937 Sic

290 952 433 996 Medea,
446 952 531 986 dum
540 953 710 988 ultionem
725 955 842 988 animo
854 961 964 1000 parat,

287 1011 324 1038 et
341 1003 482 1048 quidem
498 1004 712 1039 horrendam
725 1032 734 1049 ,
757 1019 802 1041 ne
819 1007 965 1041 verbum

290 1056 433 1101 quidem
445 1058 724 1101 ulc125c1'profert3
740 1057 798 1092 sed
813 1058 870 1092 dat
886 1058 966 1093 satis

289 1109 556 1154 intelligendum
568 1136 578 1153 ‚
602 1123 712 1155 quum
740 1110 834 1145 addit
855 1123 862 1144 :
893 1113 965 1154 Quo

280 1162 378 1206 seret
389 1165 457 1200 ira,
477 1175 605 1207 sequar.
631 1162 716 1207 Quo
732 1162 852 1198 tulerit
862 1189 872 1207 ,
889 1175 964 1197 no-

288 1219 365 1247 tum
381 1214 552 1249 omnibus.

333 1266 407 1301 208.
422 1268 581 1300 Partun‘l.
592 1266 779 1313 Eleganter
792 1279 800 1302 ε
812 1267 858 1302 ita
872 1268 963 1314 apud

289 1317 412 1351 Senec.
430 1317 528 1352 Med.
546 1321 587 1353 25
604 1332 612 1353 :
634 1320 841 1364 Partajam,
861 1324 965 1364 parta

288 1371 373 1403 ultio
385 1373 447 1403 est.
467 1371 605 1414 Peper1'3
625 1371 683 1405 ubi
703 1371 823 1406 Glossa
838 1372 963 1407 codicis

281 1419 521 1465 ‘Trajectensis
542 1435 549 1456 :
570 1424 694 1467 Pepen‘
709 1426 843 1458 scilicet
867 1427 964 1459 ullt'o-

287 1485 361 1506 nem
373 1500 381 1513 ‚
410 1475 501 1518 quod
511 1486 577 1518 per
577 1476 693 1519 filios,
719 1487 801 1520 quos
820 1480 959 1520 peperi,

287 1537 339 1558 me
349 1527 528 1560 vindicavi.
551 1526 682 1561 Bunn.

331 1589 407 1624 2⁰9·
422 1577 596 1621 Quosne!
609 1580 661 1612 ira
675 1591 802 1624 sequar.
821 1578 873 1615 Ex
886 1579 963 1614 Eu-

287 1627 399 1673 ripide
418 1641 426 1662 ε

287 1684 352 1715 Καὶ
362 1681 503 1724 μανθάνω
518 1684 573 1726 μέν
589 1683 637 1716 οἷα
652 1686 727 1729 δ’ρᾷν
742 1683 842 1726 με’λλω
853 1685 939 1719 κακά·

286 1734 386 1775 Θυμὲς
395 1735 426 1766 δὲ
437 1737 581 1782 κρείσσων
590 1740 648 1768 τῶν
655 1735 735 1778 ε’μῶν
741 1735 959 1779 βουλευμάτων.

286 1781 395 1817 Unde
410 1796 492 1818 sane
512 1783 661 1819 Gallicus
677 1792 778 1830 poeta
795 1798 803 1820 ε

285 1841 325 1867 Le
338 1842 422 1867 destin
433 1843 467 1867 do
478 1844 514 1868 Μ
513 1844 575 1868 ἑᾰέσ
585 1849 623 1868 est
635 1843 717 1869 d’e‘tre
728 1845 871 1871 criminelle
878 1858 889 1879 ,-

287 1891 360 1915 Mais
370 1900 416 1915 son
427 1900 499 1916 coeur
507 1892 637 1928 beaitsait
642 1903 713 1927 pour
724 1895 810 1919 aimer-
821 1894 849 1919 la
860 1902 942 1921 ver-tu.

606 1941 616 1973 (
629 1942 794 1974 Qunuuu.
810 1943 885 1968 ΤΙιόι.
899 1945 910 1976 )

330 2000 369 2021 21
379 2001 406 2021 1.
440 1989 571 2023 Viderit
582 1993 652 2024 ista
671 1992 778 2025 Deus.
805 1994 936 2027 Viderit
949 2020 958 2034 ‚

285 2038 487 2075 Puteaneus
503 2053 510 2074 :
527 2047 562 2075 et
579 2048 663 2077 tunc
683 2043 718 2077 in
739 2046 961 2089 sequentibus

287 2090 435 2124 rescribe
450 2104 458 2125 ε
481 2093 551 2135 Qui
560 2107 648 2128 nunc
658 2107 733 2129 mea
736 2100 878 2140 pectora
893 2110 962 2131 ver·

1075 863 1150 884 212.
1169 851 1293 885 Nescio
1311 851 1491 895 quideme
1514 854 1579 884 etc.
1599 848 1707 884 Haud

1030 900 1208 946 ingratum
1219 901 1411 947 legentibus
1418 901 1492 935 sore
1504 900 1706 944 existimavi,

1030 952 1151 997 siquid
1161 953 1230 988 huc
1239 952 1449 987 adducerem
1459 966 1478 987 e
1486 964 1588 987 scena
1601 961 1707 997 quam

1030 1003 1178 1038 instituit
1203 1004 1336 1039 Seneca
1359 1003 1526 1039 Medeam
1547 1003 1640 1038 inter
1670 1010 1708 1038 et

1031 1055 1212 1091 Nutricem
1225 1081 1234 1099 ,
1257 1068 1334 1101 quae
1349 1055 1510 1090 hortatur
1521 1082 1531 1099 ,
1555 1061 1594 1090 ut
1607 1055 1708 1090 saluti

1030 1119 1100 1142 suae
1115 1107 1279 1142 consulat.
1297 1121 1328 1141 v.
1349 1107 1409 1141 168
1429 1114 1464 1141 et
1476 1117 1555 1152 sqq:

1029 1167 1097 1192 Nuae.
1123 1167 1182 1192 Rex
1190 1173 1229 1192 est
1238 1167 1377 1193 timendus.
1389 1167 1465 1192 Med.
1475 1167 1534 1193 Rex
1542 1166 1707 1194 memfuerat

1193 1225 1274 1254 pater.

1030 1276 1096 1300 Nur.
1124 1275 1248 1311 Μοτίαειιεον
1263 1275 1339 1301 Med.
1355 1274 1447 1308 Cupio.
1466 1273 1532 1301 Nat.
1548 1273 1703 1307 Profuge....

1029 1330 1105 1355 Med.
1123 1329 1217 1355 Medea
1223 1329 1340 1362 sugium?
1353 1330 1419 1354 Nun.
1434 1327 1572 1361 Prosugm
1582 1326 1706 1353 dubitas?

1027 1379 1104 1405 Mad.
1124 1379 1232 1411 Fugam
1245 1388 1255 1411 ·‚
1271 1384 1298 1404 nt
1313 1379 1423 1404 ulciscar
1433 1379 1515 1413 prius.
1535 1408 1539 1412 v

1027 1428 1093 1452 Nut.
1122 1428 1225 1453 Vindex
1235 1433 1366 1462 sequetur.
1377 1427 1455 1452 Med.
1466 1427 1566 1452 Forsan
1575 1426 1705 1452 inveniam

1189 1477 1287 1504 mom!

1030 1526 1122 1570 Quae
1140 1526 1246 1560 verba
1268 1538 1310 1560 eo
1333 1524 1459 1570 majori
1478 1531 1611 1561 terrore
1627 1523 1704 1559 ime-

1026 1575 1124 1623 plent
1133 1575 1278 1621 animos,
1288 1590 1357 1623 quo
1364 1583 1492 1612 notum
1498 1576 1606 1622 magis
1613 1589 1706 1622 spec-

1027 1629 1191 1672 tantibus,
1205 1642 1272 1674 qua
1284 1629 1357 1674 jam
1371 1636 1444 1663 arte
1458 1628 1705 1674 insequentem

1026 1687 1163 1725 patrem
1182 1685 1312 1715 morata
1333 1680 1464 1722 suerit;
1491 1693 1557 1715 nec
1579 1679 1704 1714 oblitus

1025 1732 1134 1767 lector
1147 1758 1157 1776 ,
1176 1744 1252 1777 quae
1263 1745 1365 1777 supra
1376 1731 1500 1766 dixerit
1509 1756 1520 1774 ,
1536 1737 1613 1766 not.
1624 1731 1705 1772 208:

1242 1792 1318 1816 Pam
1328 1791 1397 1824 jam,
1410 1796 1483 1824 parta
1495 1791 1561 1816 ultio
1572 1795 1638 1815 eat:

1025 1834 1125 1867 Peperi-

1024 1909 1068 1915 —
1083 1890 1178 1934 Agit.
1194 1890 1274 1924 Alit
1286 1888 1495 1923 rescribebat
1511 1887 1680 1923 Francius
1691 1913 1701 1931 ,

1026 1947 1065 1976 ut
1079 1941 1236 1986 respiciat
1254 1943 1287 1976 τὲ
1296 1943 1452 1984 patiun't.
1478 1939 1537 1974 Sic
1557 1939 1703 1974 Terent.

1025 1993 1137 2027 Andr.
1152 2003 1184 2036 1,
1203 1995 1222 2027 5
1240 2005 1248 2027 ς
1266 1993 1410 2037 Aliquid
1419 1994 1562 2026 monstri
1575 1993 1676 2025 alunt
1684 2000 1699 2032 ‚·

1025 2044 1085 2080 sed
1101 2044 1187 2078 nihil
1203 2057 1298 2089 opus.
1315 2043 1440 2087 Senec5
1452 2042 1550 2077 Med.
1565 2042 1626 2087 46:

1057 2103 1201 2128 Tremenda
1210 2104 1272 2128 caelo
1280 2103 1375 2136 pariter
1387 2112 1417 2127 nc
1428 2103 1504 2127 ten-is
1519 2101 1587 2126 main

286 2154 356 2177 sas.
377 2142 511 2179 HEINs.
1057 2151 1135 2178 Mens
1147 2152 1217 2177 intus
1231 2152 1328 2186 agitat.
1503 2151 1601 2176 Eunu-

780 2240 1201 2256 ’.ᾡ-

335 2348 352 2365 *
378 2348 470 2393 Quae
494 2348 621 2384 deinde
644 2359 839 2386 evenerunt
854 2377 864 2396 ,
897 2365 939 2387 eo
957 2359 1041 2387 nota
1062 2353 1179 2388 minus
1192 2380 1202 2398 ‚
1225 2366 1295 2399 quo
1316 2366 1396 2388 rara
1416 2352 1525 2399 magis
1546 2352 1640 2387 inter
1664 2364 1700 2386 sc

292 2403 635 2450 Mythographorum
655 2407 849 2442 concordia.
860 2407 898 2442 Si
914 2408 1081 2453 quosdam
1098 2409 1195 2444 enim
1214 2409 1424 2444 audierimus
1437 2435 1448 2454 ,
1469 2409 1496 2444 is
1516 2408 1583 2444 suit
1594 2408 1700 2444 exitus

287 2459 361 2503 rei,
380 2460 494 2505 quod,
512 2474 622 2506 quum
639 2462 806 2498 Jasonem
829 2463 957 2498 Medea
982 2464 1139 2509 precibus
1162 2470 1197 2499 et
1221 2464 1324 2498 minis
1340 2465 1468 2499 frustra
1493 2468 1657 2498 tentasset
1679 2474 1699 2496 a

292 2512 425 2549 Creusa
449 2515 490 2549 ad
509 2529 544 2550 se
562 2516 669 2562 ipsam
684 2530 846 2553 revocare
859 2545 869 2562 ,
894 2525 929 2552 et
945 2526 1067 2553 contra
1092 2518 1265 2554 Corintho
1282 2519 1400 2554 statim
1414 2518 1588 2554 discedere
1609 2518 1700 2562 jussa

284 2568 423 2613 suisset,
451 2583 470 2604 a
489 2570 643 2607 Creonte
665 2572 863 2619 efflagitavit
885 2573 988 2608 unius
1005 2574 1073 2608 diei
1099 2574 1323 2618 dilationem;
1347 2587 1416 2620 quo
1438 2574 1580 2620 quidem
1602 2573 1699 2608 facile

285 2622 492 2670 impetrato,
516 2633 626 2661 totam
646 2635 748 2663 nocte
767 2628 927 2673 sequenti
945 2630 1076 2675 regiam
1097 2629 1270 2674 incendit,
1287 2630 1409 2665 radicis
1429 2628 1608 2674 cujusdam
1632 2640 1698 2673 ope

286 2691 391 2723 quam
411 2679 510 2715 Circe
529 2682 709 2718 invenerat
721 2710 730 2727 ,
753 2690 788 2718 et
801 2683 899 2728 cujus
914 2697 954 2718 ea
966 2685 1015 2719 vis
1033 2692 1107 2719 erat
1120 2711 1129 2729 ,
1147 2692 1204 2728 ut,
1227 2698 1334 2730 quem
1352 2683 1555 2720 accenderat
1569 2709 1579 2727 ,
1605 2683 1694 2729 ignis

284 2746 504 2779 nequaquam
523 2745 637 2782 posset
653 2739 831 2785 exstingui.
854 2739 896 2773 In
917 2739 982 2774 hac
1001 2740 1272 2785 conflagratione
1289 2740 1426 2785 periisse
1444 2737 1639 2773 Creontem
1661 2744 1697 2772 et

281 2797 401 2826 natam
429 2791 568 2837 serunt;
590 2794 758 2830 Jasonem
785 2807 869 2831 vero
893 2794 1106 2830 incolumem
1128 2795 1268 2831 evasisse
1286 2821 1296 2840 ,
1323 2796 1381 2841 qui
1406 2801 1522 2841 postea
1539 2820 1549 2839 ‚
1572 2793 1695 2830 iisdem
