1884 3112
613 255 804 302 PARIS
840 258 1147 306 HELENAE.
1504 284 1584 327 29¹

169 344 398 394 Portubus
422 346 650 409 egredior;
675 351 906 419 yentisque
926 351 1171 403 ferentibus
1195 363 1302 404 us'us
1532 376 1594 408 125

235 421 454 489 Applicor
475 424 523 472 in
546 436 704 486 terras,
729 427 892 477 OEbali
914 430 1144 498 Nympha,
1171 445 1281 483 tuas.

171 499 350 567 Excipit
371 501 571 570 hospitio
594 504 663 552 vir
683 524 753 554 me
778 517 882 554 tuus
903 526 913 554 :
932 506 1019 556 hoc
1045 527 1225 575 quoque
1247 511 1411 562 factum

237 577 344 626 Non
366 579 460 629 sine
484 580 674 630 consilio
698 583 1045 650 numinibusque
1070 586 1227 635 Deum.

173 653 254 704 llle
278 655 456 722 quidem
483 658 694 718 ostendit,
720 660 940 727 quidquid
963 661 1273 714 Lacedaemone
1297 677 1391 715 tota

237 734 428 782 Ostendi
453 734 656 799 dignum,
683 737 1062 806 conspicuumque
1086 740 1184 789 fuit.
1535 763 1595 796 130

170 812 262 862 Sed
281 812 391 862 mihi
413 812 633 864 laudatam
656 816 854 882 cupienti
880 835 1055 867 cernere
1078 818 1265 869 formam
1279 859 1292 880 ‚

240 892 428 941 Lumina
446 891 511 941 nil
535 893 655 942 aliud
679 913 769 960 quo
794 907 1056 961 caperentur
1080 909 1184 947 erat.

172 969 236 1017 Ut
258 968 370 1028 vidi,
397 970 639 1038 obstupui;
665 972 997 1040 praecordiaque
1019 974 1174 1024 intima
1199 977 1318 1026 sensi

233 1047 471 1098 Attonitus
494 1048 610 1098 curis
634 1049 896 1099 intumuisse
921 1052 1062 1100 novis.

171 1122 255 1172 His
279 1124 443 1174 similes
465 1125 634 1185 vultus,
661 1139 876 1193 quantum
898 1129 1180 1189 reminiscor,
1204 1132 1420 1195 hahebat,
1537 1151 1597 1186 135

233 1202 370 1251 Venit
390 1203 438 1252 in
461 1203 695 1253 arbitrium
719 1223 856 1270 quum
881 1206 1097 1272 Cytherea
1119 1227 1279 1258 meum.

172 1276 221 1326 Si
243 1290 294 1329 tu
314 1281 508 1330 venisses
531 1281 698 1349 pariter
720 1293 939 1331 certamen
962 1283 1010 1331 in
1034 1283 1146 1332 illud
1159 1322 1170 1344 ,

234 1358 290 1406 In
313 1359 500 1409 dubium
518 1360 704 1408 Veneris
727 1359 873 1427 palma
892 1359 1043 1409 sutura
1060 1360 1158 1410 fuit.

216 1477 293 1511 125.
326 1476 445 1511 Ventis
459 1473 661 1519 ‚fetentibus
689 1474 771 1509 Hoc
798 1480 850 1509 est

169 1528 348 1574 secundis,
365 1534 401 1564 et
416 1540 436 1562 a
449 1533 548 1572 tergo
562 1526 797 1571 sequentibus.

217 1580 289 1616 126.
310 1581 476 1626 Applicor
491 1582 530 1614 in
547 1583 664 1613 terras.
680 1578 848 1614 Francius

169 1633 321 1670 malebat
334 1659 345 1677 ,
359 1634 411 1667 ad
423 1636 540 1666 tems.
550 1650 595 1657 —
611 1631 730 1665 OEbali
741 1632 849 1678 Nym-

163 1688 246 1732 pha.
265 1685 320 1720 De
331 1684 471 1720 Helena
482 1689 518 1718 et
531 1682 702 1718 Laconica
712 1682 846 1717 dictum

169 1737 297 1785 accipio
310 1751 320 1779 ;
346 1749 386 1772 ac
411 1734 616 1784 Nympham
639 1747 704 1781 pro
731 1734 846 1780 puella

167 1789 377 1839 generaliter
385 1789 470 1836 poni
483 1794 578 1835 puto.
590 1788 778 1822 OEbalidem
788 1800 846 1822 au-

167 1852 242 1880 tem
248 1850 362 1887 vocat,
372 1841 414 1877 ab
425 1840 567 1884 OEbalo,
579 1839 699 1885 Argali
708 1839 762 1874 vel
776 1838 846 1887 Cy-

167 1904 282 1933 nortae
288 1894 374 1939 filio,
382 1893 442 1940 qui
448 1905 593 1928 uxorem
600 1891 696 1926 duxit
704 1891 846 1937 Gorgo-

169 1950 326 1997 phonem
332 1946 452 1984 Persei
459 1945 581 1988 filiam,
588 1957 628 1979 ex
636 1956 703 1989 qua
711 1944 846 1989 Hippo-

167 2009 308 2046 coonta,
322 1997 533 2048 Tyndarum
543 2003 579 2031 et
591 1995 673 2030 aiios
686 1995 844 2041 suscepit.

191 2063 194 2065 ’
215 2068 287 2101 ¹²7·
308 2054 386 2087 Hoc
395 2062 520 2097 quoque
524 2048 662 2094 suctum
673 2054 737 2082 etc.
751 2046 845 2082 Con-

167 2107 299 2154 iecerat
313 2103 480 2140 Heinsius
490 2129 499 2146 ,
511 2103 673 2136 concilio:
685 2100 746 2135 sed
758 2099 845 2134 nihii

168 2156 402 2194 mutandum:
415 2155 591 2190 consilium
607 2152 703 2187 enim
719 2151 775 2186 hic
787 2165 845 2186 vo-

167 2211 342 2247 luntatem
351 2216 387 2244 et
398 2214 554 2243 mentem
563 2206 725 2241 Deorum
735 2210 847 2239 notat.

216 2263 289 2298 131.
311 2263 514 2297 laudatam.
528 2260 649 2295 Potest
664 2256 843 2303 explicari,

170 2329 190 2351 a
208 2315 352 2350 Venere
374 2312 461 2348 mihi
485 2310 660 2347 laudatam
680 2317 715 2344 et
739 2321 845 2343 com-

169 2366 374 2403 mendatam
391 2380 400 2408 3
425 2363 486 2399 sed
511 2363 619 2409 magis
643 2370 694 2396 est
709 2388 718 2406 ,
744 2368 784 2395 ut
808 2361 846 2395 in

169 2432 299 2468 genere
315 2423 415 2452 notet
425 2415 705 2462 pulcherrimam.
716 2413 846 2448 Bumu.

217 2471 289 2506 133.
317 2470 366 2504 Ut
384 2470 473 2509 vidi,
490 2469 654 2511 obstupui.
680 2465 846 2501 Francius

166 2523 327 2566 volebat,
349 2525 388 2556 ut
401 2522 488 2561 vidi,
507 2524 546 2554 ut
564 2521 686 2564 stupui.
705 2516 786 2553 vid.
802 2516 847 2552 ad

167 2575 279 2622 Epist.
294 2584 349 2608 ΧΗ
362 2600 372 2618 ,
392 2572 452 2607 ι33
467 2587 476 2614 ;
490 2578 525 2607 et
541 2582 611 2606 xm
623 2595 633 2615 ‚
654 2570 706 2618 89.

215 2627 287 2672 134.
307 2627 402 2668 Cufis
415 2628 611 2660 intumuisse
620 2626 724 2659 novis.
740 2621 846 2657 Forte

169 2681 354 2715 indoluisse
363 2706 371 2720 ‚
389 2677 443 2712 vel
457 2679 649 2722 intepuisse.
664 2677 757 2712 Nam
773 2676 848 2711 Mi-

170 2731 249 2780 cylli
265 2730 350 2767 illud
370 2734 566 2766 intumuisse
586 2742 709 2776 parum
727 2729 846 2775 placet.

174 2783 305 2822 mes.
322 2784 446 2830 Neque
463 2783 501 2818 in
516 2782 649 2829 Micylli
662 2782 753 2817 notis
766 2807 775 2826 ,
787 2794 847 2817 ne-

915 1487 983 1520 que
997 1482 1097 1510 textu
1118 1475 1203 1511 illud
1218 1479 1421 1514 intumuisse
1435 1480 1574 1527 repperi
1589 1495 1597 1516 z

914 1527 1009 1573 quod
1036 1535 1154 1563 tamen
1179 1529 1336 1576 impense
1359 1531 1471 1576 placet
1489 1559 1498 1576 ,
1524 1547 1595 1579 prae

912 1580 1054 1625 reliquis
1067 1593 1074 1614 :
1085 1581 1122 1615 in
1131 1581 1371 1618 affectionibus
1382 1584 1478 1618 enim
1492 1585 1594 1620 vehe-

912 1633 1143 1668 mentioribus
1160 1638 1284 1668 tumere
1295 1641 1414 1679 pectus
1426 1662 1435 1679 ,
1448 1649 1595 1682 praecor-

913 1683 969 1718 dia
988 1691 1053 1719 etc.
1068 1686 1194 1730 passim
1206 1694 1319 1732 poetae
1334 1686 1485 1733 fingunt.
1502 1689 1593 1724 Vide

911 1737 1026 1783 ipsum
1044 1737 1233 1773 Heinsium
1246 1738 1290 1773 ad
1309 1739 1427 1774 Valer.
1441 1740 1533 1775 Flac.
1543 1753 1573 1775 11
1583 1767 1592 1784 ,

915 1790 988 1824 108.
1005 1789 1063 1825 Sic
1082 1790 1211 1826 Noster
1226 1803 1257 1827 11
1268 1817 1278 1835 ‚
1294 1792 1441 1827 Metam.
1457 1792 1542 1827 508:

911 1845 1046 1869 Intumuit
1059 1845 1137 1870 Juno.

912 1891 958 1927 Et
977 1905 1016 1928 1v
1028 1920 1038 1937 ,
1058 1894 1163 1928 Pont.
1180 1904 1261 1938 xw,
1277 1893 1338 1937 34:

943 1949 1077 1974 Intumuit
1084 1949 1137 1973 vati
1148 1957 1196 1973 nec
1205 1954 1290 1973 tmen
1300 1949 1384 1974 Ascra
1395 1957 1453 1974 suo.
1474 1949 1573 1975 Bunx.

910 1997 1064 2032 ——Recte
1076 1996 1133 2032 hic
1140 1997 1338 2032 Burmann.
1349 2005 1472 2032 contra
1483 1998 1593 2032 Hein-

908 2050 1001 2084 sium
1023 2055 1142 2084 tuetur
1164 2049 1380 2084 locutionem
1405 2049 1497 2084 hanc
1513 2050 1591 2084 ele—

911 2101 1147 2147 gantissimam
1157 2115 1165 2143 ;
1175 2108 1211 2136 et
1221 2114 1297 2146 quae
1307 2102 1408 2136 assert
1415 2102 1590 2148 exemplis,

913 2153 1093 2189 Ciceronis
1102 2154 1218 2189 locum
1228 2160 1365 2200 poterat
1375 2153 1517 2198 addere,
1530 2155 1590 2200 qui

909 2205 957 2241 sic
969 2232 978 2250 ,
996 2205 1135 2240 Tuscul.
1163 2204 1298 2251 Quaest.
1314 2215 1360 2240 111
1374 2232 1383 2250 ,
1408 2206 1446 2240 31
1463 2218 1471 2241 :
1489 2221 1505 2236 «
1519 2206 1590 2242 Nos

911 2258 1030 2293 omnia
1042 2258 1078 2292 in
1091 2257 1365 2293 consolationem
1378 2271 1486 2293 unam
1501 2271 1590 2294 con-

910 2311 1068 2356 jecimus;
1077 2317 1152 2345 erat
1163 2310 1259 2344 enim
1269 2313 1305 2344 in
1314 2314 1439 2345 tumore
1449 2314 1590 2345 animus.

958 2363 1027 2397 136.
1058 2364 1159 2398 Venit
1171 2366 1208 2398 in
1227 2366 1400 2398 arbitrium
1417 2370 1481 2398 etc.
1510 2363 1590 2398 Hoc

910 2422 974 2459 est,
983 2415 1054 2461 ipsa
1063 2416 1198 2458 Venus,
1207 2427 1316 2461 quum
1330 2416 1424 2450 s'tetit
1437 2422 1516 2449 ante
1530 2427 1588 2450 me

910 2467 1063 2512 judicem
1079 2466 1174 2502 nuda
1187 2468 1251 2502 :ita
1268 2468 1364 2502 enim
1380 2465 1494 2501 sabula
1508 2474 1587 2502 tra-

910 2518 1014 2554 ditur.
1029 2521 1192 2567 Cytherea
1202 2526 1320 2554 autem
1329 2520 1451 2554 Venus
1463 2518 1590 2554 dicitur

911 2584 930 2606 a
943 2571 994 2620 Cy
1001 2571 1126 2616 theris,
1136 2571 1227 2618 apud
1239 2583 1345 2618 quam
1357 2571 1504 2606 insulam
1517 2570 1589 2616 pri-

910 2637 1010 2659 mum
1027 2637 1045 2658 e
1062 2624 1150 2658 mari
1168 2624 1330 2668 emersit,
1349 2630 1387 2658 ut
1411 2620 1586 2658 Hesiodus

911 2685 1032 2713 auctor
1048 2684 1119 2720 est,
1138 2675 1272 2722 Theog.
1296 2690 1366 2724 192.
1384 2675 1521 2716 Μιεη.

958 2730 1029 2764 138.
1051 2733 1093 2763 ln
1121 2730 1263 2763 dubium.
1290 2731 1332 2762 In
1361 2730 1460 2773 dubis)
1492 2727 1590 2762 malit

911 2781 1083 2828 Micyllus.
1105 2781 1182 2828 Ego
1199 2782 1371 2830 ἆρχαϊσμὶν
1393 2780 1487 2816 hunc
1513 2792 1585 2814 non
