1884 3112
552 271 637 316 LE
650 271 887 317 ANDER
925 272 1207 317 HERONI.

233 366 335 415 Hoc
355 364 498 429 magis
522 376 591 414 est
613 376 814 424 cautum,
838 384 895 415 ne
919 365 1036 415 foret
1058 364 1172 414 illud
1193 366 1330 420 iners.>

166 444 378 511 Jamque,
403 443 611 507 fugatura
632 442 823 495 Tithoni
846 443 1035 509 conjuge
1058 455 1236 498 noctem
1251 481 1264 503 ‚

235 521 432 570 Praevius
455 521 643 575 Aurorae
665 519 844 572 Lucifer
867 531 994 568 ortus
1018 532 1124 569 erat.

1517 277 1604 340 337

1543 396 1604 420 110

123 596 126 598 ’
172 597 340 648 Oscula
364 598 648 662 congerimus
668 609 929 665 properata,
955 597 1051 646 sine
1072 597 1250 658 ordine,
1275 600 1460 667 raptim,

233 678 297 725 Et
316 677 545 744 querimur
563 694 722 745 parvas
739 675 952 724 noctibus
969 694 1064 724 esse
1087 694 1249 726 moras.

168 754 321 823 Atque
341 754 407 804 ita
427 766 683 812 cunctatus,
706 754 883 803 monitu
905 753 1094 803 nutricis
1118 774 1267 809 amaro

1547 775 1608 810 115

234 833 416 897 Frigida
437 832 609 887 deserta
631 831 764 881 litora
788 843 908 887 turre
932 843 1052 898 peto.

170 911 462 975 Digredimur
480 911 662 969 flentes;
686 921 931 978 repetoque
953 928 1038 972 ego
1060 908 1262 974 Virginis
1284 916 1438 978 ae'quor
1451 950 1464 972 ,

233 988 496 1057 Respiciens
520 988 748 1044 dominam
763 1026 776 1047 ,
803 988 910 1037 dum
935 986 1060 1048 licet,
1086 1007 1230 1056 usque
1253 1008 1409 1046 meam.

170 1066 220 1116 Si
243 1085 333 1134 qua
353 1065 463 1115 fides
486 1085 591 1115 vero
617 1077 704 1125 est,
730 1065 912 1115 veniens
935 1065 1024 1114 huc
1048 1085 1143 1115 esse
1162 1079 1368 1129 natator3

238 1146 394 1211 Quum
411 1145 569 1203 redeo,
592 1144 750 1198 videor
771 1143 1014 1207 naufragus
1035 1163 1131 1194 esse
1151 1145 1276 1194 mihi.

1546 1174 1611 1197 1710

171 1223 274 1273 Hoc
295 1242 477 1292 quoque
502 1223 544 1277 si>
559 1222 737 1282 credas,
765 1221 823 1271 ad
846 1233 889 1271 te
912 1222 982 1271 via
1005 1242 1147 1289 prona
1170 1223 1346 1273 videtur
1367 1244 1378 1273 :

237 1304 282 1352 A
304 1315 348 1353 te
371 1321 511 1371 quum
529 1301 685 1361 redeo,
711 1300 852 1350 clivus
872 1301 1028 1351 inertis
1051 1322 1188 1370 aquae.

220 1419 295 1443 uo.
322 1408 392 1442 Est
412 1411 558 1442 cautum.
592 1407 753 1451 Captum,
774 1405 861 1441 Sar-

173 1460 279 1505 mvii,
310 1459 472 1499 Lincoln.
493 1458 716 1504 et‚Scriverii
735 1472 744 1494 ι
768 1460 859 1494 sorte

174 1525 250 1548 non
272 1507 388 1555 male,
413 1518 454 1547 ut
470 1516 606 1557 captum
622 1516 754 1556 tempus
769 1523 860 1557 saepe

174 1564 269 1612 apud
281 1565 422 1600 Livium
432 1591 442 1608 ,
460 1565 659 1599 Maronem
665 1570 702 1598 et
713 1563 805 1598 alios.
817 1563 859 1598 B.

222 1619 296 1653 115.
321 1618 438 1668 Atqu
455 1621 522 1668 ,ita
535 1620 736 1664 ,cum-tatus.
766 1615 860 1651 Ele-

174 1677 300 1720 ganter
313 1668 425 1705 MSS.
440 1669 621 1705 Palatinus
637 1678 646 1701 ε

174 1728 266 1765 κήκ
273 1731 311 1757 in
316 1749 327 1762 ,
342 1735 478 1756 connexus
489 1729 592 1756 monitu
601 1729 714 1760 nutricis
723 1736 824 1760 aarum,

205 1779 511 1814 mitid-demum·-
525 1780 679 1813 tun-'epem-
691 1780 766 1805 Du.
776 1779 821 1804 11:

173 1846 218 1856 --
235 1830 426 1866 Cunctatus
435 1829 553 1876 sta-ipti
564 1829 734 1876 plerique.
747 1831 862 1864 Cunc-

174 1886 271 1918 tatus
282 1885 456 1924 monitum,
469 1883 673 1918 Puteaneus
686 1896 695 1924 ;
715 1880 861 1927 quidam

174 1947 310 1970 amam.
332 1934 478 1978 scribo,
503 1938 684 1970 cunctatus
714 1937 862 1968 monitus

174 1990 319 2024 nntn'cis
326 1997 485 2029 mamm
499 1993 540 2021 ut
549 1986 629 2021 Val.
637 1986 688 2021 ΓΙ.
699 1997 745 2020 111
755 2012 765 2030 ‚
775 1986 840 2020 385
852 1998 861 2020 ε

175 2044 258 2071 Haud
269 2051 346 2070 tetus
353 2043 491 2069 &oniam
501 2042 608 2069 moniti·
620 2050 745 2068 accensus
754 2042 860 2070 amaria.

178 2094 248 2130 vel
258 2120 270 2139 ,
299 2096 462 2129 monitum
486 2095 630 2127 nutui-121·
653 2104 788 2126 amare.
813 2091 862 2126 H.

177 2146 254 2183 Nos
275 2144 512 2182 exroedicibus
526 2144 724 2188 veteribus,
750 2157 863 2179 cunc-

179 2204 274 2235 talm
290 2227 299 2242 ‚
329 2201 460 2234 monitu
485 2201 629 2235 nutui-125
650 2210 769 2232 amaro
798 2203 863 2232 etc.

179 2251 392 2289 retinemus
401 2250 479 2294 ned
490 2249 711 2286 distinctione
720 2262 864 2284 sensum

179 2304 380 2351 adjuvimus
394 2330 404 2348 ,
438 2310 480 2338 ut
502 2303 547 2338 sit
571 2301 698 2338 'sensus
712 2316 720 2343 ;
747 2315 866 2338 amato

180 2360 312 2394 moaellu
325 2355 472 2392 nutricis
482 2381 492 2399 ,
508 2362 586 2402 post
602 2355 745 2401 longam
761 2368 867 2389 cunc-—

181 2413 366 2448 latiam-m,
389 2409 491 2442 litem
509 2413 601 2453 peto.
623 2408 754 2442 Btmm.

230 2475 303 2510 ¹¹9·
325 2462 540 2507 SIquafides
557 2473 638 2496 vem
653 2465 708 2494 est
720 2467 785 2495 etc.
806 2460 866 2495 Sa-

182 2527 250 2550 nus
266 2520 318 2549 est
335 2512 431 2548 locus
442 2539 451 2557 ,
468 2525 576 2558 quem
591 2525 754 2558 perverse
771 2513 867 2558 prius

183 2573 380 2613 acceptum,
392 2572 428 2600 et
442 2566 570 2602 frustra
583 2565 681 2609 inde,
699 2572 869 2611 tanquam

184 2619 348 2655 vitiosum
360 2644 370 2663 ,
389 2625 430 2653 ut
445 2631 507 2653 sua
519 2645 529 2662 ‚
546 2618 594 2652 ita
614 2617 765 2653 Curam
780 2630 870 2653 con-

183 2672 318 2718 jectura
328 2671 550 2707 sollicitatum
559 2670 657 2705 dedit
665 2698 675 2715 ‚
689 2677 792 2716 atque
803 2671 868 2706 in·-

183 2730 397 2770 terpretatus
417 2730 469 2759 est
484 2723 712 2758 Burmannus
727 2735 736 2758 :
753 2723 870 2769 Siqua

174 2777 271 2822 fides
295 2776 384 2811 mihi
416 2789 542 2811 verum
559 2803 568 2820 ,
599 2775 659 2811 sed
685 2776 742 2812 cui
763 2778 869 2822 fidem

188 2828 292 2865 multi
313 2841 388 2867 non
412 2828 585 2873 habeant,
605 2828 744 2864 dicenti.
768 2830 869 2865 Ver-

373 2891 418 2935 I.

887 1448 890 1450 ,
925 1418 1004 1441 sum
1027 1421 1085 1442 ιιι
1105 1414 1141 1443 et
1155 1415 1365 1454 sequentem
1382 1407 1538 1445 imitatus
1560 1410 1614 1444 vi-

922 1458 1028 1496 detur
1047 1459 1232 1497 claudian.
1256 1461 1300 1496 de
1320 1472 1360 1497 vr
1373 1462 1506 1498 consul.
1530 1463 1615 1498 Ho-

921 1523 1001 1546 nor.
1023 1513 1107 1556 143:

1042 1590 1073 1598 ...
1092 1574 1126 1598 Et
1138 1582 1198 1607 qua
1210 1573 1376 1600 venientibus
1387 1581 1448 1600 aute

921 1623 1006 1648 Prona
1015 1622 1067 1648 fuit
1076 1642 1085 1655 ‚
1095 1624 1150 1657 jum
1159 1623 1286 1656 difficilis,
1298 1625 1352 1662 jem
1362 1625 1429 1655 dura
1441 1626 1561 1657 reversis.
1574 1627 1608 1652 1..

968 1684 1040 1706 120.
1047 1672 1254 1718 ‘Naufragus
1265 1680 1339 1722 cyse
1351 1675 1444 1709 mibi.
1463 1674 1606 1710 Rober-

923 1730 978 1759 tus
998 1724 1114 1759 Titius
1133 1723 1195 1760 lib.
1213 1737 1256 1769 v,
1284 1724 1410 1761 Locor.
1434 1725 1605 1765 Controv.

922 1790 996 1824 cap.
1014 1780 1054 1823 4,
1068 1778 1142 1814 haec
1153 1778 1316 1826 explicat,
1332 1779 1429 1825 quasi
1446 1779 1610 1815 Leander

922 1830 1062 1865 rediens
1071 1838 1222 1866 natasset
1235 1831 1394 1877 supinus,
1406 1845 1507 1867 more
1520 1846 1612 1867 nau-

922 1883 1103 1929 fragorum
1116 1897 1125 1925 ;
1142 1896 1255 1929 quum
1274 1884 1375 1918 Hero
1386 1891 1522 1930 petens,
1535 1897 1614 1931 pro-

924 1947 991 1970 nus
1008 1942 1168 1980 nataret,
1186 1935 1282 1970 unde
1300 1936 1384 1970 etin
1401 1937 1613 1982 praeceden-

925 1988 1016 2023 tibus
1041 1988 1126 2023 dixit
1150 1988 1389 2034 z'Respiciens
1417 1991 1610 2031 dominam,

925 2042 1004 2074 dum
1028 2043 1111 2075 licet
1133 2054 1256 2086 usque,
1279 2054 1411 2076 meam:
1430 2041 1525 2087 quod
1550 2042 1616 2078 alia

924 2094 1062 2128 ratione
1073 2094 1240 2139 consequi
1252 2107 1326 2129 non
1339 2101 1490 2140 poterat,
1506 2108 1612 2141 quam

925 2147 954 2181 si
965 2146 1110 2192 supinus
1121 2153 1270 2182 nataret.
1286 2146 1359 2182 sed
1373 2160 1438 2182 uos
1455 2147 1543 2182 nihil
1557 2147 1614 2183 hic

925 2206 1000 2234 tam
1012 2198 1125 2245 arguti
1141 2199 1250 2234 latere
1265 2199 1442 2236 credimus
1453 2226 1463 2244 ‚
1482 2207 1518 2235 et
1527 2200 1614 2236 sim-

927 2251 1054 2297 plicem
1072 2265 1144 2286 esse
1159 2264 1303 2287 sensum
1316 2278 1326 2296 ,
1357 2266 1394 2288 se
1410 2252 1524 2288 videri
1539 2267 1612 2288 na—

928 2310 1080 2338 tatorem
1094 2330 1103 2347 ‚
1120 2303 1157 2338 id
1170 2311 1222 2339 est
1234 2331 1244 2349 ,
1262 2304 1449 2351 voluptatis
1460 2318 1561 2341 causa
1578 2320 1615 2341 se

929 2368 1104 2399 exercere,
1123 2362 1299 2392 ostentare
1317 2363 1431 2392 artem
1445 2357 1612 2402 dominae,

930 2416 966 2444 et
983 2421 1110 2454 aquam
1128 2422 1200 2445 esse
1223 2423 1376 2456 pronam
1398 2418 1435 2446 et
1452 2411 1589 2447 facilem
1604 2427 1612 2454 ;

930 2461 989 2497 sed
1006 2461 1092 2496 dum
1108 2461 1222 2505 redit,
1246 2476 1282 2498 se
1300 2463 1457 2499 laborare
1470 2470 1507 2499 et
1521 2463 1617 2499 disfr-

931 2514 1042 2550 culter
1053 2521 1175 2550 natare
1188 2542 1198 2559 ,
1218 2522 1399 2561 tamquam
1415 2523 1540 2552 contra
1554 2517 1618 2551 cli-

931 2580 1016 2602 vum
1039 2579 1157 2613 aquae,
1176 2580 1253 2613 quae
1269 2567 1357 2603 nihil
1374 2568 1518 2613 adjuvet
1542 2582 1615 2606 na-

932 2627 1067 2656 tantem
1088 2635 1098 2663 ;
1132 2619 1193 2655 sed
1219 2627 1258 2655 ut
1288 2621 1326 2655 in
1354 2621 1618 2667 tempestatibus

931 2673 1032 2716 solet,
1045 2685 1154 2718 quum
1172 2674 1396 2720 naufragium
1410 2674 1541 2709 sactum
1551 2681 1615 2718 est,

933 2739 968 2761 se
995 2725 1119 2760 luctari
1143 2738 1225 2760 cum
1250 2738 1361 2772 aqua,
1386 2733 1425 2761 ut
1444 2728 1620 2775 naufragis

935 2778 1076 2813 evenire
1095 2778 1298 2823 consuevit,
1317 2778 1376 2824 qui
1393 2791 1616 2827 quocumque

935 2830 1045 2866 modo
1057 2835 1176 2869 natare
1192 2830 1368 2868 dicuntur.
1390 2832 1521 2869 Bunm,

1350 2910 1406 2937 22
